timestamp,collected_at,seconds,up_mid,up_best_bid,up_best_ask,down_mid,down_best_bid,down_best_ask,up_best_bid_size,up_best_ask_size,down_best_bid_size,down_best_ask_size,up_bid_2,up_bid_2_size,up_ask_2,up_ask_2_size,up_bid_3,up_bid_3_size,up_ask_3,up_ask_3_size,up_bid_4,up_bid_4_size,up_ask_4,up_ask_4_size,up_bid_5,up_bid_5_size,up_ask_5,up_ask_5_size,up_bid_6,up_bid_6_size,up_ask_6,up_ask_6_size,down_bid_2,down_bid_2_size,down_ask_2,down_ask_2_size,down_bid_3,down_bid_3_size,down_ask_3,down_ask_3_size,down_bid_4,down_bid_4_size,down_ask_4,down_ask_4_size,down_bid_5,down_bid_5_size,down_ask_5,down_ask_5_size,down_bid_6,down_bid_6_size,down_ask_6,down_ask_6_size
2026-01-07 06:15:00.494000+00:00,2026-01-07 06:14:58.229921+00:00,0.494,0.99,0.99,,0.01,,0.01,14401.34,,,192956.34,0.98,665.41,,,0.97,215.78,,,0.96,174.8,,,0.95,791.0,,,0.94,236.42,,,,,0.02,665.41,,,0.03,215.78,,,0.04,174.8,,,0.05,791.0,,,0.06,236.42
2026-01-07 06:15:01.702000+00:00,2026-01-07 06:14:59.236776+00:00,1.702,0.99,0.99,,0.01,,0.01,221602.54,,,221602.54,0.98,665.41,,,0.97,94.0,,,0.96,174.8,,,0.95,691.0,,,0.94,236.42,,,,,0.02,665.41,,,0.03,94.0,,,0.04,174.8,,,0.05,691.0,,,0.06,236.42
2026-01-07 06:15:02.857000+00:00,2026-01-07 06:15:00.263341+00:00,2.857,0.555,0.55,0.56,0.445,0.44,0.45,112.41,3.0,3.0,92.41,0.54,5.0,0.57,127.0,0.53,109.31,0.58,122.0,0.52,342.07,0.59,243.0,0.51,465.06,0.6,288.68,0.5,786.5,0.61,248.0,0.43,183.0,0.46,5.0,0.42,183.0,0.47,231.31,0.41,304.0,0.48,524.07,0.4,349.68,0.49,647.06,0.39,309.0,0.5,847.5
2026-01-07 06:15:03.817000+00:00,2026-01-07 06:15:01.265994+00:00,3.817,0.555,0.55,0.56,0.425,0.42,0.43,404.0,48.0,56.0,80.0,0.54,318.0,0.57,9.0,0.53,471.94,0.58,26.0,0.52,524.07,0.6,50.68,0.51,647.06,0.61,188.0,0.5,897.5,0.62,304.0,0.4,50.68,0.44,157.0,0.39,188.0,0.45,384.0,0.38,304.0,0.46,318.0,0.37,304.0,0.47,471.94,0.36,304.0,0.48,524.07
2026-01-07 06:15:04.808000+00:00,2026-01-07 06:15:02.272488+00:00,4.808,0.575,0.57,0.58,0.425,0.42,0.43,91.0,71.0,71.0,91.0,0.56,248.0,0.59,14.0,0.55,319.0,0.6,60.68,0.54,324.0,0.61,188.0,0.53,465.94,0.62,304.0,0.52,524.07,0.63,304.0,0.41,24.0,0.44,248.0,0.4,55.68,0.45,319.0,0.39,5.0,0.46,324.0,0.38,183.0,0.47,465.94,0.37,304.0,0.48,524.07
2026-01-07 06:15:05.832000+00:00,2026-01-07 06:15:03.292997+00:00,5.832,0.575,0.57,0.58,0.425,0.42,0.43,92.0,91.0,91.0,92.0,0.56,248.0,0.59,24.0,0.55,319.0,0.6,61.68,0.54,324.0,0.61,5.0,0.53,465.94,0.62,183.0,0.52,524.07,0.63,304.0,0.41,24.0,0.44,248.0,0.4,61.68,0.45,319.0,0.39,5.0,0.46,324.0,0.38,183.0,0.47,465.94,0.37,304.0,0.48,524.07
2026-01-07 06:15:06.893000+00:00,2026-01-07 06:15:04.299396+00:00,6.893,0.575,0.57,0.58,0.425,0.42,0.43,83.0,239.0,295.0,37.0,0.56,183.0,0.59,146.0,0.55,354.0,0.6,304.68,0.54,339.0,0.61,248.0,0.53,480.94,0.62,304.0,0.52,524.07,0.63,304.0,0.41,207.0,0.45,65.0,0.4,365.68,0.46,35.0,0.39,309.0,0.47,359.94,0.38,304.0,0.48,524.07,0.37,304.0,0.49,681.23
2026-01-07 06:15:07.926000+00:00,2026-01-07 06:15:05.325025+00:00,7.926,0.555,0.55,0.56,0.445,0.44,0.45,134.0,19.0,30.0,127.0,0.54,50.0,0.58,258.0,0.53,379.94,0.59,213.0,0.52,524.07,0.6,365.68,0.51,681.23,0.61,344.0,0.5,847.5,0.62,339.0,0.43,5.0,0.46,56.0,0.42,258.0,0.47,379.94,0.41,213.0,0.48,524.07,0.4,359.68,0.49,681.23,0.39,344.0,0.5,847.5
2026-01-07 06:15:08.875000+00:00,2026-01-07 06:15:06.331766+00:00,8.875,0.555,0.55,0.56,0.445,0.44,0.45,135.0,45.84,34.84,135.0,0.54,66.0,0.57,7.0,0.53,379.94,0.58,293.0,0.52,559.07,0.59,223.0,0.51,716.23,0.6,394.68,0.5,897.5,0.61,344.0,0.43,7.0,0.46,75.0,0.42,293.0,0.47,379.94,0.41,223.0,0.48,559.07,0.4,394.68,0.49,716.23,0.39,344.0,0.5,897.5
2026-01-07 06:15:09.950000+00:00,2026-01-07 06:15:07.353870+00:00,9.95,0.555,0.55,0.56,0.445,0.44,0.45,277.0,24.84,24.84,289.0,0.54,246.0,0.57,16.0,0.53,576.94,0.58,265.0,0.52,629.07,0.59,233.0,0.51,835.23,0.6,454.68,0.5,917.5,0.61,414.0,0.43,28.0,0.46,318.0,0.42,337.0,0.47,588.94,0.41,245.0,0.48,629.07,0.4,454.68,0.49,835.23,0.39,414.0,0.5,917.5
2026-01-07 06:15:10.956000+00:00,2026-01-07 06:15:08.358578+00:00,10.956,0.575,0.57,0.58,0.415,0.41,0.42,195.0,30.0,77.0,31.0,0.56,334.0,0.59,62.0,0.55,402.0,0.6,105.68,0.54,466.0,0.61,85.0,0.53,541.94,0.62,105.0,0.52,594.07,0.63,288.0,0.4,105.68,0.43,190.0,0.39,85.0,0.44,334.0,0.38,105.0,0.45,402.0,0.37,288.0,0.46,466.0,0.36,409.0,0.47,541.94
2026-01-07 06:15:11.912000+00:00,2026-01-07 06:15:09.363276+00:00,11.912,0.575,0.57,0.58,0.425,0.42,0.43,19.0,126.0,141.0,19.0,0.56,5.0,0.59,269.0,0.55,83.0,0.6,343.68,0.54,320.0,0.61,414.0,0.53,521.94,0.62,409.0,0.52,644.07,0.63,374.0,0.41,318.0,0.44,5.0,0.4,343.68,0.45,35.0,0.39,414.0,0.46,80.0,0.38,409.0,0.47,400.94,0.37,374.0,0.48,644.07
2026-01-07 06:15:12.943000+00:00,2026-01-07 06:15:10.384089+00:00,12.943,0.545,0.54,0.55,0.455,0.45,0.46,130.0,35.0,28.0,118.0,0.53,242.94,0.56,258.0,0.52,255.07,0.57,248.0,0.51,570.23,0.58,416.0,0.5,887.5,0.59,472.0,0.49,864.0,0.6,453.68,0.44,258.0,0.47,282.94,0.43,248.0,0.48,230.07,0.42,416.0,0.49,595.23,0.41,472.0,0.5,887.5,0.4,453.68,0.51,864.0
2026-01-07 06:15:13.942000+00:00,2026-01-07 06:15:11.376106+00:00,13.942,0.555,0.55,0.56,0.44,0.43,0.45,168.0,183.0,100.0,168.0,0.54,103.0,0.57,283.0,0.53,348.94,0.58,414.0,0.52,473.07,0.59,487.0,0.51,716.23,0.6,530.68,0.5,887.5,0.61,426.0,0.42,110.0,0.46,98.0,0.41,366.0,0.47,409.94,0.4,530.68,0.48,534.07,0.39,426.0,0.49,716.23,0.38,379.0,0.5,887.5
2026-01-07 06:15:14.972000+00:00,2026-01-07 06:15:12.381003+00:00,14.972,0.555,0.55,0.56,0.445,0.44,0.45,25.0,95.0,145.0,25.0,0.54,356.0,0.57,167.0,0.53,571.94,0.58,167.0,0.52,609.07,0.59,285.0,0.51,786.23,0.6,395.68,0.5,917.5,0.61,391.0,0.43,162.0,0.46,334.0,0.42,214.0,0.47,560.94,0.41,344.0,0.48,619.07,0.4,430.68,0.49,786.23,0.39,455.0,0.5,952.5
2026-01-07 06:15:15.975000+00:00,2026-01-07 06:15:13.401138+00:00,15.975,0.555,0.55,0.56,0.445,0.44,0.45,3.88,117.0,162.0,3.88,0.54,84.0,0.57,262.0,0.53,316.94,0.58,284.0,0.52,257.07,0.59,475.0,0.51,665.23,0.6,476.68,0.5,952.5,0.61,443.0,0.43,262.0,0.46,19.0,0.42,296.0,0.47,279.94,0.41,439.0,0.48,305.07,0.4,464.68,0.49,665.23,0.39,443.0,0.5,952.5
2026-01-07 06:15:16.970000+00:00,2026-01-07 06:15:14.408317+00:00,16.97,0.545,0.54,0.55,0.455,0.45,0.46,14.0,130.01,130.01,25.0,0.53,237.94,0.56,286.0,0.52,345.07,0.57,359.0,0.51,438.23,0.58,475.0,0.5,761.5,0.59,451.0,0.49,924.6,0.6,429.68,0.44,272.0,0.47,237.94,0.43,359.0,0.48,345.07,0.42,475.0,0.49,438.23,0.41,451.0,0.5,761.5,0.4,429.68,0.51,924.6
2026-01-07 06:15:17.992000+00:00,2026-01-07 06:15:15.412899+00:00,17.992,0.545,0.54,0.55,0.455,0.45,0.46,16.0,297.0,297.0,16.0,0.53,362.94,0.56,208.0,0.52,272.07,0.57,315.21,0.51,549.23,0.58,463.0,0.5,761.5,0.59,487.0,0.49,924.6,0.6,441.68,0.44,208.0,0.47,362.94,0.43,315.21,0.48,272.07,0.42,463.0,0.49,549.23,0.41,487.0,0.5,761.5,0.4,441.68,0.51,924.6
2026-01-07 06:15:18.750000+00:00,2026-01-07 06:15:16.431250+00:00,18.75,0.545,0.54,0.55,0.455,0.45,0.46,16.0,188.0,188.0,16.0,0.53,356.94,0.56,86.0,0.52,277.07,0.57,315.21,0.51,680.23,0.58,463.0,0.5,831.5,0.59,487.0,0.49,924.6,0.6,441.68,0.44,71.0,0.47,356.94,0.43,330.21,0.48,292.07,0.42,463.0,0.49,665.23,0.41,487.0,0.5,831.5,0.4,441.68,0.51,924.6
2026-01-07 06:15:19.967000+00:00,2026-01-07 06:15:17.436936+00:00,19.967,0.545,0.54,0.55,0.455,0.45,0.46,220.0,68.0,79.0,220.0,0.53,241.95,0.56,132.0,0.52,360.07,0.57,182.21,0.51,665.23,0.58,441.0,0.5,831.5,0.59,463.0,0.49,889.6,0.6,512.68,0.44,67.0,0.47,241.95,0.43,217.21,0.48,360.07,0.42,441.0,0.49,665.23,0.41,451.0,0.5,831.5,0.4,512.68,0.51,889.6
2026-01-07 06:15:20.943000+00:00,2026-01-07 06:15:18.444801+00:00,20.943,0.545,0.54,0.55,0.455,0.45,0.46,237.0,72.0,72.0,237.0,0.53,229.95,0.56,132.0,0.52,360.07,0.57,187.21,0.51,665.23,0.58,429.0,0.5,831.5,0.59,451.0,0.49,889.6,0.6,536.68,0.44,132.0,0.47,229.95,0.43,187.21,0.48,360.07,0.42,429.0,0.49,665.23,0.41,451.0,0.5,831.5,0.4,536.68,0.51,889.6
2026-01-07 06:15:22.914000+00:00,2026-01-07 06:15:20.455253+00:00,22.914,0.545,0.54,0.55,0.455,0.45,0.46,132.08,3.0,3.0,129.05,0.53,274.95,0.56,71.0,0.52,387.07,0.57,214.21,0.51,665.23,0.58,438.0,0.5,831.5,0.59,487.0,0.49,889.6,0.6,484.18,0.44,71.0,0.47,274.95,0.43,214.21,0.48,387.07,0.42,438.0,0.49,665.23,0.41,487.0,0.5,831.5,0.4,484.18,0.51,889.6
2026-01-07 06:15:23.689000+00:00,2026-01-07 06:15:21.476728+00:00,23.689,0.545,0.54,0.55,0.455,0.45,0.46,116.13,3.0,3.0,116.13,0.53,274.95,0.56,71.0,0.52,387.07,0.57,214.21,0.51,665.23,0.58,438.0,0.5,831.5,0.59,487.0,0.49,889.6,0.6,484.18,0.44,71.0,0.47,274.95,0.43,214.21,0.48,387.07,0.42,438.0,0.49,665.23,0.41,487.0,0.5,831.5,0.4,484.18,0.51,889.6
2026-01-07 06:15:24.989000+00:00,2026-01-07 06:15:22.483268+00:00,24.989,0.545,0.54,0.55,0.455,0.45,0.46,113.17,3.0,38.0,75.0,0.53,274.95,0.56,71.0,0.52,387.07,0.57,214.21,0.51,665.23,0.58,438.0,0.5,831.5,0.59,487.0,0.49,889.6,0.6,484.18,0.44,36.0,0.47,289.95,0.43,214.21,0.48,387.07,0.42,438.0,0.49,665.23,0.41,487.0,0.5,831.5,0.4,484.18,0.51,889.6
2026-01-07 06:15:26.019000+00:00,2026-01-07 06:15:23.491138+00:00,26.019,0.545,0.54,0.55,0.455,0.45,0.46,167.0,3.0,3.0,167.0,0.53,289.95,0.56,71.0,0.52,360.07,0.57,214.21,0.51,665.23,0.58,426.0,0.5,831.5,0.59,499.0,0.49,889.6,0.6,484.18,0.44,71.0,0.47,283.95,0.43,214.21,0.48,360.07,0.42,426.0,0.49,665.23,0.41,499.0,0.5,831.5,0.4,484.18,0.51,889.6
2026-01-07 06:15:27.089000+00:00,2026-01-07 06:15:24.498317+00:00,27.089,0.545,0.54,0.55,0.455,0.45,0.46,162.0,3.0,3.0,162.0,0.53,279.95,0.56,71.0,0.52,375.07,0.57,214.21,0.51,665.23,0.58,426.0,0.5,831.5,0.59,499.0,0.49,889.6,0.6,484.18,0.44,71.0,0.47,279.95,0.43,214.21,0.48,375.07,0.42,426.0,0.49,665.23,0.41,499.0,0.5,831.5,0.4,484.18,0.51,889.6
2026-01-07 06:15:28.037000+00:00,2026-01-07 06:15:25.503163+00:00,28.037,0.545,0.54,0.55,0.45,0.44,0.46,160.0,3.0,71.0,160.0,0.53,294.95,0.56,71.0,0.52,360.07,0.57,199.21,0.51,665.23,0.58,441.0,0.5,831.5,0.59,499.0,0.49,889.6,0.6,484.18,0.43,199.21,0.47,294.95,0.42,441.0,0.48,360.07,0.41,499.0,0.49,665.23,0.4,484.18,0.5,831.5,0.39,419.0,0.51,889.6
2026-01-07 06:15:29.101000+00:00,2026-01-07 06:15:26.511024+00:00,29.101,0.55,0.54,0.56,0.45,0.44,0.46,203.0,65.0,71.0,225.55,0.53,450.95,0.57,199.21,0.52,482.07,0.58,429.0,0.51,786.23,0.59,499.0,0.5,952.5,0.6,484.18,0.49,889.6,0.61,426.0,0.43,194.21,0.47,450.95,0.42,429.0,0.48,482.07,0.41,499.0,0.49,1010.23,0.4,484.18,0.5,952.5,0.39,426.0,0.51,889.6
2026-01-07 06:15:30.135000+00:00,2026-01-07 06:15:27.515326+00:00,30.135,0.555,0.55,0.56,0.445,0.44,0.45,80.0,82.0,117.0,51.0,0.54,109.55,0.57,147.0,0.53,491.95,0.58,298.0,0.52,679.07,0.59,439.0,0.51,786.23,0.6,447.18,0.5,917.5,0.61,414.0,0.43,139.0,0.46,32.55,0.42,283.0,0.47,473.95,0.41,439.0,0.48,699.07,0.4,447.18,0.49,801.23,0.39,414.0,0.5,917.5
2026-01-07 06:15:31.119000+00:00,2026-01-07 06:15:28.523669+00:00,31.119,0.545,0.54,0.55,0.455,0.45,0.46,28.55,271.0,332.0,28.55,0.53,178.95,0.56,676.0,0.52,285.07,0.57,463.0,0.51,514.23,0.58,444.0,0.5,763.5,0.59,451.0,0.49,939.6,0.6,437.18,0.44,676.0,0.47,183.95,0.43,463.0,0.48,285.07,0.42,444.0,0.49,514.23,0.41,451.0,0.5,580.5,0.4,437.18,0.51,818.6
2026-01-07 06:15:32.995000+00:00,2026-01-07 06:15:30.521713+00:00,32.995,0.535,0.53,0.54,0.46499999999999997,0.46,0.47,255.89,13.0,15.0,255.89,0.52,513.07,0.55,99.45,0.51,675.23,0.56,264.0,0.5,1176.5,0.57,257.0,0.49,924.6,0.58,463.0,0.48,788.1,0.59,475.0,0.45,99.45,0.48,513.07,0.44,264.0,0.49,675.23,0.43,257.0,0.5,1176.5,0.42,463.0,0.51,924.6,0.41,475.0,0.52,788.1
2026-01-07 06:15:33.904000+00:00,2026-01-07 06:15:31.529875+00:00,33.904,0.535,0.53,0.54,0.46499999999999997,0.46,0.47,255.89,14.0,14.0,250.89,0.52,498.07,0.55,106.45,0.51,690.23,0.56,297.0,0.5,1176.5,0.57,230.0,0.49,924.6,0.58,487.0,0.48,788.1,0.59,451.0,0.45,106.45,0.48,503.07,0.44,297.0,0.49,690.23,0.43,230.0,0.5,1176.5,0.42,487.0,0.51,924.6,0.41,451.0,0.52,788.1
2026-01-07 06:15:35.140000+00:00,2026-01-07 06:15:32.534515+00:00,35.14,0.535,0.53,0.54,0.46499999999999997,0.46,0.47,247.89,14.0,14.0,259.89,0.52,501.07,0.55,41.45,0.51,675.23,0.56,379.98,0.5,1176.5,0.57,315.0,0.49,924.6,0.58,451.0,0.48,788.1,0.59,439.0,0.45,41.45,0.48,489.07,0.44,367.98,0.49,675.23,0.43,315.0,0.5,1176.5,0.42,466.0,0.51,924.6,0.41,487.0,0.52,788.1
2026-01-07 06:15:36.988000+00:00,2026-01-07 06:15:34.545032+00:00,36.988,0.535,0.53,0.54,0.46499999999999997,0.46,0.47,482.89,14.0,14.0,482.89,0.52,531.07,0.55,7.0,0.51,821.23,0.56,6.0,0.5,952.5,0.57,89.0,0.49,924.6,0.58,162.0,0.48,758.1,0.59,305.0,0.45,7.0,0.48,531.07,0.44,6.0,0.49,821.23,0.43,89.0,0.5,952.5,0.42,162.0,0.51,924.6,0.41,305.0,0.52,758.1
2026-01-07 06:15:38.072000+00:00,2026-01-07 06:15:35.553610+00:00,38.072,0.535,0.53,0.54,0.46499999999999997,0.46,0.47,494.89,14.0,14.0,494.89,0.52,531.07,0.55,7.0,0.51,821.23,0.56,6.0,0.5,952.5,0.57,89.0,0.49,924.6,0.58,162.0,0.48,758.1,0.59,317.0,0.45,7.0,0.48,543.07,0.44,6.0,0.49,821.23,0.43,89.0,0.5,952.5,0.42,162.0,0.51,924.6,0.41,293.0,0.52,758.1
2026-01-07 06:15:39.096000+00:00,2026-01-07 06:15:36.574890+00:00,39.096,0.535,0.53,0.54,0.46499999999999997,0.46,0.47,494.89,4.0,4.0,479.89,0.52,561.07,0.55,7.0,0.51,821.23,0.56,88.0,0.5,952.5,0.57,159.0,0.49,924.6,0.58,186.0,0.48,758.1,0.59,317.0,0.45,7.0,0.48,561.07,0.44,130.98,0.49,821.23,0.43,124.0,0.5,952.5,0.42,186.0,0.51,924.6,0.41,317.0,0.52,758.1
2026-01-07 06:15:40.168000+00:00,2026-01-07 06:15:37.582283+00:00,40.168,0.555,0.55,0.56,0.445,0.44,0.45,40.0,75.98,75.98,40.0,0.54,90.0,0.57,124.0,0.53,431.88,0.58,186.0,0.52,828.07,0.59,317.0,0.51,816.23,0.6,477.18,0.5,917.5,0.61,478.0,0.43,124.0,0.46,90.0,0.42,186.0,0.47,431.88,0.41,317.0,0.48,828.07,0.4,477.18,0.49,816.23,0.39,478.0,0.5,917.5
2026-01-07 06:15:41.153000+00:00,2026-01-07 06:15:38.603206+00:00,41.153,0.555,0.55,0.56,0.445,0.44,0.45,63.0,66.98,66.98,63.0,0.54,174.0,0.57,105.0,0.53,400.88,0.58,179.0,0.52,762.07,0.59,317.0,0.51,816.23,0.6,508.18,0.5,917.5,0.61,490.0,0.43,105.0,0.46,174.0,0.42,179.0,0.47,400.88,0.41,317.0,0.48,762.07,0.4,508.18,0.49,816.23,0.39,490.0,0.5,917.5
2026-01-07 06:15:42.085000+00:00,2026-01-07 06:15:39.608044+00:00,42.085,0.555,0.55,0.56,0.445,0.44,0.45,63.0,66.98,66.98,63.0,0.54,174.0,0.57,105.0,0.53,400.88,0.58,179.0,0.52,762.07,0.59,317.0,0.51,816.23,0.6,508.18,0.5,917.5,0.61,426.0,0.43,105.0,0.46,174.0,0.42,179.0,0.47,400.88,0.41,317.0,0.48,762.07,0.4,508.18,0.49,816.23,0.39,426.0,0.5,917.5
2026-01-07 06:15:43.210000+00:00,2026-01-07 06:15:40.613510+00:00,43.21,0.555,0.55,0.56,0.445,0.44,0.45,150.01,9.0,51.98,93.0,0.54,124.0,0.57,140.0,0.53,400.88,0.58,403.0,0.52,762.07,0.59,317.0,0.51,816.23,0.6,508.18,0.5,917.5,0.61,426.0,0.43,105.0,0.46,174.0,0.42,403.0,0.47,400.88,0.41,317.0,0.48,762.07,0.4,508.18,0.49,816.23,0.39,426.0,0.5,917.5
2026-01-07 06:15:44.092000+00:00,2026-01-07 06:15:41.618055+00:00,44.092,0.555,0.55,0.56,0.445,0.44,0.45,63.0,63.62,5.64,135.01,0.54,357.0,0.57,105.0,0.53,470.88,0.58,403.0,0.52,883.07,0.59,134.0,0.51,816.23,0.6,392.18,0.5,917.5,0.61,426.0,0.43,140.0,0.46,307.0,0.42,403.0,0.47,470.88,0.41,134.0,0.48,883.07,0.4,392.18,0.49,816.23,0.39,426.0,0.5,917.5
2026-01-07 06:15:45.111000+00:00,2026-01-07 06:15:42.622899+00:00,45.111,0.555,0.55,0.56,0.445,0.44,0.45,63.0,61.54,61.54,63.0,0.54,357.0,0.57,105.0,0.53,470.88,0.58,403.0,0.52,883.07,0.59,134.0,0.51,816.23,0.6,392.18,0.5,917.5,0.61,426.0,0.43,105.0,0.46,357.0,0.42,403.0,0.47,470.88,0.41,134.0,0.48,883.07,0.4,392.18,0.49,816.23,0.39,426.0,0.5,917.5
2026-01-07 06:15:46.832000+00:00,2026-01-07 06:15:44.633053+00:00,46.832,0.555,0.55,0.56,0.445,0.44,0.45,63.0,61.54,59.75,63.0,0.54,357.0,0.57,105.0,0.53,470.88,0.58,403.0,0.52,883.07,0.59,134.0,0.51,816.23,0.6,387.18,0.5,917.5,0.61,426.0,0.43,105.0,0.46,357.0,0.42,403.0,0.47,470.88,0.41,134.0,0.48,883.07,0.4,399.18,0.49,816.23,0.39,414.0,0.5,917.5
2026-01-07 06:15:48.132000+00:00,2026-01-07 06:15:45.653802+00:00,48.132,0.555,0.55,0.56,0.445,0.44,0.45,63.0,59.75,59.75,63.0,0.54,357.0,0.57,152.0,0.53,470.88,0.58,366.0,0.52,883.07,0.59,159.0,0.51,816.23,0.6,399.18,0.5,917.5,0.61,414.0,0.43,152.0,0.46,357.0,0.42,366.0,0.47,470.88,0.41,159.0,0.48,883.07,0.4,399.18,0.49,816.23,0.39,414.0,0.5,917.5
2026-01-07 06:15:49.239000+00:00,2026-01-07 06:15:46.661789+00:00,49.239,0.555,0.55,0.56,0.445,0.44,0.45,71.0,59.75,59.75,71.0,0.54,357.0,0.57,147.0,0.53,470.88,0.58,366.0,0.52,883.07,0.59,159.0,0.51,816.23,0.6,399.18,0.5,922.5,0.61,414.0,0.43,147.0,0.46,357.0,0.42,366.0,0.47,470.88,0.41,159.0,0.48,883.07,0.4,399.18,0.49,816.23,0.39,414.0,0.5,922.5
2026-01-07 06:15:50.164000+00:00,2026-01-07 06:15:47.669930+00:00,50.164,0.555,0.55,0.56,0.445,0.44,0.45,63.0,59.75,59.75,63.0,0.54,357.0,0.57,152.0,0.53,470.88,0.58,366.0,0.52,883.07,0.59,159.0,0.51,816.23,0.6,399.18,0.5,917.5,0.61,414.0,0.43,152.0,0.46,357.0,0.42,366.0,0.47,470.88,0.41,159.0,0.48,883.07,0.4,399.18,0.49,816.23,0.39,414.0,0.5,917.5
2026-01-07 06:15:51.916000+00:00,2026-01-07 06:15:49.679856+00:00,51.916,0.555,0.55,0.56,0.445,0.44,0.45,63.0,59.75,59.75,63.0,0.54,357.0,0.57,132.0,0.53,455.88,0.58,152.0,0.52,898.07,0.59,134.0,0.51,816.23,0.6,399.18,0.5,917.5,0.61,414.0,0.43,105.0,0.46,357.0,0.42,167.0,0.47,470.88,0.41,134.0,0.48,883.07,0.4,387.18,0.49,816.23,0.39,414.0,0.5,917.5
2026-01-07 06:15:53.223000+00:00,2026-01-07 06:15:50.669435+00:00,53.223,0.555,0.55,0.56,0.445,0.44,0.45,63.0,50.75,59.75,63.0,0.54,174.0,0.57,140.0,0.53,470.88,0.58,154.0,0.52,883.07,0.59,342.0,0.51,816.23,0.6,508.18,0.5,922.5,0.61,426.0,0.43,140.0,0.46,174.0,0.42,154.0,0.47,470.88,0.41,342.0,0.48,883.07,0.4,508.18,0.49,816.23,0.39,426.0,0.5,922.5
2026-01-07 06:15:54.242000+00:00,2026-01-07 06:15:51.679459+00:00,54.242,0.555,0.55,0.56,0.445,0.44,0.45,150.01,9.0,9.0,150.01,0.54,307.0,0.57,175.0,0.53,470.88,0.58,154.0,0.52,883.07,0.59,342.0,0.51,816.23,0.6,508.18,0.5,922.5,0.61,426.0,0.43,140.0,0.46,307.0,0.42,179.0,0.47,470.88,0.41,317.0,0.48,883.07,0.4,508.18,0.49,816.23,0.39,426.0,0.5,917.5
2026-01-07 06:15:55.266000+00:00,2026-01-07 06:15:52.683878+00:00,55.266,0.555,0.55,0.56,0.445,0.44,0.45,146.01,9.0,9.0,206.01,0.54,322.0,0.57,364.0,0.53,455.88,0.58,164.0,0.52,883.07,0.59,332.0,0.51,816.23,0.6,508.18,0.5,917.5,0.61,426.0,0.43,364.0,0.46,250.0,0.42,140.0,0.47,443.88,0.41,149.0,0.48,883.07,0.4,375.18,0.49,816.23,0.39,450.0,0.5,917.5
2026-01-07 06:15:56.262000+00:00,2026-01-07 06:15:53.691414+00:00,56.262,0.555,0.55,0.56,0.445,0.44,0.45,207.01,9.0,9.0,157.01,0.54,250.0,0.57,364.0,0.53,443.88,0.58,140.0,0.52,883.07,0.59,149.0,0.51,816.23,0.6,375.18,0.5,967.5,0.61,438.0,0.43,364.0,0.46,310.0,0.42,164.0,0.47,455.88,0.41,149.0,0.48,883.07,0.4,387.18,0.49,816.23,0.39,426.0,0.5,967.5
2026-01-07 06:15:57.216000+00:00,2026-01-07 06:15:54.698633+00:00,57.216,0.555,0.55,0.56,0.445,0.44,0.45,364.01,9.0,9.0,369.01,0.54,380.0,0.57,364.0,0.53,455.88,0.58,164.0,0.52,883.07,0.59,149.0,0.51,816.23,0.6,387.18,0.5,917.5,0.61,426.0,0.43,364.0,0.46,380.0,0.42,164.0,0.47,455.88,0.41,149.0,0.48,883.07,0.4,387.18,0.49,816.23,0.39,426.0,0.5,967.5
2026-01-07 06:15:58.156000+00:00,2026-01-07 06:15:55.705380+00:00,58.156,0.555,0.55,0.56,0.445,0.44,0.45,363.01,27.0,27.0,363.01,0.54,380.0,0.57,364.0,0.53,473.88,0.58,159.0,0.52,883.07,0.59,149.0,0.51,816.23,0.6,387.18,0.5,972.5,0.61,426.0,0.43,364.0,0.46,380.0,0.42,164.0,0.47,473.88,0.41,149.0,0.48,883.07,0.4,387.18,0.49,816.23,0.39,426.0,0.5,972.5
2026-01-07 06:15:59.262000+00:00,2026-01-07 06:15:56.712296+00:00,59.262,0.555,0.55,0.56,0.445,0.44,0.45,241.0,80.98,89.98,241.0,0.54,343.0,0.57,356.0,0.53,503.88,0.58,164.0,0.52,952.07,0.59,146.0,0.51,816.23,0.6,363.18,0.5,917.5,0.61,478.0,0.43,356.0,0.46,343.0,0.42,164.0,0.47,503.88,0.41,146.0,0.48,952.07,0.4,363.18,0.49,816.23,0.39,478.0,0.5,917.5
2026-01-07 06:16:00.285000+00:00,2026-01-07 06:15:57.718667+00:00,60.285,0.555,0.55,0.56,0.445,0.44,0.45,246.0,97.0,97.0,246.0,0.54,403.0,0.57,341.0,0.53,512.88,0.58,167.0,0.52,883.07,0.59,158.0,0.51,816.23,0.6,375.18,0.5,917.5,0.61,414.0,0.43,341.0,0.46,403.0,0.42,167.0,0.47,512.88,0.41,158.0,0.48,883.07,0.4,375.18,0.49,816.23,0.39,414.0,0.5,917.5
2026-01-07 06:16:01.314000+00:00,2026-01-07 06:15:58.725875+00:00,61.314,0.555,0.55,0.56,0.445,0.44,0.45,241.0,92.0,92.0,261.0,0.54,348.0,0.57,353.0,0.53,560.88,0.58,179.0,0.52,895.07,0.59,146.0,0.51,816.23,0.6,363.18,0.5,917.5,0.61,414.0,0.43,353.0,0.46,348.0,0.42,199.0,0.47,560.88,0.41,146.0,0.48,895.07,0.4,363.18,0.49,816.23,0.39,414.0,0.5,917.5
2026-01-07 06:16:02.183000+00:00,2026-01-07 06:15:59.731661+00:00,62.183,0.555,0.55,0.56,0.445,0.44,0.45,261.0,97.0,94.64,261.0,0.54,348.0,0.57,353.0,0.53,560.88,0.58,199.0,0.52,895.07,0.59,146.0,0.51,816.23,0.6,363.18,0.5,922.5,0.61,414.0,0.43,353.0,0.46,348.0,0.42,187.0,0.47,524.88,0.41,146.0,0.48,895.07,0.4,363.18,0.49,816.23,0.39,414.0,0.5,922.5
2026-01-07 06:16:03.361000+00:00,2026-01-07 06:16:00.742127+00:00,63.361,0.555,0.55,0.56,0.445,0.44,0.45,261.0,109.64,178.64,226.0,0.54,287.0,0.57,341.0,0.53,570.88,0.58,172.0,0.52,901.07,0.59,158.0,0.51,831.23,0.6,363.18,0.5,922.5,0.61,478.0,0.43,475.0,0.46,183.0,0.42,283.0,0.47,395.88,0.41,355.0,0.48,1005.07,0.4,472.18,0.49,861.23,0.39,379.0,0.5,917.5
2026-01-07 06:16:04.310000+00:00,2026-01-07 06:16:01.751847+00:00,64.31,0.545,0.54,0.55,0.455,0.45,0.46,51.0,68.0,83.0,57.0,0.53,297.88,0.56,52.28,0.52,867.07,0.57,574.0,0.51,707.23,0.58,366.0,0.5,952.5,0.59,451.0,0.49,889.6,0.6,535.18,0.44,67.28,0.47,297.88,0.43,559.0,0.48,852.07,0.42,366.0,0.49,722.23,0.41,451.0,0.5,952.5,0.4,535.18,0.51,889.6
2026-01-07 06:16:05.174000+00:00,2026-01-07 06:16:02.775091+00:00,65.174,0.545,0.54,0.55,0.455,0.45,0.46,102.0,83.0,113.0,95.0,0.53,350.88,0.56,45.28,0.52,807.07,0.57,586.0,0.51,695.23,0.58,325.0,0.5,952.5,0.59,487.0,0.49,889.6,0.6,547.18,0.44,60.28,0.47,345.88,0.43,571.0,0.48,774.07,0.42,325.0,0.49,728.23,0.41,487.0,0.5,952.5,0.4,535.18,0.51,868.6
2026-01-07 06:16:06.384000+00:00,2026-01-07 06:16:03.780833+00:00,66.384,0.545,0.54,0.55,0.455,0.45,0.46,48.0,48.0,101.0,83.0,0.53,370.88,0.56,95.28,0.52,773.07,0.57,546.0,0.51,728.23,0.58,386.0,0.5,952.5,0.59,524.0,0.49,903.6,0.6,472.18,0.44,95.28,0.47,345.88,0.43,546.0,0.48,798.07,0.42,386.0,0.49,728.23,0.41,524.0,0.5,952.5,0.4,472.18,0.51,868.6
2026-01-07 06:16:07.293000+00:00,2026-01-07 06:16:04.787810+00:00,67.293,0.545,0.54,0.55,0.455,0.45,0.46,83.0,81.36,63.65,119.0,0.53,309.88,0.56,80.28,0.52,807.07,0.57,549.0,0.51,695.23,0.58,338.0,0.5,957.5,0.59,536.0,0.49,868.6,0.6,484.18,0.44,80.28,0.47,333.88,0.43,549.0,0.48,807.07,0.42,350.0,0.49,695.23,0.41,560.0,0.5,957.5,0.4,484.18,0.51,868.6
2026-01-07 06:16:08.260000+00:00,2026-01-07 06:16:05.795775+00:00,68.26,0.545,0.54,0.55,0.455,0.45,0.46,206.0,427.0,427.0,206.0,0.53,288.88,0.56,100.28,0.52,795.07,0.57,549.0,0.51,695.23,0.58,350.0,0.5,957.5,0.59,499.0,0.49,868.6,0.6,547.18,0.44,100.28,0.47,288.88,0.43,549.0,0.48,795.07,0.42,350.0,0.49,695.23,0.41,499.0,0.5,952.5,0.4,547.18,0.51,868.6
2026-01-07 06:16:09.289000+00:00,2026-01-07 06:16:06.791229+00:00,69.289,0.545,0.54,0.55,0.455,0.45,0.46,208.0,409.0,409.0,208.0,0.53,334.88,0.56,68.28,0.52,737.07,0.57,542.0,0.51,695.23,0.58,377.0,0.5,952.5,0.59,463.0,0.49,903.6,0.6,508.18,0.44,68.28,0.47,334.88,0.43,542.0,0.48,737.07,0.42,377.0,0.49,695.23,0.41,463.0,0.5,952.5,0.4,508.18,0.51,903.6
2026-01-07 06:16:10.391000+00:00,2026-01-07 06:16:07.797899+00:00,70.391,0.545,0.54,0.55,0.455,0.45,0.46,123.0,409.0,409.0,123.0,0.53,310.88,0.56,188.28,0.52,761.07,0.57,522.0,0.51,695.23,0.58,353.0,0.5,952.5,0.59,439.0,0.49,861.6,0.6,472.18,0.44,212.28,0.47,310.88,0.43,546.0,0.48,821.07,0.42,389.0,0.49,695.23,0.41,451.0,0.5,952.5,0.4,472.18,0.51,861.6
2026-01-07 06:16:11.385000+00:00,2026-01-07 06:16:08.807745+00:00,71.385,0.545,0.54,0.55,0.455,0.45,0.46,104.62,409.0,409.0,104.62,0.53,310.88,0.56,195.28,0.52,761.07,0.57,529.0,0.51,695.23,0.58,353.0,0.5,952.5,0.59,439.0,0.49,861.6,0.6,472.18,0.44,195.28,0.47,310.88,0.43,517.0,0.48,761.07,0.42,353.0,0.49,695.23,0.41,439.0,0.5,952.5,0.4,472.18,0.51,861.6
2026-01-07 06:16:12.406000+00:00,2026-01-07 06:16:09.814498+00:00,72.406,0.545,0.54,0.55,0.455,0.45,0.46,104.62,403.4,403.4,104.62,0.53,358.88,0.56,195.28,0.52,773.07,0.57,529.0,0.51,695.23,0.58,401.0,0.5,952.5,0.59,463.0,0.49,861.6,0.6,472.18,0.44,195.28,0.47,358.88,0.43,529.0,0.48,773.07,0.42,401.0,0.49,695.23,0.41,463.0,0.5,952.5,0.4,472.18,0.51,861.6
2026-01-07 06:16:13.302000+00:00,2026-01-07 06:16:10.807653+00:00,73.302,0.545,0.54,0.55,0.455,0.45,0.46,153.0,400.0,418.0,153.0,0.53,333.88,0.56,195.28,0.52,798.07,0.57,529.0,0.51,695.23,0.58,401.0,0.5,952.5,0.59,463.0,0.49,826.6,0.6,472.18,0.44,195.28,0.47,333.88,0.43,529.0,0.48,798.07,0.42,401.0,0.49,695.23,0.41,463.0,0.5,952.5,0.4,472.18,0.51,826.6
2026-01-07 06:16:14.261000+00:00,2026-01-07 06:16:11.816235+00:00,74.261,0.545,0.54,0.55,0.455,0.45,0.46,133.0,418.0,418.0,118.0,0.53,541.88,0.56,145.28,0.52,773.07,0.57,366.0,0.51,695.23,0.58,401.0,0.5,952.5,0.59,463.0,0.49,861.6,0.6,472.18,0.44,145.28,0.47,541.88,0.43,366.0,0.48,773.07,0.42,401.0,0.49,695.23,0.41,463.0,0.5,952.5,0.4,472.18,0.51,861.6
2026-01-07 06:16:15.337000+00:00,2026-01-07 06:16:12.821597+00:00,75.337,0.545,0.54,0.55,0.455,0.45,0.46,118.0,418.0,418.0,126.0,0.53,541.88,0.56,145.28,0.52,773.07,0.57,366.0,0.51,695.23,0.58,401.0,0.5,952.5,0.59,463.0,0.49,861.6,0.6,472.18,0.44,145.28,0.47,541.88,0.43,366.0,0.48,773.07,0.42,401.0,0.49,695.23,0.41,463.0,0.5,952.5,0.4,472.18,0.51,861.6
2026-01-07 06:16:16.388000+00:00,2026-01-07 06:16:13.843407+00:00,76.388,0.545,0.54,0.55,0.455,0.45,0.46,323.0,418.0,418.0,323.0,0.53,531.88,0.56,145.28,0.52,773.07,0.57,366.0,0.51,695.23,0.58,401.0,0.5,852.54,0.59,463.0,0.49,861.6,0.6,472.18,0.44,145.28,0.47,531.88,0.43,366.0,0.48,773.07,0.42,401.0,0.49,695.23,0.41,463.0,0.5,852.54,0.4,472.18,0.51,861.6
2026-01-07 06:16:17.212000+00:00,2026-01-07 06:16:14.847197+00:00,77.212,0.545,0.54,0.55,0.455,0.45,0.46,358.0,418.0,418.0,358.0,0.53,506.88,0.56,145.28,0.52,798.07,0.57,366.0,0.51,695.23,0.58,401.0,0.5,852.54,0.59,463.0,0.49,826.6,0.6,472.18,0.44,145.28,0.47,506.88,0.43,366.0,0.48,798.07,0.42,401.0,0.49,695.23,0.41,463.0,0.5,852.54,0.4,472.18,0.51,826.6
2026-01-07 06:16:18.389000+00:00,2026-01-07 06:16:15.853844+00:00,78.389,0.545,0.54,0.55,0.455,0.45,0.46,358.0,418.0,418.0,358.0,0.53,506.88,0.56,145.28,0.52,798.07,0.57,366.0,0.51,695.23,0.58,401.0,0.5,852.54,0.59,463.0,0.49,826.6,0.6,472.18,0.44,145.28,0.47,506.88,0.43,366.0,0.48,598.07,0.42,401.0,0.49,695.23,0.41,463.0,0.5,852.54,0.4,472.18,0.51,826.6
2026-01-07 06:16:19.321000+00:00,2026-01-07 06:16:16.859303+00:00,79.321,0.545,0.54,0.55,0.455,0.45,0.46,358.0,268.04,268.04,358.0,0.53,506.88,0.56,195.28,0.52,598.07,0.57,346.0,0.51,695.23,0.58,401.0,0.5,852.54,0.59,451.0,0.49,826.6,0.6,484.18,0.44,195.28,0.47,506.88,0.43,346.0,0.48,598.07,0.42,401.0,0.49,695.23,0.41,451.0,0.5,852.54,0.4,484.18,0.51,826.6
2026-01-07 06:16:20.850000+00:00,2026-01-07 06:16:18.873551+00:00,80.85,0.545,0.54,0.55,0.455,0.45,0.46,362.65,268.04,268.04,344.65,0.53,518.88,0.56,133.28,0.52,562.07,0.57,366.0,0.51,695.23,0.58,365.0,0.5,852.54,0.59,499.0,0.49,826.6,0.6,484.18,0.44,133.28,0.47,518.88,0.43,366.0,0.48,562.07,0.42,365.0,0.49,695.23,0.41,499.0,0.5,852.54,0.4,484.18,0.51,826.6
2026-01-07 06:16:22.307000+00:00,2026-01-07 06:16:19.895368+00:00,82.307,0.545,0.54,0.55,0.455,0.45,0.46,377.65,268.04,268.04,377.65,0.53,518.88,0.56,115.28,0.52,562.07,0.57,396.0,0.51,695.23,0.58,194.0,0.5,852.54,0.59,475.0,0.49,826.6,0.6,484.18,0.44,115.28,0.47,518.88,0.43,396.0,0.48,562.07,0.42,194.0,0.49,695.23,0.41,475.0,0.5,852.54,0.4,484.18,0.51,826.6
2026-01-07 06:16:23.476000+00:00,2026-01-07 06:16:20.901121+00:00,83.476,0.545,0.54,0.55,0.455,0.45,0.46,370.65,268.04,268.04,370.65,0.53,518.88,0.56,115.28,0.52,562.07,0.57,396.0,0.51,695.23,0.58,194.0,0.5,852.54,0.59,475.0,0.49,826.6,0.6,484.18,0.44,115.28,0.47,518.88,0.43,396.0,0.48,562.07,0.42,194.0,0.49,695.23,0.41,475.0,0.5,852.54,0.4,484.18,0.51,826.6
2026-01-07 06:16:24.500000+00:00,2026-01-07 06:16:21.907368+00:00,84.5,0.545,0.54,0.55,0.455,0.45,0.46,594.65,268.04,126.33,666.65,0.53,539.88,0.56,10.28,0.52,683.07,0.57,224.0,0.51,816.23,0.59,155.0,0.5,852.54,0.6,447.18,0.49,892.6,0.61,429.0,0.44,10.28,0.47,539.88,0.43,224.0,0.48,683.07,0.42,62.0,0.49,816.23,0.41,159.0,0.5,852.54,0.4,510.18,0.51,892.6
2026-01-07 06:16:25.317000+00:00,2026-01-07 06:16:22.915863+00:00,85.317,0.565,0.56,0.57,0.435,0.43,0.44,227.72,312.99,312.99,227.72,0.55,136.0,0.58,54.0,0.54,519.0,0.59,186.0,0.53,631.88,0.6,459.18,0.52,707.07,0.61,414.0,0.51,781.23,0.62,409.0,0.42,54.0,0.45,136.0,0.41,186.0,0.46,519.0,0.4,459.18,0.47,631.88,0.39,414.0,0.48,707.07,0.38,409.0,0.49,781.23
2026-01-07 06:16:26.523000+00:00,2026-01-07 06:16:23.919143+00:00,86.523,0.565,0.56,0.57,0.435,0.43,0.44,222.72,315.99,300.99,222.72,0.55,76.0,0.58,93.0,0.54,539.0,0.59,147.0,0.53,598.88,0.6,459.18,0.52,743.07,0.61,414.0,0.51,793.23,0.62,409.0,0.42,93.0,0.45,76.0,0.41,147.0,0.46,539.0,0.4,459.18,0.47,598.88,0.39,419.0,0.48,743.07,0.38,409.0,0.49,793.23
2026-01-07 06:16:27.527000+00:00,2026-01-07 06:16:24.945262+00:00,87.527,0.565,0.56,0.57,0.435,0.43,0.44,227.72,312.99,288.99,89.39,0.55,136.0,0.58,69.0,0.54,504.0,0.59,171.0,0.53,634.88,0.6,459.18,0.52,707.07,0.61,419.0,0.51,781.23,0.62,409.0,0.42,45.0,0.45,148.0,0.41,135.0,0.46,504.0,0.4,459.18,0.47,574.88,0.39,419.0,0.48,683.07,0.38,409.0,0.49,781.23
2026-01-07 06:16:28.553000+00:00,2026-01-07 06:16:25.951975+00:00,88.553,0.575,0.57,0.58,0.425,0.42,0.43,116.0,64.99,64.99,116.0,0.56,85.0,0.59,47.0,0.55,421.0,0.6,323.18,0.54,622.0,0.61,367.0,0.53,559.88,0.62,421.0,0.52,424.07,0.63,421.0,0.41,47.0,0.44,85.0,0.4,323.18,0.45,421.0,0.39,367.0,0.46,622.0,0.38,421.0,0.47,559.88,0.37,421.0,0.48,424.07
2026-01-07 06:16:29.562000+00:00,2026-01-07 06:16:26.960223+00:00,89.562,0.565,0.56,0.57,0.435,0.43,0.44,15.0,494.0,730.0,15.0,0.54,220.0,0.58,273.0,0.53,154.88,0.59,351.0,0.52,251.07,0.6,502.18,0.51,1017.23,0.61,414.0,0.5,747.54,0.62,374.0,0.42,436.0,0.46,220.0,0.41,339.0,0.47,120.88,0.4,565.18,0.48,208.07,0.39,414.0,0.49,739.23,0.38,374.0,0.5,875.54
2026-01-07 06:16:30.541000+00:00,2026-01-07 06:16:27.967023+00:00,90.541,0.525,0.52,0.53,0.475,0.47,0.48,25.07,12.0,188.0,25.07,0.51,377.23,0.54,156.0,0.5,548.54,0.55,392.0,0.49,740.6,0.56,461.0,0.48,489.1,0.57,793.0,0.47,351.0,0.58,477.0,0.46,190.0,0.49,377.23,0.45,417.0,0.5,563.52,0.44,461.0,0.51,740.6,0.43,743.0,0.52,489.1,0.42,442.0,0.53,351.0
2026-01-07 06:16:31.396000+00:00,2026-01-07 06:16:28.972669+00:00,91.396,0.525,0.52,0.53,0.475,0.47,0.48,18.82,100.0,100.0,18.82,0.51,449.23,0.54,160.0,0.5,587.52,0.55,393.0,0.49,731.6,0.56,393.0,0.48,597.1,0.57,710.62,0.47,339.0,0.58,454.0,0.46,160.0,0.49,449.23,0.45,393.0,0.5,587.52,0.44,393.0,0.51,731.6,0.43,710.62,0.52,597.1,0.42,454.0,0.53,339.0
2026-01-07 06:16:32.563000+00:00,2026-01-07 06:16:29.976662+00:00,92.563,0.525,0.52,0.53,0.475,0.47,0.48,42.82,100.0,100.0,66.82,0.51,475.23,0.54,160.0,0.5,538.52,0.55,381.0,0.49,731.6,0.56,393.0,0.48,597.1,0.57,722.62,0.47,339.0,0.58,454.0,0.46,160.0,0.49,490.23,0.45,381.0,0.5,523.52,0.44,393.0,0.51,731.6,0.43,722.62,0.52,597.1,0.42,454.0,0.53,339.0
2026-01-07 06:16:33.402000+00:00,2026-01-07 06:16:30.982241+00:00,93.402,0.525,0.52,0.53,0.475,0.47,0.48,103.82,25.0,25.0,103.82,0.51,407.23,0.54,180.0,0.5,608.52,0.55,384.0,0.49,786.6,0.56,439.0,0.48,667.1,0.57,686.62,0.47,409.0,0.58,466.0,0.46,180.0,0.49,407.23,0.45,384.0,0.5,608.52,0.44,439.0,0.51,786.6,0.43,686.62,0.52,667.1,0.42,466.0,0.53,409.0
2026-01-07 06:16:34.545000+00:00,2026-01-07 06:16:31.988667+00:00,94.545,0.525,0.52,0.53,0.475,0.47,0.48,54.82,105.0,105.0,54.82,0.51,478.23,0.54,169.0,0.5,632.52,0.55,466.0,0.49,786.6,0.56,451.0,0.48,667.1,0.57,486.62,0.47,409.0,0.58,422.0,0.46,169.0,0.49,478.23,0.45,466.0,0.5,632.52,0.44,451.0,0.51,786.6,0.43,486.62,0.52,667.1,0.42,422.0,0.53,409.0
2026-01-07 06:16:35.567000+00:00,2026-01-07 06:16:33.009474+00:00,95.567,0.525,0.52,0.53,0.475,0.47,0.48,23.0,93.11,28.11,88.0,0.51,510.23,0.54,189.0,0.5,632.52,0.55,466.0,0.49,786.6,0.56,451.0,0.48,667.1,0.57,474.62,0.47,414.0,0.58,416.0,0.46,236.0,0.49,475.23,0.45,466.0,0.5,632.52,0.44,451.0,0.51,786.6,0.43,474.62,0.52,667.1,0.42,416.0,0.53,414.0
2026-01-07 06:16:36.584000+00:00,2026-01-07 06:16:34.016014+00:00,96.584,0.525,0.52,0.53,0.475,0.47,0.48,23.0,111.11,111.11,23.0,0.51,486.23,0.54,165.0,0.5,608.52,0.55,490.0,0.49,786.6,0.56,439.0,0.48,667.1,0.57,486.62,0.47,414.0,0.58,416.0,0.46,165.0,0.49,486.23,0.45,490.0,0.5,608.52,0.44,439.0,0.51,786.6,0.43,486.62,0.52,667.1,0.42,416.0,0.53,409.0
2026-01-07 06:16:37.612000+00:00,2026-01-07 06:16:35.037869+00:00,97.612,0.525,0.52,0.53,0.475,0.47,0.48,129.0,46.11,116.11,64.0,0.51,487.23,0.54,200.0,0.5,608.52,0.55,490.0,0.49,786.6,0.56,463.0,0.48,667.1,0.57,474.62,0.47,409.0,0.58,404.0,0.46,389.0,0.49,522.23,0.45,490.0,0.5,608.52,0.44,463.0,0.51,786.6,0.43,474.62,0.52,667.1,0.42,404.0,0.53,409.0
2026-01-07 06:16:38.639000+00:00,2026-01-07 06:16:36.042714+00:00,98.639,0.535,0.53,0.54,0.46499999999999997,0.46,0.47,40.0,50.0,68.0,73.0,0.52,76.0,0.55,53.0,0.51,557.23,0.56,50.0,0.5,593.54,0.57,72.83,0.49,811.6,0.58,439.0,0.48,632.1,0.59,482.0,0.45,53.0,0.48,137.98,0.44,50.0,0.49,486.23,0.43,60.83,0.5,593.54,0.42,381.0,0.51,811.6,0.41,412.0,0.52,632.1
2026-01-07 06:16:39.534000+00:00,2026-01-07 06:16:37.047930+00:00,99.534,0.535,0.53,0.54,0.46499999999999997,0.46,0.47,73.0,68.0,88.0,73.0,0.52,173.98,0.55,53.0,0.51,544.23,0.56,50.0,0.5,785.54,0.57,182.83,0.49,881.6,0.58,381.0,0.48,753.1,0.59,412.0,0.45,53.0,0.48,173.98,0.44,50.0,0.49,544.23,0.43,182.83,0.5,785.54,0.42,381.0,0.51,881.6,0.41,412.0,0.52,753.1
2026-01-07 06:16:40.634000+00:00,2026-01-07 06:16:38.055994+00:00,100.634,0.535,0.53,0.54,0.46499999999999997,0.46,0.47,58.0,50.0,47.77,89.0,0.52,182.88,0.55,30.0,0.51,559.23,0.56,24.94,0.5,831.54,0.57,268.83,0.49,881.6,0.58,356.0,0.48,753.1,0.59,412.0,0.45,30.0,0.48,182.88,0.44,24.94,0.49,559.23,0.43,268.83,0.5,831.54,0.42,356.0,0.51,881.6,0.41,412.0,0.52,753.1
2026-01-07 06:16:41.419000+00:00,2026-01-07 06:16:39.061867+00:00,101.419,0.535,0.53,0.54,0.46499999999999997,0.46,0.47,58.0,47.77,47.77,58.0,0.52,190.9,0.55,45.0,0.51,664.23,0.56,27.94,0.5,846.54,0.57,82.62,0.49,811.6,0.58,252.0,0.48,753.1,0.59,436.0,0.45,45.0,0.48,190.9,0.44,27.94,0.49,664.23,0.43,82.62,0.5,846.54,0.42,252.0,0.51,811.6,0.41,436.0,0.52,753.1
2026-01-07 06:16:42.638000+00:00,2026-01-07 06:16:40.083370+00:00,102.638,0.535,0.53,0.54,0.46499999999999997,0.46,0.47,76.0,47.77,47.77,76.0,0.52,264.9,0.55,45.0,0.51,602.23,0.56,27.94,0.5,846.54,0.57,82.62,0.49,811.6,0.58,252.0,0.48,753.1,0.59,436.0,0.45,45.0,0.48,264.9,0.44,27.94,0.49,602.23,0.43,70.62,0.5,846.54,0.42,259.0,0.51,811.6,0.41,436.0,0.52,753.1
2026-01-07 06:16:43.648000+00:00,2026-01-07 06:16:41.106823+00:00,103.648,0.545,0.54,0.55,0.455,0.45,0.46,67.0,50.0,50.0,67.0,0.53,210.0,0.56,42.94,0.52,143.9,0.57,46.62,0.51,617.23,0.58,247.0,0.5,831.54,0.59,436.0,0.49,776.6,0.6,468.18,0.44,42.94,0.47,210.0,0.43,46.62,0.48,143.9,0.42,247.0,0.49,617.23,0.41,436.0,0.5,831.54,0.4,468.18,0.51,776.6
2026-01-07 06:16:44.591000+00:00,2026-01-07 06:16:42.113925+00:00,104.591,0.545,0.54,0.55,0.455,0.45,0.46,103.0,68.0,88.0,103.0,0.53,192.0,0.56,42.94,0.52,143.9,0.57,46.62,0.51,617.23,0.58,247.0,0.5,831.54,0.59,436.0,0.49,776.6,0.6,468.18,0.44,42.94,0.47,192.0,0.43,46.62,0.48,143.9,0.42,247.0,0.49,617.23,0.41,436.0,0.5,831.54,0.4,468.18,0.51,776.6
2026-01-07 06:16:45.720000+00:00,2026-01-07 06:16:43.123941+00:00,105.72,0.545,0.54,0.55,0.455,0.45,0.46,103.0,88.0,88.0,98.0,0.53,192.0,0.56,266.94,0.52,143.9,0.57,46.62,0.51,617.23,0.58,247.0,0.5,831.54,0.59,375.0,0.49,776.6,0.6,531.18,0.44,266.94,0.47,197.0,0.43,46.62,0.48,143.9,0.42,247.0,0.49,617.23,0.41,375.0,0.5,831.54,0.4,531.18,0.51,776.6
2026-01-07 06:16:46.232000+00:00,2026-01-07 06:16:44.129991+00:00,106.232,0.545,0.54,0.55,0.455,0.45,0.46,71.0,106.0,106.0,71.0,0.53,27.0,0.56,248.94,0.52,295.9,0.57,70.62,0.51,617.23,0.58,259.0,0.5,831.54,0.59,436.0,0.49,776.6,0.6,437.18,0.44,248.94,0.47,27.0,0.43,70.62,0.48,295.9,0.42,259.0,0.49,617.23,0.41,436.0,0.5,831.54,0.4,437.18,0.51,776.6
2026-01-07 06:16:47.613000+00:00,2026-01-07 06:16:45.153844+00:00,107.613,0.545,0.54,0.55,0.455,0.45,0.46,14.27,93.0,93.0,14.27,0.53,194.0,0.56,283.94,0.52,250.9,0.57,21.62,0.51,739.23,0.58,272.0,0.5,761.54,0.59,375.0,0.49,932.6,0.6,489.18,0.44,283.94,0.47,194.0,0.43,21.62,0.48,250.9,0.42,272.0,0.49,800.23,0.41,375.0,0.5,761.54,0.4,489.18,0.51,932.6
2026-01-07 06:16:48.758000+00:00,2026-01-07 06:16:46.159850+00:00,108.758,0.535,0.53,0.54,0.46499999999999997,0.46,0.47,87.82,55.0,55.0,70.82,0.52,250.9,0.55,86.0,0.51,800.23,0.56,283.94,0.5,831.54,0.57,21.62,0.49,932.6,0.58,272.0,0.48,753.1,0.59,412.0,0.45,86.0,0.48,304.9,0.44,283.94,0.49,800.23,0.43,21.62,0.5,831.54,0.42,284.0,0.51,932.6,0.41,424.0,0.52,753.1
2026-01-07 06:16:49.682000+00:00,2026-01-07 06:16:47.169958+00:00,109.682,0.535,0.53,0.54,0.46499999999999997,0.46,0.47,75.82,55.0,55.0,75.82,0.52,304.9,0.55,86.0,0.51,800.23,0.56,283.94,0.5,831.54,0.57,216.62,0.49,932.6,0.58,284.0,0.48,753.1,0.59,424.0,0.45,66.0,0.48,304.9,0.44,283.94,0.49,800.23,0.43,216.62,0.5,831.54,0.42,284.0,0.51,932.6,0.41,424.0,0.52,753.1
2026-01-07 06:16:50.507000+00:00,2026-01-07 06:16:48.177834+00:00,110.507,0.545,0.54,0.55,0.455,0.45,0.46,12.0,68.0,68.0,12.0,0.53,192.0,0.56,338.94,0.52,188.9,0.57,216.62,0.51,800.23,0.58,272.0,0.5,831.54,0.59,424.0,0.49,932.6,0.6,433.18,0.44,338.94,0.47,192.0,0.43,216.62,0.48,188.9,0.42,272.0,0.49,800.23,0.41,424.0,0.5,831.54,0.4,433.18,0.51,932.6
2026-01-07 06:16:51.769000+00:00,2026-01-07 06:16:49.181180+00:00,111.769,0.545,0.54,0.55,0.455,0.45,0.46,30.0,73.0,23.0,110.0,0.53,192.0,0.56,318.94,0.52,200.9,0.57,231.62,0.51,800.23,0.58,272.0,0.5,831.54,0.59,363.0,0.49,932.6,0.6,433.18,0.44,318.94,0.47,142.0,0.43,231.62,0.48,337.9,0.42,272.0,0.49,785.23,0.41,363.0,0.5,831.54,0.4,438.18,0.51,932.6
2026-01-07 06:16:52.761000+00:00,2026-01-07 06:16:50.187337+00:00,112.761,0.545,0.54,0.55,0.455,0.45,0.46,156.4,23.0,23.0,156.4,0.53,85.0,0.56,318.94,0.52,371.9,0.57,21.62,0.51,785.23,0.58,275.0,0.5,952.54,0.59,339.0,0.49,932.6,0.6,438.18,0.44,318.94,0.47,85.0,0.43,21.62,0.48,371.9,0.42,275.0,0.49,785.23,0.41,339.0,0.5,952.54,0.4,438.18,0.51,932.6
2026-01-07 06:16:53.556000+00:00,2026-01-07 06:16:51.190784+00:00,113.556,0.545,0.54,0.55,0.455,0.45,0.46,142.4,13.9,13.9,125.4,0.53,210.0,0.56,318.94,0.52,371.9,0.57,21.62,0.51,785.23,0.58,287.0,0.5,882.54,0.59,351.0,0.49,932.6,0.6,508.18,0.44,318.94,0.47,171.0,0.43,36.62,0.48,386.9,0.42,260.0,0.49,785.23,0.41,339.0,0.5,882.54,0.4,496.18,0.51,932.6
2026-01-07 06:16:54.767000+00:00,2026-01-07 06:16:52.194717+00:00,114.767,0.545,0.54,0.55,0.455,0.45,0.46,467.4,13.9,13.9,443.68,0.53,431.0,0.56,308.16,0.52,471.9,0.57,53.62,0.51,836.23,0.58,104.0,0.5,882.54,0.59,46.0,0.49,673.6,0.6,398.18,0.44,308.16,0.47,443.0,0.43,53.62,0.48,471.9,0.42,104.0,0.49,836.23,0.41,46.0,0.5,882.54,0.4,398.18,0.51,673.6
2026-01-07 06:16:55.798000+00:00,2026-01-07 06:16:53.192478+00:00,115.798,0.565,0.56,0.57,0.435,0.43,0.44,36.0,11.62,11.62,121.0,0.55,267.03,0.58,224.0,0.54,506.68,0.59,65.0,0.53,474.0,0.6,167.18,0.52,517.9,0.61,361.0,0.51,801.23,0.62,462.0,0.42,283.96,0.45,237.0,0.41,35.0,0.46,416.68,0.4,155.18,0.47,509.0,0.39,361.0,0.48,517.9,0.38,450.0,0.49,801.23
2026-01-07 06:16:56.802000+00:00,2026-01-07 06:16:54.216692+00:00,116.802,0.565,0.56,0.57,0.41000000000000003,0.4,0.42,323.0,11.62,357.14,117.0,0.55,434.0,0.6,357.14,0.54,497.68,0.61,110.0,0.53,509.0,0.62,114.0,0.52,447.9,0.63,134.0,0.51,796.23,0.64,373.0,0.39,110.0,0.43,127.03,0.38,114.0,0.44,313.0,0.37,134.0,0.45,439.0,0.36,373.0,0.46,497.68,0.35,431.0,0.47,509.0
2026-01-07 06:16:57.744000+00:00,2026-01-07 06:16:55.223633+00:00,117.744,0.595,0.59,0.6,0.405,0.4,0.41,97.03,287.18,277.01,97.03,0.58,318.0,0.61,10.0,0.57,247.0,0.62,151.96,0.56,318.0,0.63,102.0,0.55,534.0,0.64,398.0,0.54,721.68,0.65,430.0,0.39,10.0,0.42,318.0,0.38,151.96,0.43,247.0,0.37,102.0,0.44,318.0,0.36,398.0,0.45,534.0,0.35,430.0,0.46,721.68
2026-01-07 06:16:58.680000+00:00,2026-01-07 06:16:56.233083+00:00,118.68,0.595,0.59,0.6,0.405,0.4,0.41,82.03,282.01,282.01,82.03,0.58,323.0,0.61,82.0,0.57,247.0,0.62,117.0,0.56,318.0,0.63,102.0,0.55,534.0,0.64,398.0,0.54,721.68,0.65,418.0,0.39,82.0,0.42,323.0,0.38,117.0,0.43,317.0,0.37,102.0,0.44,388.0,0.36,398.0,0.45,534.0,0.35,418.0,0.46,651.68
2026-01-07 06:16:59.741000+00:00,2026-01-07 06:16:57.237153+00:00,119.741,0.595,0.59,0.6,0.405,0.4,0.41,70.03,282.01,282.01,76.03,0.58,335.0,0.61,82.0,0.57,317.0,0.62,117.0,0.56,388.0,0.63,102.0,0.55,534.0,0.64,329.0,0.54,651.68,0.65,489.0,0.39,82.0,0.42,335.0,0.38,117.0,0.43,317.0,0.37,102.0,0.44,388.0,0.36,329.0,0.45,534.0,0.35,489.0,0.46,651.68
2026-01-07 06:17:00.860000+00:00,2026-01-07 06:16:58.260961+00:00,120.86,0.595,0.59,0.6,0.405,0.4,0.41,174.03,277.01,277.01,186.03,0.58,376.0,0.61,10.0,0.57,363.0,0.62,119.96,0.56,388.0,0.63,90.0,0.55,464.0,0.64,317.0,0.54,651.68,0.65,418.0,0.39,10.0,0.42,376.0,0.38,156.96,0.43,363.0,0.37,90.0,0.44,388.0,0.36,341.0,0.45,464.0,0.35,406.0,0.46,651.68
2026-01-07 06:17:01.852000+00:00,2026-01-07 06:16:59.265419+00:00,121.852,0.595,0.59,0.6,0.405,0.4,0.41,428.03,50.65,50.65,498.03,0.58,337.0,0.61,5.0,0.57,484.0,0.62,46.96,0.56,509.0,0.63,130.0,0.55,464.0,0.64,126.0,0.54,427.68,0.65,322.0,0.39,5.0,0.42,407.0,0.38,46.96,0.43,484.0,0.37,130.0,0.44,439.0,0.36,126.0,0.45,464.0,0.35,139.0,0.46,427.68
2026-01-07 06:17:02.865000+00:00,2026-01-07 06:17:00.285367+00:00,122.865,0.605,0.6,0.61,0.395,0.39,0.4,324.52,10.0,10.0,297.52,0.59,248.0,0.63,145.0,0.58,383.0,0.64,87.0,0.57,509.0,0.65,142.0,0.56,509.0,0.66,292.0,0.55,404.0,0.67,448.0,0.37,35.0,0.41,263.0,0.36,41.96,0.42,383.0,0.35,115.0,0.43,509.0,0.34,280.0,0.44,509.0,0.33,424.0,0.45,404.0
2026-01-07 06:17:03.894000+00:00,2026-01-07 06:17:01.292745+00:00,123.894,0.615,0.61,0.62,0.385,0.38,0.39,231.25,5.0,5.0,285.26,0.6,259.52,0.63,224.0,0.59,429.0,0.64,64.96,0.58,504.0,0.65,17.0,0.57,509.0,0.66,309.0,0.56,404.0,0.67,436.0,0.37,224.0,0.4,321.52,0.36,64.96,0.41,534.0,0.35,32.0,0.42,504.0,0.34,294.0,0.43,439.0,0.33,315.0,0.44,404.0
2026-01-07 06:17:04.911000+00:00,2026-01-07 06:17:02.297597+00:00,124.911,0.625,0.62,0.63,0.375,0.37,0.38,310.91,224.0,229.0,323.91,0.61,294.22,0.64,69.96,0.6,321.52,0.65,17.0,0.59,534.0,0.66,126.0,0.58,504.0,0.67,132.0,0.57,404.0,0.68,304.0,0.36,69.96,0.39,276.22,0.35,17.0,0.4,321.52,0.34,126.0,0.41,534.0,0.33,132.0,0.42,504.0,0.32,304.0,0.43,404.0
2026-01-07 06:17:05.715000+00:00,2026-01-07 06:17:03.301466+00:00,125.715,0.625,0.62,0.63,0.375,0.37,0.38,316.27,229.0,229.0,301.27,0.61,276.22,0.64,69.96,0.6,321.52,0.65,17.0,0.59,534.0,0.66,131.0,0.58,504.0,0.67,132.0,0.57,404.0,0.68,304.0,0.36,69.96,0.39,276.22,0.35,17.0,0.4,321.52,0.34,131.0,0.41,534.0,0.33,132.0,0.42,504.0,0.32,304.0,0.43,404.0
2026-01-07 06:17:06.678000+00:00,2026-01-07 06:17:04.308567+00:00,126.678,0.625,0.62,0.63,0.375,0.37,0.38,203.4,294.0,294.0,203.4,0.61,288.25,0.64,70.0,0.6,348.52,0.65,56.0,0.59,546.0,0.66,87.0,0.58,504.0,0.67,232.0,0.57,404.0,0.68,268.0,0.36,70.0,0.39,288.25,0.35,56.0,0.4,378.52,0.34,87.0,0.41,546.0,0.33,232.0,0.42,504.0,0.32,268.0,0.43,404.0
2026-01-07 06:17:07.904000+00:00,2026-01-07 06:17:05.311457+00:00,127.904,0.625,0.62,0.63,0.375,0.37,0.38,203.4,294.0,294.0,203.4,0.61,358.25,0.64,70.0,0.6,424.52,0.65,20.0,0.59,529.0,0.66,75.0,0.58,434.0,0.67,196.0,0.57,628.0,0.68,268.0,0.36,70.0,0.39,358.25,0.35,20.0,0.4,424.52,0.34,75.0,0.41,529.0,0.33,196.0,0.42,434.0,0.32,268.0,0.43,628.0
2026-01-07 06:17:08.600000+00:00,2026-01-07 06:17:06.313599+00:00,128.6,0.625,0.62,0.63,0.375,0.37,0.38,203.4,294.0,294.0,203.4,0.61,382.25,0.64,90.0,0.6,424.52,0.65,20.0,0.59,529.0,0.66,99.0,0.58,434.0,0.67,220.0,0.57,628.0,0.68,304.0,0.36,90.0,0.39,406.25,0.35,20.0,0.4,424.52,0.34,99.0,0.41,529.0,0.33,220.0,0.42,434.0,0.32,304.0,0.43,628.0
2026-01-07 06:17:09.915000+00:00,2026-01-07 06:17:07.328217+00:00,129.915,0.625,0.62,0.63,0.375,0.37,0.38,394.4,91.84,91.84,394.4,0.61,443.22,0.64,117.96,0.6,497.52,0.65,47.0,0.59,459.0,0.66,90.0,0.58,399.0,0.67,244.0,0.57,628.0,0.68,114.0,0.36,117.96,0.39,443.22,0.35,47.0,0.4,497.52,0.34,90.0,0.41,459.0,0.33,232.0,0.42,434.0,0.32,114.0,0.43,628.0
2026-01-07 06:17:10.817000+00:00,2026-01-07 06:17:08.331011+00:00,130.817,0.625,0.62,0.63,0.375,0.37,0.38,278.13,35.84,35.84,278.13,0.61,479.22,0.64,117.96,0.6,497.52,0.65,62.0,0.59,529.0,0.66,87.0,0.58,434.0,0.67,197.0,0.57,628.0,0.68,151.0,0.36,117.96,0.39,479.22,0.35,62.0,0.4,497.52,0.34,87.0,0.41,529.0,0.33,197.0,0.42,434.0,0.32,146.0,0.43,628.0
2026-01-07 06:17:11.568000+00:00,2026-01-07 06:17:09.344319+00:00,131.568,0.625,0.62,0.63,0.375,0.37,0.38,278.13,30.84,30.84,278.13,0.61,479.22,0.64,117.96,0.6,497.52,0.65,62.0,0.59,529.0,0.66,87.0,0.58,434.0,0.67,232.0,0.57,628.0,0.68,121.0,0.36,117.96,0.39,479.22,0.35,62.0,0.4,497.52,0.34,87.0,0.41,529.0,0.33,232.0,0.42,434.0,0.32,121.0,0.43,628.0
2026-01-07 06:17:12.263000+00:00,2026-01-07 06:17:10.346031+00:00,132.263,0.625,0.62,0.63,0.375,0.37,0.38,290.13,30.84,30.84,290.13,0.61,467.22,0.64,117.96,0.6,497.52,0.65,62.0,0.59,529.0,0.66,87.0,0.58,434.0,0.67,232.0,0.57,628.0,0.68,121.0,0.36,117.96,0.39,467.22,0.35,62.0,0.4,497.52,0.34,87.0,0.41,529.0,0.33,232.0,0.42,434.0,0.32,121.0,0.43,628.0
2026-01-07 06:17:13.949000+00:00,2026-01-07 06:17:11.351596+00:00,133.949,0.635,0.63,0.64,0.365,0.36,0.37,55.0,157.96,177.96,55.0,0.62,178.13,0.65,35.0,0.61,406.0,0.66,75.0,0.6,517.52,0.67,318.0,0.59,524.0,0.68,207.0,0.58,399.0,0.69,414.0,0.35,47.0,0.38,178.13,0.34,75.0,0.39,388.0,0.33,330.0,0.4,539.52,0.32,207.0,0.41,560.0,0.31,414.0,0.42,399.0
2026-01-07 06:17:14.956000+00:00,2026-01-07 06:17:12.355632+00:00,134.956,0.635,0.63,0.64,0.365,0.36,0.37,45.0,141.96,141.96,45.0,0.62,30.01,0.65,59.0,0.61,388.0,0.66,87.0,0.6,436.52,0.67,415.0,0.59,608.0,0.68,273.0,0.58,399.0,0.69,414.0,0.35,59.0,0.38,30.01,0.34,99.0,0.39,388.0,0.33,415.0,0.4,436.52,0.32,273.0,0.41,608.0,0.31,414.0,0.42,399.0
2026-01-07 06:17:15.951000+00:00,2026-01-07 06:17:13.364004+00:00,135.951,0.635,0.63,0.64,0.365,0.36,0.37,47.08,121.39,121.39,27.37,0.62,44.01,0.65,71.0,0.61,436.0,0.66,75.0,0.6,436.52,0.67,415.0,0.59,524.0,0.68,297.0,0.58,399.0,0.69,414.0,0.35,59.0,0.38,49.01,0.34,87.0,0.39,296.0,0.33,304.0,0.4,430.52,0.32,287.0,0.41,527.0,0.31,429.0,0.42,414.0
2026-01-07 06:17:16.960000+00:00,2026-01-07 06:17:14.373045+00:00,136.96,0.615,0.61,0.62,0.385,0.38,0.39,15.0,386.0,447.0,15.0,0.6,30.0,0.63,399.0,0.57,36.0,0.64,715.39,0.56,251.03,0.65,379.0,0.55,416.0,0.66,414.0,0.54,355.18,0.67,389.0,0.37,380.0,0.4,30.0,0.36,715.39,0.43,36.0,0.35,379.0,0.44,118.03,0.34,414.0,0.45,77.0,0.33,389.0,0.46,234.18
2026-01-07 06:17:17.946000+00:00,2026-01-07 06:17:15.380828+00:00,137.946,0.565,0.56,0.57,0.435,0.43,0.44,80.03,35.0,35.0,80.03,0.55,125.0,0.58,87.61,0.54,270.18,0.59,97.0,0.53,369.0,0.6,197.0,0.52,377.9,0.61,242.0,0.51,711.23,0.62,444.0,0.42,87.61,0.45,125.0,0.41,97.0,0.46,270.18,0.4,197.0,0.47,369.0,0.39,242.0,0.48,377.9,0.38,444.0,0.49,711.23
2026-01-07 06:17:18.991000+00:00,2026-01-07 06:17:16.401731+00:00,138.991,0.5700000000000001,0.56,0.58,0.43,0.42,0.44,79.66,105.16,105.16,115.66,0.55,125.0,0.59,72.0,0.54,234.18,0.6,197.0,0.53,369.0,0.61,242.0,0.52,377.9,0.62,413.0,0.51,711.23,0.63,346.0,0.41,72.0,0.45,113.0,0.4,197.0,0.46,234.18,0.39,306.0,0.47,369.0,0.38,413.0,0.48,377.9,0.37,346.0,0.49,711.23
2026-01-07 06:17:19.856000+00:00,2026-01-07 06:17:17.409471+00:00,139.856,0.575,0.57,0.58,0.425,0.42,0.43,10.0,103.43,103.43,10.0,0.56,115.66,0.59,72.0,0.55,183.0,0.6,197.0,0.54,374.18,0.61,306.0,0.53,509.0,0.62,413.0,0.52,447.9,0.63,346.0,0.41,72.0,0.44,127.66,0.4,173.0,0.45,135.0,0.39,306.0,0.46,374.18,0.38,413.0,0.47,509.0,0.37,358.0,0.48,447.9
2026-01-07 06:17:21.011000+00:00,2026-01-07 06:17:18.414422+00:00,141.011,0.575,0.57,0.58,0.425,0.42,0.43,57.0,73.0,35.0,207.0,0.56,199.63,0.59,72.0,0.55,250.0,0.6,188.0,0.54,359.18,0.61,242.0,0.53,663.0,0.62,413.0,0.52,447.9,0.63,370.0,0.41,98.0,0.44,134.63,0.4,200.0,0.45,220.0,0.39,218.0,0.46,359.18,0.38,479.0,0.47,663.0,0.37,346.0,0.48,447.9
2026-01-07 06:17:22.996000+00:00,2026-01-07 06:17:20.427555+00:00,142.996,0.575,0.57,0.58,0.425,0.42,0.43,131.37,25.0,75.0,41.0,0.56,195.63,0.59,118.0,0.55,213.0,0.6,200.0,0.54,384.18,0.61,306.0,0.53,663.0,0.62,358.0,0.52,447.9,0.63,370.0,0.41,98.0,0.44,257.18,0.4,200.0,0.45,213.0,0.39,306.0,0.46,384.18,0.38,358.0,0.47,663.0,0.37,370.0,0.48,447.9
2026-01-07 06:17:23.958000+00:00,2026-01-07 06:17:21.451035+00:00,143.958,0.58,0.57,0.59,0.42,0.41,0.43,110.37,338.0,338.0,110.37,0.56,219.63,0.6,163.0,0.55,225.0,0.61,318.0,0.54,201.18,0.62,381.0,0.53,663.0,0.63,370.0,0.52,447.9,0.64,337.43,0.4,163.0,0.44,219.63,0.39,318.0,0.45,225.0,0.38,381.0,0.46,201.18,0.37,370.0,0.47,663.0,0.36,337.43,0.48,447.9
2026-01-07 06:17:25.051000+00:00,2026-01-07 06:17:22.457168+00:00,145.051,0.58,0.57,0.59,0.42,0.41,0.43,87.85,338.0,338.0,93.85,0.56,224.63,0.6,387.0,0.55,225.0,0.61,318.0,0.54,201.18,0.62,381.0,0.53,663.0,0.63,370.0,0.52,447.9,0.64,337.43,0.4,387.0,0.44,224.63,0.39,318.0,0.45,225.0,0.38,381.0,0.46,201.18,0.37,370.0,0.47,663.0,0.36,337.43,0.48,447.9
2026-01-07 06:17:26.754000+00:00,2026-01-07 06:17:24.467834+00:00,146.754,0.575,0.57,0.58,0.425,0.42,0.43,5.0,68.0,68.0,5.0,0.56,209.18,0.59,315.0,0.55,282.0,0.6,396.0,0.54,216.18,0.61,306.0,0.53,663.0,0.62,405.0,0.52,447.9,0.63,334.0,0.41,315.0,0.44,209.18,0.4,396.0,0.45,282.0,0.39,306.0,0.46,216.18,0.38,405.0,0.47,663.0,0.37,339.0,0.48,447.9
2026-01-07 06:17:27.933000+00:00,2026-01-07 06:17:25.474216+00:00,147.933,0.575,0.57,0.58,0.425,0.42,0.43,5.0,68.0,68.0,5.0,0.56,281.18,0.59,315.0,0.55,210.0,0.6,384.0,0.54,216.18,0.61,306.0,0.53,663.0,0.62,381.0,0.52,447.9,0.63,375.0,0.41,315.0,0.44,281.18,0.4,372.0,0.45,210.0,0.39,318.0,0.46,216.18,0.38,381.0,0.47,663.0,0.37,375.0,0.48,447.9
2026-01-07 06:17:29.058000+00:00,2026-01-07 06:17:26.496614+00:00,149.058,0.5700000000000001,0.56,0.58,0.435,0.43,0.44,281.18,68.0,90.0,108.0,0.55,210.0,0.59,315.0,0.54,216.18,0.6,372.0,0.53,542.0,0.61,242.0,0.52,447.9,0.62,459.0,0.51,746.23,0.63,370.0,0.42,63.0,0.45,204.0,0.41,300.0,0.46,262.73,0.4,384.0,0.47,557.0,0.39,318.0,0.48,447.9,0.38,393.0,0.49,746.23
2026-01-07 06:17:30.106000+00:00,2026-01-07 06:17:27.504994+00:00,150.106,0.565,0.56,0.57,0.435,0.43,0.44,5.0,93.0,93.0,10.0,0.55,178.37,0.58,77.0,0.54,245.18,0.59,258.0,0.53,612.0,0.6,221.0,0.52,517.9,0.61,415.0,0.51,781.23,0.62,358.0,0.42,77.0,0.45,173.37,0.41,258.0,0.46,245.18,0.4,221.0,0.47,612.0,0.39,415.0,0.48,517.9,0.38,358.0,0.49,781.23
2026-01-07 06:17:31.933000+00:00,2026-01-07 06:17:29.518400+00:00,151.933,0.56,0.55,0.57,0.44,0.43,0.45,164.37,108.0,93.0,164.37,0.54,230.18,0.58,92.0,0.53,627.0,0.59,238.0,0.52,522.9,0.6,221.0,0.51,781.23,0.61,415.0,0.5,817.54,0.62,358.0,0.42,92.0,0.46,230.18,0.41,238.0,0.47,627.0,0.4,221.0,0.48,522.9,0.39,415.0,0.49,781.23,0.38,358.0,0.5,817.54
2026-01-07 06:17:33.117000+00:00,2026-01-07 06:17:30.544123+00:00,153.117,0.56,0.55,0.57,0.44,0.43,0.45,234.37,108.0,108.0,234.37,0.54,242.18,0.58,92.0,0.53,627.0,0.59,250.0,0.52,447.9,0.6,221.0,0.51,781.23,0.61,415.0,0.5,817.54,0.62,346.0,0.42,92.0,0.46,242.18,0.41,474.0,0.47,627.0,0.4,221.0,0.48,447.9,0.39,415.0,0.49,781.23,0.38,346.0,0.5,817.54
2026-01-07 06:17:34.139000+00:00,2026-01-07 06:17:31.549403+00:00,154.139,0.565,0.56,0.57,0.435,0.43,0.44,84.55,37.82,22.82,132.55,0.55,166.0,0.58,103.0,0.54,191.18,0.59,462.0,0.53,612.0,0.6,180.5,0.52,447.9,0.61,415.0,0.51,781.23,0.62,346.0,0.42,103.0,0.45,166.0,0.41,462.0,0.46,191.18,0.4,192.5,0.47,612.0,0.39,427.0,0.48,447.9,0.38,358.0,0.49,781.23
2026-01-07 06:17:35.134000+00:00,2026-01-07 06:17:32.556683+00:00,155.134,0.565,0.56,0.57,0.435,0.43,0.44,183.55,22.82,22.82,171.55,0.55,166.0,0.58,103.0,0.54,333.18,0.59,462.0,0.53,733.0,0.6,192.5,0.52,447.9,0.61,415.0,0.51,781.23,0.62,358.0,0.42,103.0,0.45,173.0,0.41,462.0,0.46,333.18,0.4,192.5,0.47,733.0,0.39,415.0,0.48,447.9,0.38,358.0,0.49,781.23
2026-01-07 06:17:36.762000+00:00,2026-01-07 06:17:34.566035+00:00,156.762,0.565,0.56,0.57,0.435,0.43,0.44,96.55,17.82,17.82,96.55,0.55,250.0,0.58,108.0,0.54,394.18,0.59,303.0,0.53,733.0,0.6,204.5,0.52,447.9,0.61,306.0,0.51,781.23,0.62,363.0,0.42,108.0,0.45,250.0,0.41,303.0,0.46,394.18,0.4,204.5,0.47,733.0,0.39,306.0,0.48,447.9,0.38,363.0,0.49,781.23
2026-01-07 06:17:38.091000+00:00,2026-01-07 06:17:35.572813+00:00,158.091,0.565,0.56,0.57,0.435,0.43,0.44,96.55,17.82,17.82,96.55,0.55,250.0,0.58,108.0,0.54,394.18,0.59,303.0,0.53,733.0,0.6,204.5,0.52,447.9,0.61,306.0,0.51,781.23,0.62,358.0,0.42,108.0,0.45,250.0,0.41,303.0,0.46,394.18,0.4,204.5,0.47,733.0,0.39,306.0,0.48,447.9,0.38,358.0,0.49,781.23
2026-01-07 06:17:39.120000+00:00,2026-01-07 06:17:36.584690+00:00,159.12,0.56,0.55,0.57,0.44,0.43,0.45,198.37,125.82,125.82,198.37,0.54,481.18,0.58,104.0,0.53,748.0,0.59,303.0,0.52,447.9,0.6,197.0,0.51,781.23,0.61,306.0,0.5,817.54,0.62,334.0,0.42,104.0,0.46,481.18,0.41,303.0,0.47,748.0,0.4,197.0,0.48,447.9,0.39,306.0,0.49,781.23,0.38,334.0,0.5,817.54
2026-01-07 06:17:40.074000+00:00,2026-01-07 06:17:37.589834+00:00,160.074,0.56,0.55,0.57,0.44,0.43,0.45,198.37,123.89,123.89,198.37,0.54,481.18,0.58,109.0,0.53,748.0,0.59,303.0,0.52,447.9,0.6,185.0,0.51,781.23,0.61,306.0,0.5,817.54,0.62,346.0,0.42,104.0,0.46,481.18,0.41,303.0,0.47,748.0,0.4,185.0,0.48,447.9,0.39,306.0,0.49,781.23,0.38,346.0,0.5,817.54
2026-01-07 06:17:41.054000+00:00,2026-01-07 06:17:38.596799+00:00,161.054,0.56,0.55,0.57,0.44,0.43,0.45,234.37,128.89,128.89,258.37,0.54,445.18,0.58,92.0,0.53,748.0,0.59,315.0,0.52,447.9,0.6,185.0,0.51,781.23,0.61,242.0,0.5,817.54,0.62,346.0,0.42,92.0,0.46,421.18,0.41,303.0,0.47,748.0,0.4,197.0,0.48,447.9,0.39,242.0,0.49,781.23,0.38,346.0,0.5,822.54
2026-01-07 06:17:42.200000+00:00,2026-01-07 06:17:39.619103+00:00,162.2,0.56,0.55,0.57,0.44,0.43,0.45,277.37,88.89,88.89,265.37,0.54,412.18,0.58,80.0,0.53,733.0,0.59,318.0,0.52,447.9,0.6,197.0,0.51,781.23,0.61,254.0,0.5,822.54,0.62,417.0,0.42,65.0,0.46,412.18,0.41,318.0,0.47,733.0,0.4,197.0,0.48,447.9,0.39,254.0,0.49,781.23,0.38,417.0,0.5,822.54
2026-01-07 06:17:43.219000+00:00,2026-01-07 06:17:40.625235+00:00,163.219,0.565,0.56,0.57,0.435,0.43,0.44,144.55,25.0,25.0,144.55,0.55,187.0,0.58,103.0,0.54,394.18,0.59,294.0,0.53,733.0,0.6,197.0,0.52,447.9,0.61,254.0,0.51,781.23,0.62,417.0,0.42,103.0,0.45,187.0,0.41,294.0,0.46,394.18,0.4,197.0,0.47,733.0,0.39,318.0,0.48,447.9,0.38,351.0,0.49,781.23
2026-01-07 06:17:44.127000+00:00,2026-01-07 06:17:41.629995+00:00,164.127,0.565,0.56,0.57,0.435,0.43,0.44,120.55,20.0,20.0,120.55,0.55,193.0,0.58,103.0,0.54,412.18,0.59,306.0,0.53,733.0,0.6,197.0,0.52,447.9,0.61,318.0,0.51,781.23,0.62,346.0,0.42,108.0,0.45,193.0,0.41,306.0,0.46,412.18,0.4,197.0,0.47,733.0,0.39,318.0,0.48,447.9,0.38,346.0,0.49,781.23
2026-01-07 06:17:45.194000+00:00,2026-01-07 06:17:42.652325+00:00,165.194,0.565,0.56,0.57,0.435,0.43,0.44,108.55,20.0,20.0,108.55,0.55,193.0,0.58,108.0,0.54,412.18,0.59,306.0,0.53,733.0,0.6,209.0,0.52,447.9,0.61,306.0,0.51,781.23,0.62,358.0,0.42,108.0,0.45,193.0,0.41,306.0,0.46,412.18,0.4,209.0,0.47,733.0,0.39,306.0,0.48,447.9,0.38,358.0,0.49,781.23
2026-01-07 06:17:46.069000+00:00,2026-01-07 06:17:43.659460+00:00,166.069,0.565,0.56,0.57,0.435,0.43,0.44,52.0,55.0,53.0,69.55,0.55,245.37,0.58,88.0,0.54,412.18,0.59,318.0,0.53,733.0,0.6,197.0,0.52,447.9,0.61,306.0,0.51,781.23,0.62,358.0,0.42,90.0,0.45,205.0,0.41,440.0,0.46,412.18,0.4,197.0,0.47,733.0,0.39,427.0,0.48,447.9,0.38,358.0,0.49,781.23
2026-01-07 06:17:47.149000+00:00,2026-01-07 06:17:44.679922+00:00,167.149,0.56,0.55,0.57,0.44,0.43,0.45,210.37,88.0,93.0,210.37,0.54,301.18,0.58,77.0,0.53,612.0,0.59,506.0,0.52,447.9,0.6,185.0,0.51,781.23,0.61,427.0,0.5,817.54,0.62,358.0,0.42,77.0,0.46,301.18,0.41,506.0,0.47,612.0,0.4,185.0,0.48,447.9,0.39,427.0,0.49,781.23,0.38,358.0,0.5,817.54
2026-01-07 06:17:48.264000+00:00,2026-01-07 06:17:45.686764+00:00,168.264,0.565,0.56,0.57,0.435,0.43,0.44,84.55,25.0,25.0,84.55,0.55,235.0,0.58,115.0,0.54,223.18,0.59,494.0,0.53,612.0,0.6,185.0,0.52,447.9,0.61,427.0,0.51,781.23,0.62,358.0,0.42,115.0,0.45,235.0,0.41,489.0,0.46,223.18,0.4,185.0,0.47,612.0,0.39,427.0,0.48,447.9,0.38,358.0,0.49,781.23
2026-01-07 06:17:49.915000+00:00,2026-01-07 06:17:47.703241+00:00,169.915,0.565,0.56,0.57,0.435,0.43,0.44,73.18,25.0,25.0,73.18,0.55,217.0,0.58,115.0,0.54,241.18,0.59,501.0,0.53,612.0,0.6,185.0,0.52,447.9,0.61,427.0,0.51,781.23,0.62,358.0,0.42,115.0,0.45,217.0,0.41,501.0,0.46,241.18,0.4,185.0,0.47,612.0,0.39,427.0,0.48,447.9,0.38,358.0,0.49,781.23
2026-01-07 06:17:51.099000+00:00,2026-01-07 06:17:48.705262+00:00,171.099,0.565,0.56,0.57,0.435,0.43,0.44,114.18,20.0,20.0,114.18,0.55,192.0,0.58,120.0,0.54,449.18,0.59,318.0,0.53,612.0,0.6,185.0,0.52,447.9,0.61,306.0,0.51,746.23,0.62,358.0,0.42,120.0,0.45,192.0,0.41,318.0,0.46,449.18,0.4,185.0,0.47,612.0,0.39,306.0,0.48,447.9,0.38,358.0,0.49,746.23
2026-01-07 06:17:52.306000+00:00,2026-01-07 06:17:49.725305+00:00,172.306,0.565,0.56,0.57,0.435,0.43,0.44,108.18,20.0,20.0,108.18,0.55,192.0,0.58,120.0,0.54,449.18,0.59,318.0,0.53,612.0,0.6,190.0,0.52,447.9,0.61,306.0,0.51,746.23,0.62,358.0,0.42,108.0,0.45,192.0,0.41,413.0,0.46,437.18,0.4,205.0,0.47,612.0,0.39,306.0,0.48,447.9,0.38,358.0,0.49,746.23
2026-01-07 06:17:53.286000+00:00,2026-01-07 06:17:50.747180+00:00,173.286,0.565,0.56,0.57,0.435,0.43,0.44,108.18,20.0,20.0,108.18,0.55,232.0,0.58,108.0,0.54,404.18,0.59,364.0,0.53,612.0,0.6,212.0,0.52,447.9,0.61,306.0,0.51,746.23,0.62,358.0,0.42,108.0,0.45,237.0,0.41,364.0,0.46,422.18,0.4,212.0,0.47,612.0,0.39,306.0,0.48,447.9,0.38,358.0,0.49,746.23
2026-01-07 06:17:54.291000+00:00,2026-01-07 06:17:51.753237+00:00,174.291,0.565,0.56,0.57,0.435,0.43,0.44,108.18,20.0,20.0,108.18,0.55,237.0,0.58,108.0,0.54,404.18,0.59,364.0,0.53,612.0,0.6,212.0,0.52,447.9,0.61,306.0,0.51,746.23,0.62,358.0,0.42,108.0,0.45,225.0,0.41,364.0,0.46,404.18,0.4,212.0,0.47,612.0,0.39,306.0,0.48,447.9,0.38,358.0,0.49,746.23
2026-01-07 06:17:55.339000+00:00,2026-01-07 06:17:52.777566+00:00,175.339,0.565,0.56,0.57,0.435,0.43,0.44,108.18,20.0,20.0,114.18,0.55,219.0,0.58,108.0,0.54,422.18,0.59,364.0,0.53,612.0,0.6,212.0,0.52,447.9,0.61,306.0,0.51,746.23,0.62,358.0,0.42,108.0,0.45,237.0,0.41,364.0,0.46,404.18,0.4,212.0,0.47,612.0,0.39,306.0,0.48,447.9,0.38,358.0,0.49,746.23
2026-01-07 06:17:56.259000+00:00,2026-01-07 06:17:53.799284+00:00,176.259,0.565,0.56,0.57,0.435,0.43,0.44,114.18,20.0,20.0,114.18,0.55,237.0,0.58,108.0,0.54,404.18,0.59,364.0,0.53,612.0,0.6,217.0,0.52,447.9,0.61,306.0,0.51,746.23,0.62,358.0,0.42,108.0,0.45,359.0,0.41,364.0,0.46,404.18,0.4,217.0,0.47,733.0,0.39,306.0,0.48,447.9,0.38,358.0,0.49,746.23
2026-01-07 06:17:57.178000+00:00,2026-01-07 06:17:54.807044+00:00,177.178,0.565,0.56,0.57,0.435,0.43,0.44,114.18,20.0,20.0,108.18,0.55,420.0,0.58,108.0,0.54,404.18,0.59,303.0,0.53,733.0,0.6,217.0,0.52,447.9,0.61,306.0,0.51,746.23,0.62,358.0,0.42,108.0,0.45,420.0,0.41,303.0,0.46,404.18,0.4,217.0,0.47,733.0,0.39,306.0,0.48,447.9,0.38,358.0,0.49,746.23
2026-01-07 06:17:58.214000+00:00,2026-01-07 06:17:55.815550+00:00,178.214,0.565,0.56,0.57,0.435,0.43,0.44,118.18,20.0,20.0,118.18,0.55,420.0,0.58,103.0,0.54,404.18,0.59,303.0,0.53,733.0,0.6,217.0,0.52,447.9,0.61,306.0,0.51,746.23,0.62,358.0,0.42,108.0,0.45,420.0,0.41,303.0,0.46,404.18,0.4,217.0,0.47,733.0,0.39,306.0,0.48,447.9,0.38,358.0,0.49,746.23
2026-01-07 06:17:59.337000+00:00,2026-01-07 06:17:56.838821+00:00,179.337,0.565,0.56,0.57,0.435,0.43,0.44,116.18,20.0,20.0,116.18,0.55,420.0,0.58,108.0,0.54,404.18,0.59,303.0,0.53,733.0,0.6,212.0,0.52,447.9,0.61,306.0,0.51,746.23,0.62,358.0,0.42,108.0,0.45,420.0,0.41,303.0,0.46,404.18,0.4,212.0,0.47,733.0,0.39,306.0,0.48,447.9,0.38,358.0,0.49,746.23
2026-01-07 06:18:00.419000+00:00,2026-01-07 06:17:57.851356+00:00,180.419,0.565,0.56,0.57,0.435,0.43,0.44,101.98,20.0,20.0,101.98,0.55,405.0,0.58,113.0,0.54,419.18,0.59,303.0,0.53,733.0,0.6,212.0,0.52,447.9,0.61,306.0,0.51,746.23,0.62,358.0,0.42,113.0,0.45,400.0,0.41,303.0,0.46,419.18,0.4,212.0,0.47,733.0,0.39,306.0,0.48,447.9,0.38,358.0,0.49,746.23
2026-01-07 06:18:01.473000+00:00,2026-01-07 06:17:58.871673+00:00,181.473,0.565,0.56,0.57,0.415,0.41,0.42,477.25,20.0,33.0,187.0,0.55,427.0,0.58,10.0,0.54,525.18,0.59,48.0,0.53,509.0,0.6,62.0,0.52,447.9,0.61,83.5,0.51,746.23,0.62,81.0,0.4,77.0,0.43,192.0,0.39,83.5,0.44,412.25,0.38,81.0,0.45,452.0,0.37,77.0,0.46,525.18,0.36,250.43,0.47,509.0
2026-01-07 06:18:02.468000+00:00,2026-01-07 06:17:59.877145+00:00,182.468,0.595,0.59,0.6,0.405,0.4,0.41,72.0,83.0,63.0,87.0,0.58,341.4,0.62,92.0,0.57,281.0,0.63,64.0,0.56,368.25,0.64,287.43,0.55,432.0,0.65,554.0,0.54,490.18,0.66,379.0,0.39,20.0,0.42,316.4,0.38,92.0,0.43,281.0,0.37,64.0,0.44,368.25,0.36,287.43,0.45,432.0,0.35,554.0,0.46,490.18
2026-01-07 06:18:03.445000+00:00,2026-01-07 06:18:00.901757+00:00,183.445,0.595,0.59,0.6,0.405,0.4,0.41,81.8,58.0,103.0,45.0,0.58,123.4,0.61,20.0,0.57,281.0,0.62,92.0,0.56,368.25,0.63,247.0,0.55,432.0,0.64,287.43,0.54,490.18,0.65,554.0,0.39,27.0,0.42,158.4,0.38,77.0,0.43,248.0,0.37,247.0,0.44,401.25,0.36,263.43,0.45,432.0,0.35,542.0,0.46,490.18
2026-01-07 06:18:04.513000+00:00,2026-01-07 06:18:01.908576+00:00,184.513,0.595,0.59,0.6,0.405,0.4,0.41,165.0,5.0,5.0,160.0,0.58,39.4,0.62,47.0,0.57,266.0,0.63,270.0,0.56,438.25,0.64,251.43,0.55,502.0,0.65,549.5,0.54,485.18,0.66,379.0,0.38,35.0,0.42,161.4,0.37,258.0,0.43,248.0,0.36,251.43,0.44,438.25,0.35,542.0,0.45,502.0,0.34,391.0,0.46,470.18
2026-01-07 06:18:05.511000+00:00,2026-01-07 06:18:02.909654+00:00,185.511,0.625,0.62,0.63,0.375,0.37,0.38,216.0,224.0,224.0,182.01,0.61,55.0,0.64,186.43,0.6,272.0,0.65,298.0,0.59,327.0,0.66,403.0,0.58,503.4,0.67,376.0,0.57,424.0,0.68,351.0,0.36,206.43,0.39,73.0,0.35,263.0,0.4,272.0,0.34,329.0,0.41,327.0,0.33,449.0,0.42,503.4,0.32,363.0,0.43,424.0
2026-01-07 06:18:06.525000+00:00,2026-01-07 06:18:03.918236+00:00,186.525,0.625,0.62,0.63,0.375,0.37,0.38,40.01,301.0,313.0,40.01,0.61,80.0,0.64,101.93,0.6,318.0,0.65,178.0,0.59,499.0,0.66,217.0,0.58,503.4,0.67,228.0,0.57,424.0,0.68,339.0,0.36,89.93,0.39,80.0,0.35,178.0,0.4,318.0,0.34,217.0,0.41,439.0,0.33,228.0,0.42,515.4,0.32,339.0,0.43,424.0
2026-01-07 06:18:07.446000+00:00,2026-01-07 06:18:04.925637+00:00,187.446,0.625,0.62,0.63,0.375,0.37,0.38,27.01,301.0,301.0,27.01,0.61,85.0,0.64,89.93,0.6,318.0,0.65,131.0,0.59,487.0,0.66,291.0,0.58,515.4,0.67,228.0,0.57,424.0,0.68,339.0,0.36,89.93,0.39,85.0,0.35,131.0,0.4,318.0,0.34,291.0,0.41,487.0,0.33,228.0,0.42,515.4,0.32,339.0,0.43,424.0
2026-01-07 06:18:08.477000+00:00,2026-01-07 06:18:05.929349+00:00,188.477,0.625,0.62,0.63,0.375,0.37,0.38,27.01,301.0,301.0,27.01,0.61,155.0,0.64,89.93,0.6,436.0,0.65,241.0,0.59,451.0,0.66,303.0,0.58,433.4,0.67,349.0,0.57,424.0,0.68,339.0,0.36,89.93,0.39,155.0,0.35,241.0,0.4,436.0,0.34,303.0,0.41,451.0,0.33,349.0,0.42,433.4,0.32,339.0,0.43,424.0
2026-01-07 06:18:09.511000+00:00,2026-01-07 06:18:06.938587+00:00,189.511,0.625,0.62,0.63,0.375,0.37,0.38,27.01,289.0,289.0,27.01,0.61,203.0,0.64,77.93,0.6,241.0,0.65,302.0,0.59,415.0,0.66,315.0,0.58,312.4,0.67,361.0,0.57,424.0,0.68,339.0,0.36,77.93,0.39,203.0,0.35,302.0,0.4,241.0,0.34,315.0,0.41,415.0,0.33,361.0,0.42,312.4,0.32,339.0,0.43,424.0
2026-01-07 06:18:10.389000+00:00,2026-01-07 06:18:07.944201+00:00,190.389,0.625,0.62,0.63,0.375,0.37,0.38,27.01,289.0,289.0,27.01,0.61,203.0,0.64,77.93,0.6,273.0,0.65,302.0,0.59,403.0,0.66,303.0,0.58,312.4,0.67,373.0,0.57,404.0,0.68,345.0,0.36,77.93,0.39,203.0,0.35,302.0,0.4,273.0,0.34,303.0,0.41,403.0,0.33,373.0,0.42,312.4,0.32,345.0,0.43,404.0
2026-01-07 06:18:11.168000+00:00,2026-01-07 06:18:08.966322+00:00,191.168,0.625,0.62,0.63,0.375,0.37,0.38,27.01,289.0,289.0,27.01,0.61,215.0,0.64,77.93,0.6,261.0,0.65,302.0,0.59,403.0,0.66,291.0,0.58,312.4,0.67,385.0,0.57,404.0,0.68,345.0,0.36,77.93,0.39,215.0,0.35,302.0,0.4,261.0,0.34,296.0,0.41,403.0,0.33,385.0,0.42,312.4,0.32,345.0,0.43,404.0
2026-01-07 06:18:12.529000+00:00,2026-01-07 06:18:09.970273+00:00,192.529,0.625,0.62,0.63,0.375,0.37,0.38,27.01,286.73,286.73,27.01,0.61,215.0,0.64,72.93,0.6,261.0,0.65,302.0,0.59,403.0,0.66,296.0,0.58,312.4,0.67,385.0,0.57,404.0,0.68,345.0,0.36,72.93,0.39,215.0,0.35,302.0,0.4,249.0,0.34,284.0,0.41,403.0,0.33,385.0,0.42,312.4,0.32,345.0,0.43,404.0
2026-01-07 06:18:13.653000+00:00,2026-01-07 06:18:10.976878+00:00,193.653,0.625,0.62,0.63,0.375,0.37,0.38,27.01,423.73,423.73,27.01,0.61,138.0,0.64,187.43,0.6,308.0,0.65,479.0,0.59,388.0,0.66,350.0,0.58,327.4,0.67,373.0,0.57,404.0,0.68,345.0,0.36,199.43,0.39,90.0,0.35,479.0,0.4,356.0,0.34,338.0,0.41,403.0,0.33,373.0,0.42,312.4,0.32,345.0,0.43,404.0
2026-01-07 06:18:14.575000+00:00,2026-01-07 06:18:11.982836+00:00,194.575,0.605,0.6,0.61,0.395,0.39,0.4,158.0,20.0,20.0,163.0,0.59,88.0,0.62,228.0,0.58,214.4,0.63,496.73,0.57,388.0,0.64,324.43,0.56,611.25,0.65,408.0,0.55,397.0,0.66,375.0,0.38,228.0,0.41,88.0,0.37,496.73,0.42,214.4,0.36,324.43,0.43,388.0,0.35,408.0,0.44,611.25,0.34,375.0,0.45,397.0
2026-01-07 06:18:15.572000+00:00,2026-01-07 06:18:12.988107+00:00,195.572,0.585,0.57,0.6,0.415,0.41,0.42,101.0,105.0,65.0,35.0,0.56,269.25,0.61,254.0,0.55,396.0,0.62,320.0,0.54,699.18,0.63,346.0,0.53,404.0,0.64,384.43,0.52,397.9,0.65,384.0,0.4,60.0,0.43,111.0,0.39,284.0,0.44,269.25,0.38,264.0,0.45,396.0,0.37,449.0,0.46,734.18,0.36,384.43,0.47,404.0
2026-01-07 06:18:16.601000+00:00,2026-01-07 06:18:14.011583+00:00,196.601,0.585,0.58,0.59,0.415,0.41,0.42,35.0,92.66,92.66,35.0,0.57,131.34,0.6,80.0,0.56,214.0,0.61,259.0,0.55,396.0,0.62,338.0,0.54,734.18,0.63,369.0,0.53,404.0,0.64,384.43,0.4,80.0,0.43,143.34,0.39,247.0,0.44,238.0,0.38,350.0,0.45,396.0,0.37,381.0,0.46,734.18,0.36,396.43,0.47,404.0
2026-01-07 06:18:17.639000+00:00,2026-01-07 06:18:15.017115+00:00,197.639,0.575,0.57,0.58,0.425,0.42,0.43,197.34,5.0,5.0,173.34,0.56,119.0,0.59,117.66,0.55,396.0,0.6,55.0,0.54,729.18,0.61,496.0,0.53,439.0,0.62,350.0,0.52,397.9,0.63,386.6,0.41,117.66,0.44,143.0,0.4,55.0,0.45,396.0,0.39,508.0,0.46,729.18,0.38,338.0,0.47,439.0,0.37,398.6,0.48,397.9
2026-01-07 06:18:18.620000+00:00,2026-01-07 06:18:16.027200+00:00,198.62,0.575,0.57,0.58,0.425,0.42,0.43,5.0,90.0,85.0,5.0,0.56,135.25,0.59,122.0,0.55,276.0,0.6,125.0,0.54,744.18,0.61,272.0,0.53,509.0,0.62,459.0,0.52,502.9,0.63,374.6,0.41,122.0,0.44,135.25,0.4,125.0,0.45,276.0,0.39,272.0,0.46,744.18,0.38,459.0,0.47,509.0,0.37,374.6,0.48,502.9
2026-01-07 06:18:19.593000+00:00,2026-01-07 06:18:17.027882+00:00,199.593,0.575,0.57,0.58,0.425,0.42,0.43,5.0,123.0,156.0,5.0,0.56,140.25,0.59,52.0,0.55,291.0,0.6,177.0,0.54,729.18,0.61,272.0,0.53,509.0,0.62,459.0,0.52,502.9,0.63,339.6,0.41,85.0,0.44,140.25,0.4,162.0,0.45,276.0,0.39,272.0,0.46,744.18,0.38,447.0,0.47,509.0,0.37,339.6,0.48,502.9
2026-01-07 06:18:20.650000+00:00,2026-01-07 06:18:18.035156+00:00,200.65,0.565,0.56,0.57,0.435,0.43,0.44,5.0,143.4,138.4,5.0,0.54,182.43,0.58,262.0,0.53,79.0,0.59,260.0,0.52,311.9,0.6,558.0,0.51,851.23,0.61,398.5,0.5,927.54,0.62,339.5,0.42,262.0,0.45,5.0,0.41,260.0,0.46,182.43,0.4,558.0,0.47,79.0,0.39,398.5,0.48,311.9,0.38,344.5,0.49,851.23
2026-01-07 06:18:21.656000+00:00,2026-01-07 06:18:19.058992+00:00,201.656,0.53,0.52,0.54,0.475,0.47,0.48,106.9,122.0,40.4,91.9,0.51,708.48,0.55,152.0,0.5,533.54,0.56,214.0,0.49,462.6,0.57,387.0,0.48,858.1,0.58,393.0,0.47,479.0,0.59,393.0,0.46,162.0,0.49,703.48,0.45,202.0,0.5,538.54,0.44,199.0,0.51,462.6,0.43,372.0,0.52,858.1,0.42,358.0,0.53,479.0
2026-01-07 06:18:22.546000+00:00,2026-01-07 06:18:20.069438+00:00,202.546,0.525,0.52,0.53,0.475,0.47,0.48,137.24,50.0,50.0,137.24,0.51,674.23,0.54,276.0,0.5,528.54,0.55,263.0,0.49,462.6,0.56,260.0,0.48,718.1,0.57,342.0,0.47,479.0,0.58,363.3,0.46,276.0,0.49,674.23,0.45,263.0,0.5,650.54,0.44,260.0,0.51,462.6,0.43,342.0,0.52,718.1,0.42,363.3,0.53,479.0
2026-01-07 06:18:23.674000+00:00,2026-01-07 06:18:21.076672+00:00,203.674,0.525,0.52,0.53,0.475,0.47,0.48,137.24,50.0,50.0,137.24,0.51,674.23,0.54,93.0,0.5,781.54,0.55,275.0,0.49,602.6,0.56,260.0,0.48,858.1,0.57,347.3,0.47,409.0,0.58,363.3,0.46,93.0,0.49,674.23,0.45,275.0,0.5,781.54,0.44,260.0,0.51,602.6,0.43,347.3,0.52,858.1,0.42,363.3,0.53,409.0
2026-01-07 06:18:24.648000+00:00,2026-01-07 06:18:22.069269+00:00,204.648,0.525,0.52,0.53,0.475,0.47,0.48,8.9,413.4,421.4,8.9,0.51,413.23,0.54,295.0,0.5,686.54,0.55,393.0,0.49,527.94,0.56,629.0,0.48,703.1,0.57,398.3,0.47,339.0,0.58,339.3,0.46,295.0,0.49,413.23,0.45,393.0,0.5,701.54,0.44,686.0,0.51,512.94,0.43,398.3,0.52,703.1,0.42,339.3,0.53,339.0
2026-01-07 06:18:25.654000+00:00,2026-01-07 06:18:23.079031+00:00,205.654,0.515,0.51,0.52,0.485,0.48,0.49,6.23,289.1,289.1,6.23,0.5,513.54,0.53,150.04,0.49,552.94,0.54,381.0,0.48,434.1,0.55,437.0,0.47,10.0,0.56,582.0,0.46,207.6,0.57,363.3,0.47,150.04,0.5,513.54,0.46,393.0,0.51,564.94,0.45,437.0,0.52,434.1,0.44,582.0,0.53,10.0,0.43,363.3,0.54,207.6
2026-01-07 06:18:26.440000+00:00,2026-01-07 06:18:24.083815+00:00,206.44,0.515,0.51,0.52,0.485,0.48,0.49,31.23,274.1,274.1,31.23,0.5,588.54,0.53,162.04,0.49,543.6,0.54,393.0,0.48,434.1,0.55,381.0,0.47,234.0,0.56,415.0,0.46,207.6,0.57,363.3,0.47,162.04,0.5,588.54,0.46,393.0,0.51,538.6,0.45,381.0,0.52,434.1,0.44,415.0,0.53,234.0,0.43,363.3,0.54,207.6
2026-01-07 06:18:27.687000+00:00,2026-01-07 06:18:25.106774+00:00,207.687,0.515,0.51,0.52,0.485,0.48,0.49,31.23,284.1,284.1,31.23,0.5,588.54,0.53,162.04,0.49,538.6,0.54,393.0,0.48,434.1,0.55,381.0,0.47,234.0,0.56,415.0,0.46,207.6,0.57,363.3,0.47,162.04,0.5,588.54,0.46,393.0,0.51,538.6,0.45,381.0,0.52,434.1,0.44,415.0,0.53,234.0,0.43,363.3,0.54,207.6
2026-01-07 06:18:28.706000+00:00,2026-01-07 06:18:26.112099+00:00,208.706,0.515,0.51,0.52,0.485,0.48,0.49,31.23,298.31,298.31,31.23,0.5,601.54,0.53,162.04,0.49,538.6,0.54,393.0,0.48,434.1,0.55,437.0,0.47,234.0,0.56,358.0,0.46,207.6,0.57,363.3,0.47,162.04,0.5,601.54,0.46,393.0,0.51,538.6,0.45,437.0,0.52,434.1,0.44,358.0,0.53,234.0,0.43,363.3,0.54,207.6
2026-01-07 06:18:29.631000+00:00,2026-01-07 06:18:27.119024+00:00,209.631,0.515,0.51,0.52,0.485,0.48,0.49,31.23,298.31,323.31,18.23,0.5,676.54,0.53,162.04,0.49,678.6,0.54,393.0,0.48,574.1,0.55,437.0,0.47,426.0,0.56,358.0,0.46,259.6,0.57,363.3,0.47,253.04,0.5,490.54,0.46,647.0,0.51,537.59,0.45,393.0,0.52,549.1,0.44,346.0,0.53,507.0,0.43,375.3,0.54,320.6
2026-01-07 06:18:30.651000+00:00,2026-01-07 06:18:28.127225+00:00,210.651,0.505,0.5,0.51,0.495,0.49,0.5,478.54,125.0,125.0,478.54,0.49,641.59,0.52,228.31,0.48,549.1,0.53,320.04,0.47,394.0,0.54,670.0,0.46,212.6,0.55,358.0,0.45,263.0,0.56,358.0,0.48,218.31,0.51,641.59,0.47,320.04,0.52,549.1,0.46,670.0,0.53,394.0,0.45,358.0,0.54,212.6,0.44,358.0,0.55,263.0
2026-01-07 06:18:31.757000+00:00,2026-01-07 06:18:29.152801+00:00,211.757,0.505,0.5,0.51,0.495,0.49,0.5,448.54,118.0,421.0,448.54,0.49,472.6,0.52,431.31,0.48,379.1,0.53,278.04,0.47,20.0,0.54,369.0,0.46,37.6,0.55,334.0,0.45,207.5,0.56,349.0,0.48,443.31,0.51,472.6,0.47,278.04,0.52,379.1,0.46,369.0,0.53,20.0,0.45,334.0,0.54,42.6,0.44,349.0,0.55,267.5
2026-01-07 06:18:32.764000+00:00,2026-01-07 06:18:30.157893+00:00,212.764,0.485,0.48,0.49,0.515,0.51,0.52,156.11,124.32,124.32,156.11,0.47,12.0,0.5,349.0,0.46,216.59,0.51,441.0,0.45,50.0,0.52,353.31,0.44,70.0,0.53,250.04,0.43,65.0,0.54,358.0,0.5,349.0,0.53,12.0,0.49,441.0,0.54,216.59,0.48,353.31,0.55,50.0,0.47,250.04,0.56,105.0,0.46,358.0,0.57,40.0
2026-01-07 06:18:33.750000+00:00,2026-01-07 06:18:31.160787+00:00,213.75,0.485,0.48,0.49,0.515,0.51,0.52,151.11,109.64,109.64,156.11,0.47,36.0,0.5,344.0,0.46,161.59,0.51,441.0,0.45,50.0,0.52,341.31,0.44,105.0,0.53,255.24,0.43,40.0,0.54,363.2,0.5,344.0,0.53,72.0,0.49,429.0,0.54,156.59,0.48,341.31,0.55,85.0,0.47,267.24,0.56,80.0,0.46,363.2,0.57,65.0
2026-01-07 06:18:34.678000+00:00,2026-01-07 06:18:32.166564+00:00,214.678,0.485,0.48,0.49,0.515,0.51,0.52,150.86,184.31,189.87,150.86,0.47,142.0,0.5,344.0,0.46,196.6,0.51,441.0,0.45,275.0,0.52,346.51,0.44,150.0,0.53,267.24,0.43,135.0,0.54,363.2,0.5,344.0,0.53,142.0,0.49,441.0,0.54,196.6,0.48,346.51,0.55,275.0,0.47,267.24,0.56,150.0,0.46,363.2,0.57,135.0
2026-01-07 06:18:35.609000+00:00,2026-01-07 06:18:33.173856+00:00,215.609,0.485,0.48,0.49,0.515,0.51,0.52,132.14,189.87,189.87,132.14,0.47,142.0,0.5,344.0,0.46,196.6,0.51,441.0,0.45,275.0,0.52,346.51,0.44,150.0,0.53,267.24,0.43,135.0,0.54,363.2,0.5,344.0,0.53,147.0,0.49,441.0,0.54,196.6,0.48,346.51,0.55,275.0,0.47,267.24,0.56,150.0,0.46,363.2,0.57,135.0
2026-01-07 06:18:36.760000+00:00,2026-01-07 06:18:34.176683+00:00,216.76,0.485,0.48,0.49,0.515,0.51,0.52,126.37,202.82,232.82,126.37,0.47,147.0,0.5,344.0,0.46,196.6,0.51,441.0,0.45,245.0,0.52,346.51,0.44,195.0,0.53,267.24,0.43,110.0,0.54,363.2,0.5,344.0,0.53,147.0,0.49,441.0,0.54,196.6,0.48,346.51,0.55,245.0,0.47,267.24,0.56,195.0,0.46,363.2,0.57,110.0
2026-01-07 06:18:37.723000+00:00,2026-01-07 06:18:35.199597+00:00,217.723,0.485,0.48,0.49,0.515,0.51,0.52,126.37,222.82,222.82,126.37,0.47,147.0,0.5,344.0,0.46,196.6,0.51,441.0,0.45,240.0,0.52,346.51,0.44,195.0,0.53,267.24,0.43,110.0,0.54,363.2,0.5,344.0,0.53,147.0,0.49,441.0,0.54,196.6,0.48,346.51,0.55,240.0,0.47,267.24,0.56,195.0,0.46,363.2,0.57,110.0
2026-01-07 06:18:38.787000+00:00,2026-01-07 06:18:36.207275+00:00,218.787,0.485,0.48,0.49,0.515,0.51,0.52,121.37,446.82,446.82,129.37,0.47,152.0,0.5,344.0,0.46,296.59,0.51,429.0,0.45,170.0,0.52,346.51,0.44,160.0,0.53,255.24,0.43,100.0,0.54,363.2,0.5,344.0,0.53,152.0,0.49,429.0,0.54,296.59,0.48,346.51,0.55,223.0,0.47,255.24,0.56,170.0,0.46,363.2,0.57,135.0
2026-01-07 06:18:39.815000+00:00,2026-01-07 06:18:37.214972+00:00,219.815,0.485,0.48,0.49,0.515,0.51,0.52,259.36,388.04,388.04,216.36,0.47,237.0,0.5,344.0,0.46,389.6,0.51,405.0,0.45,423.0,0.52,334.51,0.44,408.0,0.53,243.24,0.43,256.0,0.54,339.2,0.5,314.0,0.53,259.5,0.49,354.0,0.54,374.6,0.48,329.31,0.55,423.0,0.47,255.24,0.56,408.0,0.46,363.2,0.57,256.0
2026-01-07 06:18:40.668000+00:00,2026-01-07 06:18:38.207082+00:00,220.668,0.485,0.48,0.49,0.515,0.51,0.52,286.36,344.23,344.23,286.36,0.47,363.0,0.5,10.0,0.46,420.6,0.51,50.0,0.45,484.0,0.52,45.0,0.44,469.0,0.53,30.0,0.43,256.0,0.54,400.0,0.5,10.0,0.53,363.0,0.49,50.0,0.54,420.6,0.48,45.0,0.55,484.0,0.47,30.0,0.56,469.0,0.46,400.0,0.57,256.0
2026-01-07 06:18:41.817000+00:00,2026-01-07 06:18:39.230350+00:00,221.817,0.485,0.48,0.49,0.515,0.51,0.52,174.99,120.23,85.23,165.69,0.47,438.5,0.5,40.0,0.46,420.6,0.51,74.0,0.45,484.0,0.52,121.0,0.44,469.0,0.53,54.0,0.43,480.0,0.54,358.0,0.5,30.0,0.53,438.5,0.49,74.0,0.54,385.6,0.48,121.0,0.55,474.0,0.47,54.0,0.56,434.0,0.46,358.0,0.57,480.0
2026-01-07 06:18:42.781000+00:00,2026-01-07 06:18:40.238459+00:00,222.781,0.485,0.48,0.49,0.515,0.51,0.52,325.69,85.23,85.23,329.45,0.47,453.0,0.5,35.0,0.46,395.6,0.51,84.0,0.45,509.0,0.52,69.0,0.44,469.0,0.53,54.0,0.43,480.0,0.54,416.0,0.5,35.0,0.53,453.0,0.49,84.0,0.54,395.6,0.48,121.0,0.55,509.0,0.47,54.0,0.56,469.0,0.46,363.0,0.57,480.0
2026-01-07 06:18:43.640000+00:00,2026-01-07 06:18:41.246341+00:00,223.64,0.485,0.48,0.49,0.515,0.51,0.52,403.74,16.31,16.31,398.74,0.47,467.5,0.51,333.0,0.46,432.6,0.52,131.0,0.45,439.0,0.53,54.0,0.44,469.0,0.54,237.0,0.43,343.0,0.55,339.3,0.49,333.0,0.53,479.5,0.48,131.0,0.54,432.6,0.47,54.0,0.55,439.0,0.46,237.0,0.56,469.0,0.45,339.3,0.57,404.0
2026-01-07 06:18:44.783000+00:00,2026-01-07 06:18:42.253910+00:00,224.783,0.485,0.48,0.49,0.515,0.51,0.52,407.74,16.31,16.31,407.74,0.47,428.0,0.51,333.0,0.46,420.6,0.52,79.0,0.45,509.0,0.53,54.0,0.44,469.0,0.54,290.0,0.43,404.0,0.55,339.3,0.49,333.0,0.53,428.0,0.48,79.0,0.54,420.6,0.47,54.0,0.55,509.0,0.46,290.0,0.56,469.0,0.45,339.3,0.57,404.0
2026-01-07 06:18:45.869000+00:00,2026-01-07 06:18:43.272773+00:00,225.869,0.485,0.48,0.49,0.515,0.51,0.52,405.02,22.31,22.31,417.02,0.47,404.0,0.51,333.0,0.46,420.6,0.52,97.0,0.45,509.0,0.53,54.0,0.44,469.0,0.54,237.0,0.43,404.0,0.55,339.3,0.49,333.0,0.53,416.0,0.48,97.0,0.54,420.6,0.47,54.0,0.55,509.0,0.46,290.0,0.56,469.0,0.45,339.3,0.57,404.0
2026-01-07 06:18:46.850000+00:00,2026-01-07 06:18:44.293399+00:00,226.85,0.485,0.48,0.49,0.515,0.51,0.52,397.02,22.31,22.31,392.02,0.47,549.5,0.51,286.0,0.46,541.6,0.52,110.0,0.45,509.0,0.53,76.0,0.44,693.0,0.54,112.0,0.43,404.0,0.55,47.3,0.49,286.0,0.53,544.5,0.48,110.0,0.54,541.6,0.47,76.0,0.55,509.0,0.46,112.0,0.56,693.0,0.45,47.3,0.57,404.0
2026-01-07 06:18:47.773000+00:00,2026-01-07 06:18:45.300760+00:00,227.773,0.485,0.48,0.49,0.515,0.51,0.52,226.0,94.31,124.31,226.0,0.47,564.0,0.5,84.0,0.46,565.6,0.51,329.0,0.45,608.5,0.52,92.0,0.44,693.0,0.53,52.0,0.43,404.0,0.54,30.0,0.5,84.0,0.53,564.0,0.49,329.0,0.54,565.6,0.48,92.0,0.55,608.5,0.47,52.0,0.56,693.0,0.46,30.0,0.57,404.0
2026-01-07 06:18:48.936000+00:00,2026-01-07 06:18:46.323707+00:00,228.936,0.46499999999999997,0.46,0.47,0.535,0.53,0.54,32.6,48.0,153.0,32.6,0.45,20.0,0.48,248.0,0.44,30.0,0.49,406.31,0.43,12.5,0.5,384.0,0.41,195.0,0.51,334.0,0.4,555.99,0.52,349.0,0.52,235.0,0.55,20.0,0.51,376.31,0.56,10.0,0.5,384.0,0.57,12.5,0.49,334.0,0.59,12.0,0.48,349.0,0.6,251.99
2026-01-07 06:18:49.947000+00:00,2026-01-07 06:18:47.344897+00:00,229.947,0.41000000000000003,0.4,0.42,0.595,0.59,0.6,165.0,54.99,35.0,165.0,0.39,160.0,0.43,54.55,0.38,419.5,0.44,469.0,0.37,344.0,0.45,257.0,0.36,314.0,0.46,291.4,0.35,344.0,0.47,358.0,0.58,59.99,0.61,172.0,0.57,56.55,0.62,407.0,0.56,469.0,0.63,344.0,0.55,257.0,0.64,314.0,0.54,291.4,0.65,344.0
2026-01-07 06:18:50.949000+00:00,2026-01-07 06:18:48.355404+00:00,230.949,0.405,0.4,0.41,0.595,0.59,0.6,175.0,45.0,45.0,180.0,0.39,184.0,0.42,59.99,0.38,407.0,0.43,56.55,0.37,223.0,0.44,481.0,0.36,384.0,0.45,257.0,0.35,484.0,0.46,315.4,0.58,59.99,0.61,179.0,0.57,56.55,0.62,442.0,0.56,481.0,0.63,198.0,0.55,257.0,0.64,409.0,0.54,315.4,0.65,484.0
2026-01-07 06:18:51.895000+00:00,2026-01-07 06:18:49.361746+00:00,231.895,0.405,0.4,0.41,0.595,0.59,0.6,177.83,53.47,53.47,177.83,0.39,164.0,0.42,59.99,0.38,457.0,0.43,56.55,0.37,198.0,0.44,481.0,0.36,409.0,0.45,257.0,0.35,484.0,0.46,315.4,0.58,59.99,0.61,164.0,0.57,56.55,0.62,457.0,0.56,481.0,0.63,198.0,0.55,257.0,0.64,409.0,0.54,315.4,0.65,484.0
2026-01-07 06:18:52.727000+00:00,2026-01-07 06:18:50.375740+00:00,232.727,0.405,0.4,0.41,0.595,0.59,0.6,177.83,50.78,50.78,177.83,0.39,164.0,0.42,59.99,0.38,457.0,0.43,68.55,0.37,268.0,0.44,469.0,0.36,479.0,0.45,257.0,0.35,484.0,0.46,315.4,0.58,59.99,0.61,164.0,0.57,68.55,0.62,457.0,0.56,469.0,0.63,268.0,0.55,257.0,0.64,479.0,0.54,315.4,0.65,484.0
2026-01-07 06:18:53.852000+00:00,2026-01-07 06:18:51.384220+00:00,233.852,0.405,0.4,0.41,0.595,0.59,0.6,215.83,50.78,50.78,213.66,0.39,234.0,0.42,59.99,0.38,597.0,0.43,68.55,0.37,338.0,0.44,469.0,0.36,409.0,0.45,257.0,0.35,414.0,0.46,315.4,0.58,59.99,0.61,234.0,0.57,68.55,0.62,597.0,0.56,469.0,0.63,338.0,0.55,257.0,0.64,409.0,0.54,315.4,0.65,414.0
2026-01-07 06:18:54.961000+00:00,2026-01-07 06:18:52.406754+00:00,234.961,0.405,0.4,0.41,0.595,0.59,0.6,204.66,44.78,44.78,204.66,0.39,234.0,0.42,59.99,0.38,597.0,0.43,68.55,0.37,338.0,0.44,469.0,0.36,409.0,0.45,257.0,0.35,414.0,0.46,315.4,0.58,59.99,0.61,234.0,0.57,68.55,0.62,597.0,0.56,469.0,0.63,338.0,0.55,257.0,0.64,409.0,0.54,315.4,0.65,414.0
2026-01-07 06:18:56.001000+00:00,2026-01-07 06:18:53.415131+00:00,236.001,0.405,0.4,0.41,0.595,0.59,0.6,204.66,42.34,42.34,204.66,0.39,234.0,0.42,59.99,0.38,597.0,0.43,68.55,0.37,338.0,0.44,469.0,0.36,409.0,0.45,257.0,0.35,414.0,0.46,315.4,0.58,59.99,0.61,234.0,0.57,68.55,0.62,597.0,0.56,469.0,0.63,338.0,0.55,257.0,0.64,409.0,0.54,315.4,0.65,414.0
2026-01-07 06:18:57.003000+00:00,2026-01-07 06:18:54.406115+00:00,237.003,0.405,0.4,0.41,0.595,0.59,0.6,204.66,42.34,42.34,204.66,0.39,234.0,0.42,59.99,0.38,414.0,0.43,68.55,0.37,338.0,0.44,469.0,0.36,409.0,0.45,257.0,0.35,414.0,0.46,315.4,0.58,59.99,0.61,234.0,0.57,68.55,0.62,414.0,0.56,469.0,0.63,338.0,0.55,257.0,0.64,409.0,0.54,315.4,0.65,414.0
2026-01-07 06:18:58.998000+00:00,2026-01-07 06:18:56.431648+00:00,238.998,0.405,0.4,0.41,0.595,0.59,0.6,194.16,40.25,40.25,194.16,0.39,234.0,0.42,59.99,0.38,411.5,0.43,68.55,0.37,338.0,0.44,469.0,0.36,409.0,0.45,212.0,0.35,414.0,0.46,361.4,0.58,59.99,0.61,219.0,0.57,68.55,0.62,426.5,0.56,469.0,0.63,338.0,0.55,212.0,0.64,409.0,0.54,361.4,0.65,414.0
2026-01-07 06:18:59.994000+00:00,2026-01-07 06:18:57.440173+00:00,239.994,0.405,0.4,0.41,0.595,0.59,0.6,191.99,40.25,40.25,191.99,0.39,249.0,0.42,59.99,0.38,399.0,0.43,68.55,0.37,338.0,0.44,469.0,0.36,409.0,0.45,212.0,0.35,414.0,0.46,361.4,0.58,59.99,0.61,249.0,0.57,68.55,0.62,399.0,0.56,469.0,0.63,338.0,0.55,212.0,0.64,409.0,0.54,361.4,0.65,414.0
2026-01-07 06:19:01.822000+00:00,2026-01-07 06:18:59.470420+00:00,241.822,0.405,0.4,0.41,0.595,0.59,0.6,119.99,90.25,75.25,119.99,0.39,239.0,0.42,40.0,0.38,609.5,0.43,68.55,0.37,338.0,0.44,469.0,0.36,409.0,0.45,257.0,0.35,414.0,0.46,315.4,0.58,40.0,0.61,239.0,0.57,68.55,0.62,609.5,0.56,469.0,0.63,338.0,0.55,257.0,0.64,409.0,0.54,315.4,0.65,414.0
2026-01-07 06:19:03.079000+00:00,2026-01-07 06:19:00.491723+00:00,243.079,0.405,0.4,0.41,0.595,0.59,0.6,114.99,75.25,75.25,114.99,0.39,239.0,0.42,40.0,0.38,609.5,0.43,68.55,0.37,338.0,0.44,514.0,0.36,409.0,0.45,212.0,0.35,414.0,0.46,315.4,0.58,40.0,0.61,244.0,0.57,68.55,0.62,609.5,0.56,514.0,0.63,338.0,0.55,212.0,0.64,409.0,0.54,315.4,0.65,414.0
2026-01-07 06:19:04.034000+00:00,2026-01-07 06:19:01.499490+00:00,244.034,0.405,0.4,0.41,0.595,0.59,0.6,104.99,75.25,90.25,89.99,0.39,253.99,0.42,40.0,0.38,609.5,0.43,86.55,0.37,338.0,0.44,451.0,0.36,409.0,0.45,257.0,0.35,414.0,0.46,315.4,0.58,40.0,0.61,253.99,0.57,86.55,0.62,582.0,0.56,451.0,0.63,368.0,0.55,257.0,0.64,409.0,0.54,315.4,0.65,414.0
2026-01-07 06:19:05.047000+00:00,2026-01-07 06:19:02.505762+00:00,245.047,0.405,0.4,0.41,0.595,0.59,0.6,47.99,130.25,130.25,47.99,0.39,241.99,0.42,52.0,0.38,606.0,0.43,98.55,0.37,368.0,0.44,483.0,0.36,409.0,0.45,212.0,0.35,414.0,0.46,303.4,0.58,52.0,0.61,241.99,0.57,98.55,0.62,606.0,0.56,483.0,0.63,368.0,0.55,212.0,0.64,409.0,0.54,303.4,0.65,414.0
2026-01-07 06:19:06.071000+00:00,2026-01-07 06:19:03.512117+00:00,246.071,0.405,0.4,0.41,0.595,0.59,0.6,38.99,130.25,130.25,38.99,0.39,241.99,0.42,52.0,0.38,606.0,0.43,98.55,0.37,368.0,0.44,484.0,0.36,409.0,0.45,212.0,0.35,414.0,0.46,303.4,0.58,52.0,0.61,241.99,0.57,98.55,0.62,606.0,0.56,484.0,0.63,368.0,0.55,212.0,0.64,409.0,0.54,303.4,0.65,414.0
2026-01-07 06:19:07.105000+00:00,2026-01-07 06:19:04.516858+00:00,247.105,0.39,0.38,0.4,0.625,0.62,0.63,20.0,30.0,175.0,5.0,0.37,5.0,0.41,498.25,0.36,128.5,0.42,368.0,0.35,85.0,0.43,415.55,0.34,45.0,0.44,324.0,0.33,274.0,0.45,309.0,0.61,152.0,0.64,136.0,0.6,176.0,0.65,65.0,0.59,461.47,0.66,57.5,0.58,358.0,0.67,279.0,0.57,415.55,0.68,10.0
2026-01-07 06:19:08.069000+00:00,2026-01-07 06:19:05.522400+00:00,248.069,0.375,0.37,0.38,0.625,0.62,0.63,114.83,211.42,211.42,114.83,0.36,126.0,0.39,260.0,0.35,35.0,0.4,237.0,0.34,35.0,0.41,369.47,0.33,269.0,0.42,370.0,0.32,10.0,0.43,415.55,0.61,260.0,0.64,126.0,0.6,237.0,0.65,35.0,0.59,369.47,0.66,35.0,0.58,370.0,0.67,269.0,0.57,415.55,0.68,10.0
2026-01-07 06:19:09.079000+00:00,2026-01-07 06:19:06.527918+00:00,249.079,0.375,0.37,0.38,0.625,0.62,0.63,36.0,271.42,271.42,36.0,0.36,165.0,0.39,241.0,0.35,35.0,0.4,225.0,0.34,30.0,0.41,381.47,0.33,269.0,0.42,412.0,0.32,10.0,0.43,360.55,0.61,241.0,0.64,165.0,0.6,225.0,0.65,20.0,0.59,381.47,0.66,45.0,0.58,412.0,0.67,269.0,0.57,360.55,0.68,10.0
2026-01-07 06:19:10.121000+00:00,2026-01-07 06:19:07.547448+00:00,250.121,0.365,0.36,0.37,0.635,0.63,0.64,227.0,35.0,35.0,157.0,0.35,216.0,0.38,246.42,0.34,197.5,0.39,243.0,0.33,339.0,0.4,225.0,0.32,80.0,0.41,393.47,0.31,414.0,0.42,400.0,0.62,246.42,0.65,246.0,0.61,243.0,0.66,170.0,0.6,225.0,0.67,339.0,0.59,393.47,0.68,80.0,0.58,400.0,0.69,414.0
2026-01-07 06:19:11.161000+00:00,2026-01-07 06:19:08.566649+00:00,251.161,0.365,0.36,0.37,0.635,0.63,0.64,168.0,35.0,35.0,144.0,0.35,193.0,0.38,246.42,0.34,197.5,0.39,243.0,0.33,409.0,0.4,449.0,0.32,80.0,0.41,369.47,0.31,414.0,0.42,400.0,0.62,246.42,0.65,205.0,0.61,243.0,0.66,197.5,0.6,461.0,0.67,409.0,0.59,381.47,0.68,80.0,0.58,400.0,0.69,414.0
2026-01-07 06:19:12.186000+00:00,2026-01-07 06:19:09.588212+00:00,252.186,0.365,0.36,0.37,0.635,0.63,0.64,114.0,50.0,35.0,147.0,0.35,265.0,0.38,286.42,0.34,209.0,0.39,267.0,0.33,409.0,0.4,461.0,0.32,100.0,0.41,369.47,0.31,293.0,0.42,358.0,0.62,286.42,0.65,262.0,0.61,267.0,0.66,209.0,0.6,461.0,0.67,409.0,0.59,369.47,0.68,100.0,0.58,358.0,0.69,293.0
2026-01-07 06:19:13.962000+00:00,2026-01-07 06:19:11.604965+00:00,253.962,0.365,0.36,0.37,0.635,0.63,0.64,159.0,35.0,35.0,159.0,0.35,289.0,0.38,110.0,0.34,170.0,0.39,60.0,0.33,592.0,0.4,473.0,0.32,404.0,0.41,381.47,0.31,434.0,0.42,358.0,0.62,60.0,0.65,289.0,0.61,79.0,0.66,170.0,0.6,473.0,0.67,592.0,0.59,381.47,0.68,404.0,0.58,358.0,0.69,434.0
2026-01-07 06:19:15.191000+00:00,2026-01-07 06:19:12.609682+00:00,255.191,0.365,0.36,0.37,0.635,0.63,0.64,157.81,50.0,15.0,172.81,0.35,289.0,0.38,80.0,0.34,170.0,0.39,60.0,0.33,592.0,0.4,473.0,0.32,404.0,0.41,366.47,0.31,434.0,0.42,358.0,0.62,70.0,0.65,289.0,0.61,60.0,0.66,170.0,0.6,473.0,0.67,557.0,0.59,366.47,0.68,394.0,0.58,358.0,0.69,434.0
2026-01-07 06:19:16.129000+00:00,2026-01-07 06:19:13.616814+00:00,256.129,0.37,0.36,0.38,0.605,0.59,0.62,1003.31,10.0,8.47,112.0,0.35,419.0,0.41,8.47,0.34,439.0,0.43,20.0,0.33,419.0,0.45,233.0,0.32,429.0,0.46,431.4,0.31,414.0,0.47,433.0,0.57,20.0,0.63,174.0,0.55,75.0,0.64,963.31,0.54,170.0,0.65,409.0,0.53,312.0,0.66,439.0,0.52,403.0,0.67,384.0
2026-01-07 06:19:17.233000+00:00,2026-01-07 06:19:14.637142+00:00,257.233,0.46499999999999997,0.46,0.47,0.535,0.53,0.54,335.99,75.0,75.0,360.99,0.45,322.0,0.48,75.0,0.44,313.0,0.49,303.31,0.43,319.75,0.5,508.82,0.42,532.0,0.51,495.82,0.41,295.53,0.52,399.0,0.52,75.0,0.55,307.0,0.51,120.31,0.56,308.0,0.5,387.82,0.57,380.75,0.49,444.82,0.58,593.0,0.48,399.0,0.59,310.53
2026-01-07 06:19:18.237000+00:00,2026-01-07 06:19:15.645804+00:00,258.237,0.485,0.48,0.49,0.515,0.51,0.52,93.99,21.31,21.31,93.99,0.47,284.0,0.5,117.99,0.46,271.33,0.51,188.82,0.45,387.0,0.52,154.0,0.44,369.0,0.53,100.0,0.43,362.75,0.54,415.2,0.5,117.99,0.53,296.0,0.49,188.82,0.54,266.33,0.48,102.0,0.55,387.0,0.47,100.0,0.56,369.0,0.46,468.2,0.57,362.75
2026-01-07 06:19:19.245000+00:00,2026-01-07 06:19:16.653138+00:00,259.245,0.485,0.48,0.49,0.515,0.51,0.52,144.99,21.31,21.31,139.99,0.47,136.0,0.5,129.99,0.46,154.83,0.51,174.82,0.45,284.0,0.52,285.0,0.44,369.0,0.53,404.0,0.43,327.75,0.54,468.2,0.5,141.99,0.53,136.0,0.49,174.82,0.54,190.83,0.48,285.0,0.55,338.0,0.47,404.0,0.56,369.0,0.46,480.2,0.57,327.75
2026-01-07 06:19:20.236000+00:00,2026-01-07 06:19:17.646241+00:00,260.236,0.485,0.48,0.49,0.515,0.51,0.52,139.99,39.31,39.31,139.99,0.47,136.0,0.5,136.99,0.46,118.83,0.51,186.82,0.45,266.0,0.52,273.0,0.44,369.0,0.53,404.0,0.43,327.75,0.54,480.2,0.5,136.99,0.53,136.0,0.49,186.82,0.54,118.83,0.48,273.0,0.55,266.0,0.47,404.0,0.56,369.0,0.46,480.2,0.57,327.75
2026-01-07 06:19:21.272000+00:00,2026-01-07 06:19:18.670499+00:00,261.272,0.485,0.48,0.49,0.515,0.51,0.52,134.99,42.26,42.26,134.99,0.47,141.0,0.5,360.99,0.46,188.83,0.51,150.82,0.45,406.0,0.52,273.0,0.44,509.0,0.53,404.0,0.43,397.75,0.54,480.2,0.5,396.99,0.53,141.0,0.49,150.82,0.54,188.83,0.48,273.0,0.55,406.0,0.47,404.0,0.56,388.0,0.46,480.2,0.57,397.75
2026-01-07 06:19:22.270000+00:00,2026-01-07 06:19:19.672245+00:00,262.27,0.485,0.48,0.49,0.515,0.51,0.52,139.99,7.89,7.89,139.99,0.47,211.0,0.5,401.99,0.46,278.5,0.51,150.82,0.45,388.0,0.52,278.0,0.44,338.0,0.53,404.0,0.43,397.75,0.54,480.2,0.5,401.99,0.53,211.0,0.49,150.82,0.54,278.5,0.48,278.0,0.55,388.0,0.47,404.0,0.56,338.0,0.46,480.2,0.57,397.75
2026-01-07 06:19:23.111000+00:00,2026-01-07 06:19:20.680522+00:00,263.111,0.485,0.48,0.49,0.515,0.51,0.52,139.99,7.89,7.89,139.99,0.47,211.0,0.5,401.99,0.46,278.5,0.51,150.82,0.45,388.0,0.52,278.0,0.44,338.0,0.53,404.0,0.43,397.75,0.54,480.2,0.5,401.99,0.53,211.0,0.49,150.82,0.54,278.5,0.48,278.0,0.55,388.0,0.47,404.0,0.56,338.0,0.46,480.2,0.57,397.75
2026-01-07 06:19:24.041000+00:00,2026-01-07 06:19:21.701014+00:00,264.041,0.485,0.48,0.49,0.515,0.51,0.52,159.99,7.89,7.89,159.99,0.47,211.0,0.5,401.99,0.46,278.5,0.51,150.82,0.45,388.0,0.52,273.0,0.44,338.0,0.53,404.0,0.43,397.75,0.54,480.2,0.5,401.99,0.53,211.0,0.49,150.82,0.54,278.5,0.48,273.0,0.55,388.0,0.47,404.0,0.56,338.0,0.46,480.2,0.57,397.75
2026-01-07 06:19:25.213000+00:00,2026-01-07 06:19:22.711983+00:00,265.213,0.485,0.48,0.49,0.515,0.51,0.52,144.99,7.89,7.89,139.99,0.47,211.0,0.5,396.99,0.46,278.5,0.51,201.82,0.45,388.0,0.52,273.0,0.44,338.0,0.53,404.0,0.43,621.75,0.54,427.2,0.5,401.99,0.53,211.0,0.49,201.82,0.54,278.5,0.48,273.0,0.55,388.0,0.47,404.0,0.56,338.0,0.46,427.2,0.57,621.75
2026-01-07 06:19:26.140000+00:00,2026-01-07 06:19:23.719362+00:00,266.14,0.485,0.48,0.49,0.515,0.51,0.52,139.99,5.84,5.84,139.99,0.47,211.0,0.5,401.99,0.46,278.5,0.51,201.82,0.45,388.0,0.52,273.0,0.44,338.0,0.53,404.0,0.43,621.75,0.54,427.2,0.5,401.99,0.53,211.0,0.49,201.82,0.54,278.5,0.48,273.0,0.55,388.0,0.47,404.0,0.56,338.0,0.46,427.2,0.57,621.75
2026-01-07 06:19:27.028000+00:00,2026-01-07 06:19:24.741805+00:00,267.028,0.485,0.48,0.49,0.515,0.51,0.52,84.99,38.15,38.15,84.99,0.47,220.0,0.5,381.99,0.46,289.5,0.51,201.82,0.45,388.0,0.52,278.0,0.44,338.0,0.53,404.0,0.43,656.75,0.54,427.2,0.5,381.99,0.53,220.0,0.49,201.82,0.54,289.5,0.48,278.0,0.55,388.0,0.47,404.0,0.56,338.0,0.46,427.2,0.57,656.75
2026-01-07 06:19:28.309000+00:00,2026-01-07 06:19:25.744267+00:00,268.309,0.485,0.48,0.49,0.515,0.51,0.52,79.99,38.15,38.15,84.99,0.47,220.0,0.5,381.99,0.46,289.5,0.51,201.82,0.45,388.0,0.52,273.0,0.44,338.0,0.53,404.0,0.43,656.75,0.54,427.2,0.5,381.99,0.53,220.0,0.49,201.82,0.54,289.5,0.48,273.0,0.55,388.0,0.47,404.0,0.56,338.0,0.46,427.2,0.57,656.75
2026-01-07 06:19:29.310000+00:00,2026-01-07 06:19:26.752125+00:00,269.31,0.485,0.48,0.49,0.51,0.5,0.52,84.99,28.15,401.99,144.99,0.47,220.0,0.5,381.99,0.46,289.5,0.51,155.82,0.45,388.0,0.52,273.0,0.44,338.0,0.53,404.0,0.43,656.75,0.54,480.2,0.49,150.82,0.53,200.0,0.48,278.0,0.54,289.5,0.47,404.0,0.55,388.0,0.46,480.2,0.56,338.0,0.45,384.3,0.57,656.75
2026-01-07 06:19:30.988000+00:00,2026-01-07 06:19:28.765663+00:00,270.988,0.485,0.48,0.49,0.515,0.51,0.52,104.99,23.0,23.0,104.99,0.47,200.0,0.5,401.99,0.46,289.5,0.51,150.82,0.45,388.0,0.52,325.0,0.44,338.0,0.53,404.0,0.43,656.75,0.54,427.2,0.5,386.99,0.53,212.5,0.49,150.82,0.54,274.5,0.48,325.0,0.55,388.0,0.47,404.0,0.56,338.0,0.46,427.2,0.57,656.75
2026-01-07 06:19:32.246000+00:00,2026-01-07 06:19:29.777058+00:00,272.246,0.485,0.48,0.49,0.515,0.51,0.52,119.99,23.0,23.0,119.99,0.47,222.5,0.5,386.99,0.46,259.5,0.51,150.82,0.45,388.0,0.52,278.0,0.44,338.0,0.53,404.0,0.43,656.75,0.54,481.2,0.5,386.99,0.53,222.5,0.49,150.82,0.54,259.5,0.48,278.0,0.55,388.0,0.47,404.0,0.56,338.0,0.46,481.2,0.57,656.75
2026-01-07 06:19:33.385000+00:00,2026-01-07 06:19:30.783654+00:00,273.385,0.485,0.48,0.49,0.515,0.51,0.52,114.99,23.0,23.0,114.99,0.47,232.5,0.5,386.99,0.46,259.5,0.51,150.82,0.45,388.0,0.52,273.0,0.44,338.0,0.53,404.0,0.43,656.75,0.54,481.2,0.5,386.99,0.53,232.5,0.49,150.82,0.54,259.5,0.48,273.0,0.55,388.0,0.47,404.0,0.56,338.0,0.46,481.2,0.57,656.75
2026-01-07 06:19:34.365000+00:00,2026-01-07 06:19:31.790113+00:00,274.365,0.485,0.48,0.49,0.515,0.51,0.52,114.99,41.0,20.95,107.99,0.47,229.5,0.5,404.99,0.46,247.5,0.51,150.82,0.45,388.0,0.52,273.0,0.44,338.0,0.53,404.0,0.43,656.75,0.54,427.2,0.5,404.99,0.53,229.5,0.49,150.82,0.54,262.5,0.48,273.0,0.55,388.0,0.47,404.0,0.56,338.0,0.46,427.2,0.57,656.75
2026-01-07 06:19:35.410000+00:00,2026-01-07 06:19:32.797974+00:00,275.41,0.485,0.48,0.49,0.515,0.51,0.52,114.99,18.0,18.0,114.99,0.47,176.0,0.5,406.99,0.46,313.5,0.51,150.82,0.45,388.0,0.52,325.0,0.44,338.0,0.53,428.0,0.43,656.75,0.54,403.2,0.5,406.99,0.53,176.0,0.49,150.82,0.54,313.5,0.48,325.0,0.55,388.0,0.47,428.0,0.56,338.0,0.46,403.2,0.57,656.75
2026-01-07 06:19:36.402000+00:00,2026-01-07 06:19:33.805423+00:00,276.402,0.49,0.48,0.5,0.515,0.51,0.52,104.99,364.63,63.15,25.0,0.47,164.0,0.51,150.82,0.46,325.5,0.52,325.0,0.45,388.0,0.53,428.0,0.44,338.0,0.54,403.2,0.43,656.75,0.55,384.3,0.5,353.46,0.53,242.82,0.49,150.82,0.54,307.5,0.48,325.0,0.55,388.0,0.47,428.0,0.56,338.0,0.46,403.2,0.57,656.75
2026-01-07 06:19:37.396000+00:00,2026-01-07 06:19:34.809860+00:00,277.396,0.495,0.49,0.5,0.505,0.5,0.51,222.82,16.46,16.46,222.82,0.48,356.0,0.51,33.82,0.47,350.0,0.52,409.15,0.46,403.5,0.53,443.0,0.45,439.0,0.54,403.2,0.44,404.0,0.55,379.0,0.49,33.82,0.52,435.0,0.48,244.15,0.53,393.0,0.47,139.0,0.54,464.5,0.46,99.2,0.55,439.0,0.45,258.0,0.56,404.0
2026-01-07 06:19:38.416000+00:00,2026-01-07 06:19:35.816673+00:00,278.416,0.495,0.49,0.5,0.505,0.5,0.51,130.82,21.46,61.46,130.82,0.48,490.5,0.51,102.99,0.47,393.0,0.52,149.0,0.46,534.5,0.53,127.0,0.45,459.0,0.54,99.2,0.44,404.0,0.55,258.0,0.49,135.99,0.52,482.0,0.48,185.0,0.53,423.0,0.47,127.0,0.54,534.5,0.46,99.2,0.55,459.0,0.45,314.0,0.56,404.0
2026-01-07 06:19:39.459000+00:00,2026-01-07 06:19:36.838532+00:00,279.459,0.495,0.49,0.5,0.505,0.5,0.51,35.0,89.61,89.61,35.0,0.48,460.99,0.51,146.82,0.47,514.0,0.52,259.0,0.46,534.5,0.53,237.0,0.45,459.0,0.54,366.2,0.44,404.0,0.55,435.0,0.49,146.82,0.52,277.99,0.48,320.0,0.53,331.0,0.47,298.0,0.54,413.5,0.46,427.2,0.55,338.0,0.45,435.0,0.56,404.0
2026-01-07 06:19:40.240000+00:00,2026-01-07 06:19:37.847194+00:00,280.24,0.495,0.49,0.5,0.505,0.5,0.51,55.0,74.61,74.61,55.0,0.48,277.99,0.51,151.82,0.47,331.0,0.52,315.0,0.46,413.5,0.53,298.0,0.45,338.0,0.54,427.2,0.44,404.0,0.55,435.0,0.49,151.82,0.52,277.99,0.48,315.0,0.53,331.0,0.47,298.0,0.54,413.5,0.46,427.2,0.55,338.0,0.45,435.0,0.56,404.0
2026-01-07 06:19:41.449000+00:00,2026-01-07 06:19:38.868907+00:00,281.449,0.495,0.49,0.5,0.505,0.5,0.51,40.0,109.61,109.61,35.0,0.48,361.99,0.51,134.82,0.47,400.0,0.52,149.0,0.46,441.0,0.53,115.0,0.45,683.0,0.54,336.2,0.44,404.0,0.55,403.0,0.49,134.82,0.52,366.99,0.48,149.0,0.53,400.0,0.47,115.0,0.54,441.0,0.46,282.2,0.55,683.0,0.45,459.0,0.56,404.0
2026-01-07 06:19:42.193000+00:00,2026-01-07 06:19:39.879198+00:00,282.193,0.495,0.49,0.5,0.505,0.5,0.51,45.19,59.61,54.61,45.19,0.48,361.99,0.51,139.82,0.47,430.0,0.52,144.0,0.46,413.5,0.53,150.0,0.45,683.0,0.54,292.2,0.44,404.0,0.55,459.0,0.49,139.82,0.52,361.99,0.48,144.0,0.53,430.0,0.47,150.0,0.54,413.5,0.46,292.2,0.55,683.0,0.45,459.0,0.56,404.0
2026-01-07 06:19:43.258000+00:00,2026-01-07 06:19:40.904316+00:00,283.258,0.495,0.49,0.5,0.505,0.5,0.51,94.55,28.15,28.15,94.55,0.48,324.0,0.51,168.99,0.47,418.0,0.52,144.0,0.46,413.5,0.53,150.0,0.45,683.0,0.54,292.2,0.44,404.0,0.55,464.0,0.49,168.99,0.52,324.0,0.48,144.0,0.53,418.0,0.47,150.0,0.54,413.5,0.46,292.2,0.55,683.0,0.45,464.0,0.56,404.0
2026-01-07 06:19:44.512000+00:00,2026-01-07 06:19:41.909295+00:00,284.512,0.5,0.49,0.51,0.495,0.49,0.5,104.36,155.99,102.99,47.84,0.48,294.0,0.52,162.0,0.47,403.0,0.53,150.0,0.46,378.5,0.54,292.2,0.45,648.0,0.55,459.0,0.44,404.0,0.56,412.0,0.48,162.0,0.51,163.36,0.47,162.0,0.52,227.5,0.46,292.2,0.53,403.0,0.45,435.0,0.54,413.5,0.44,424.0,0.55,648.0
2026-01-07 06:19:45.499000+00:00,2026-01-07 06:19:42.932829+00:00,285.499,0.495,0.49,0.5,0.505,0.5,0.51,48.0,79.61,79.61,48.0,0.48,277.99,0.51,151.82,0.47,484.0,0.52,316.0,0.46,441.0,0.53,125.0,0.45,683.0,0.54,294.2,0.44,404.0,0.55,447.0,0.49,151.82,0.52,277.99,0.48,316.0,0.53,484.0,0.47,125.0,0.54,441.0,0.46,294.2,0.55,683.0,0.45,447.0,0.56,404.0
2026-01-07 06:19:46.466000+00:00,2026-01-07 06:19:43.940289+00:00,286.466,0.495,0.49,0.5,0.505,0.5,0.51,48.0,69.61,77.61,48.0,0.48,272.99,0.51,159.82,0.47,499.0,0.52,316.0,0.46,428.5,0.53,125.0,0.45,683.0,0.54,348.2,0.44,404.0,0.55,391.0,0.49,159.82,0.52,272.99,0.48,316.0,0.53,499.0,0.47,125.0,0.54,428.5,0.46,348.2,0.55,683.0,0.45,391.0,0.56,404.0
2026-01-07 06:19:47.524000+00:00,2026-01-07 06:19:44.946525+00:00,287.524,0.495,0.49,0.5,0.505,0.5,0.51,48.0,69.61,62.61,48.0,0.48,373.99,0.51,135.82,0.47,418.0,0.52,340.0,0.46,413.5,0.53,125.0,0.45,683.0,0.54,336.2,0.44,409.0,0.55,403.0,0.49,135.82,0.52,373.99,0.48,340.0,0.53,418.0,0.47,125.0,0.54,413.5,0.46,336.2,0.55,683.0,0.45,403.0,0.56,409.0
2026-01-07 06:19:48.516000+00:00,2026-01-07 06:19:45.938290+00:00,288.516,0.475,0.47,0.48,0.53,0.52,0.54,15.0,166.61,196.61,174.48,0.46,179.48,0.49,252.0,0.45,183.5,0.5,364.0,0.44,205.0,0.51,431.82,0.43,198.75,0.52,361.0,0.42,205.0,0.53,431.0,0.51,270.0,0.55,156.0,0.5,346.0,0.56,235.0,0.49,380.82,0.57,198.75,0.48,361.0,0.58,205.0,0.47,419.0,0.59,244.53
2026-01-07 06:19:49.524000+00:00,2026-01-07 06:19:46.932582+00:00,289.524,0.435,0.43,0.44,0.565,0.56,0.57,8.75,75.17,75.17,8.75,0.42,235.36,0.45,83.0,0.41,37.5,0.46,176.69,0.4,479.28,0.47,253.0,0.39,369.0,0.48,309.0,0.38,329.0,0.49,395.0,0.55,83.0,0.58,235.36,0.54,237.69,0.59,37.5,0.53,243.0,0.6,479.28,0.52,357.0,0.61,369.0,0.51,346.0,0.62,329.0
2026-01-07 06:19:50.516000+00:00,2026-01-07 06:19:47.940586+00:00,290.516,0.425,0.42,0.43,0.575,0.57,0.58,121.36,218.0,193.0,139.99,0.41,126.5,0.44,388.61,0.4,43.47,0.45,382.0,0.39,30.0,0.46,312.69,0.37,274.0,0.47,432.0,0.36,10.0,0.48,437.0,0.56,393.61,0.59,146.5,0.55,382.0,0.6,38.47,0.54,312.69,0.61,30.0,0.53,352.0,0.63,274.0,0.52,357.0,0.64,10.0
2026-01-07 06:19:51.529000+00:00,2026-01-07 06:19:48.935679+00:00,291.529,0.425,0.42,0.43,0.575,0.57,0.58,73.61,183.0,183.0,73.61,0.41,131.5,0.44,393.61,0.4,38.47,0.45,394.0,0.39,30.0,0.46,300.69,0.37,274.0,0.47,399.0,0.35,213.7,0.48,309.0,0.56,393.61,0.59,131.5,0.55,394.0,0.6,38.47,0.54,300.69,0.61,30.0,0.53,399.0,0.63,274.0,0.52,309.0,0.65,213.7
2026-01-07 06:19:52.530000+00:00,2026-01-07 06:19:49.943431+00:00,292.53,0.425,0.42,0.43,0.575,0.57,0.58,103.0,178.0,178.0,103.0,0.41,104.0,0.44,393.61,0.4,68.47,0.45,394.0,0.39,65.0,0.46,318.69,0.38,10.0,0.47,381.0,0.37,274.0,0.48,321.0,0.56,393.61,0.59,32.0,0.55,334.0,0.6,68.47,0.54,306.69,0.61,65.0,0.53,381.0,0.62,10.0,0.52,309.0,0.63,274.0
2026-01-07 06:19:53.489000+00:00,2026-01-07 06:19:50.962243+00:00,293.489,0.425,0.42,0.43,0.575,0.57,0.58,110.0,5.0,5.0,85.0,0.41,44.5,0.44,388.99,0.4,110.47,0.45,42.0,0.39,248.0,0.46,288.69,0.38,193.0,0.47,411.0,0.37,527.0,0.48,321.0,0.56,388.99,0.59,102.5,0.55,42.0,0.6,262.47,0.54,306.69,0.61,388.0,0.53,393.0,0.62,263.0,0.52,321.0,0.63,527.0
2026-01-07 06:19:54.486000+00:00,2026-01-07 06:19:51.968648+00:00,294.486,0.425,0.42,0.43,0.575,0.57,0.58,85.0,17.0,17.0,85.0,0.41,102.5,0.44,376.99,0.4,262.47,0.45,42.0,0.39,388.0,0.46,306.69,0.38,263.0,0.47,393.0,0.37,527.0,0.48,321.0,0.56,376.99,0.59,102.5,0.55,42.0,0.6,262.47,0.54,306.69,0.61,388.0,0.53,393.0,0.62,263.0,0.52,321.0,0.63,527.0
2026-01-07 06:19:55.505000+00:00,2026-01-07 06:19:52.961623+00:00,295.505,0.425,0.42,0.43,0.575,0.57,0.58,80.0,5.0,5.0,80.0,0.41,114.5,0.44,388.99,0.4,285.47,0.45,42.0,0.39,375.0,0.46,306.69,0.38,288.0,0.47,346.0,0.37,527.0,0.48,369.0,0.56,388.99,0.59,114.5,0.55,42.0,0.6,285.47,0.54,306.69,0.61,375.0,0.53,346.0,0.62,288.0,0.52,369.0,0.63,527.0
2026-01-07 06:19:56.541000+00:00,2026-01-07 06:19:53.966208+00:00,296.541,0.425,0.42,0.43,0.575,0.57,0.58,70.0,5.0,5.0,140.0,0.41,87.0,0.44,388.99,0.4,315.47,0.45,42.0,0.39,375.0,0.46,306.69,0.38,288.0,0.47,346.0,0.37,527.0,0.48,369.0,0.56,388.99,0.59,157.0,0.55,42.0,0.6,315.47,0.54,306.69,0.61,305.0,0.53,393.0,0.62,288.0,0.52,321.0,0.63,527.0
2026-01-07 06:19:57.533000+00:00,2026-01-07 06:19:54.971098+00:00,297.533,0.425,0.42,0.43,0.575,0.57,0.58,15.0,159.0,159.0,15.0,0.41,145.0,0.44,283.0,0.4,220.31,0.45,42.0,0.39,370.0,0.46,288.69,0.38,330.0,0.47,346.0,0.37,527.0,0.48,357.0,0.56,283.0,0.59,150.0,0.55,42.0,0.6,220.31,0.54,288.69,0.61,435.0,0.53,346.0,0.62,330.0,0.52,357.0,0.63,527.0
2026-01-07 06:19:58.423000+00:00,2026-01-07 06:19:55.978750+00:00,298.423,0.425,0.42,0.43,0.575,0.57,0.58,6.38,171.0,171.0,6.38,0.41,150.0,0.44,283.0,0.4,220.31,0.45,30.0,0.39,435.0,0.46,300.69,0.38,342.0,0.47,393.0,0.37,527.0,0.48,309.0,0.56,283.0,0.59,150.0,0.55,30.0,0.6,220.31,0.54,300.69,0.61,435.0,0.53,393.0,0.62,342.0,0.52,309.0,0.63,527.0
2026-01-07 06:19:59.346000+00:00,2026-01-07 06:19:56.985640+00:00,299.346,0.425,0.42,0.43,0.575,0.57,0.58,11.38,100.0,100.0,11.38,0.41,232.0,0.44,313.0,0.4,241.3,0.45,66.0,0.39,402.5,0.46,288.69,0.38,288.0,0.47,334.0,0.37,527.0,0.48,386.2,0.56,313.0,0.59,232.0,0.55,66.0,0.6,241.3,0.54,288.69,0.61,402.5,0.53,334.0,0.62,288.0,0.52,386.2,0.63,527.0
2026-01-07 06:20:00.577000+00:00,2026-01-07 06:19:57.990391+00:00,300.577,0.415,0.41,0.42,0.585,0.58,0.59,36.0,100.0,100.0,36.0,0.4,276.46,0.43,47.0,0.39,383.0,0.44,332.0,0.38,400.0,0.45,30.0,0.37,527.0,0.46,288.69,0.36,409.0,0.47,346.0,0.57,47.0,0.6,291.46,0.56,332.0,0.61,383.0,0.55,30.0,0.62,400.0,0.54,288.69,0.63,527.0,0.53,346.0,0.64,409.0
