timestamp,seconds,mid,bid,ask,asset
2026-01-07 06:30:00+00:00,0.0,3256.45,3256.36,3256.63,ETH
2026-01-07 06:30:01+00:00,1.0,3256.48,3256.38,3256.63,ETH
2026-01-07 06:30:02+00:00,2.0,3256.55,3256.42,3256.72,ETH
2026-01-07 06:30:03+00:00,3.0,3256.62,3256.45,3256.79,ETH
2026-01-07 06:30:04+00:00,4.0,3256.62,3256.46,3256.78,ETH
2026-01-07 06:30:05+00:00,5.0,3256.62,3256.47,3256.8,ETH
2026-01-07 06:30:06+00:00,6.0,3256.62,3256.47,3256.81,ETH
2026-01-07 06:30:07+00:00,7.0,3256.62,3256.47,3256.82,ETH
2026-01-07 06:30:08+00:00,8.0,3256.62,3256.48,3256.83,ETH
2026-01-07 06:30:09+00:00,9.0,3256.62,3256.48,3256.83,ETH
2026-01-07 06:30:10+00:00,10.0,3256.61,3256.46,3256.8,ETH
2026-01-07 06:30:11+00:00,11.0,3256.6,3256.45,3256.76,ETH
2026-01-07 06:30:12+00:00,12.0,3256.61,3256.45,3256.74,ETH
2026-01-07 06:30:13+00:00,13.0,3256.62,3256.45,3256.71,ETH
2026-01-07 06:30:14+00:00,14.0,3256.62,3256.45,3256.7,ETH
2026-01-07 06:30:15+00:00,15.0,3256.62,3256.45,3256.71,ETH
2026-01-07 06:30:16+00:00,16.0,3256.62,3256.46,3256.73,ETH
2026-01-07 06:30:17+00:00,17.0,3256.62,3256.46,3256.72,ETH
2026-01-07 06:30:18+00:00,18.0,3256.61,3256.45,3256.68,ETH
2026-01-07 06:30:19+00:00,19.0,3256.51,3256.42,3256.64,ETH
2026-01-07 06:30:20+00:00,20.0,3256.42,3256.39,3256.62,ETH
2026-01-07 06:30:21+00:00,21.0,3256.44,3256.4,3256.62,ETH
2026-01-07 06:30:22+00:00,22.0,3256.45,3256.41,3256.63,ETH
2026-01-07 06:30:23+00:00,23.0,3256.44,3256.41,3256.62,ETH
2026-01-07 06:30:24+00:00,24.0,3256.42,3256.41,3256.63,ETH
2026-01-07 06:30:25+00:00,25.0,3256.41,3256.41,3256.62,ETH
2026-01-07 06:30:26+00:00,26.0,3256.42,3256.39,3256.62,ETH
2026-01-07 06:30:27+00:00,27.0,3256.56,3256.47,3256.69,ETH
2026-01-07 06:30:28+00:00,28.0,3256.69,3256.54,3256.76,ETH
2026-01-07 06:30:29+00:00,29.0,3256.78,3256.68,3257.02,ETH
2026-01-07 06:30:30+00:00,30.0,3256.92,3256.81,3257.05,ETH
2026-01-07 06:30:31+00:00,31.0,3256.92,3256.77,3257.05,ETH
2026-01-07 06:30:32+00:00,32.0,3256.88,3256.76,3257.05,ETH
2026-01-07 06:30:33+00:00,33.0,3256.81,3256.73,3256.86,ETH
2026-01-07 06:30:34+00:00,34.0,3256.8,3256.73,3256.85,ETH
2026-01-07 06:30:35+00:00,35.0,3256.92,3256.88,3257.15,ETH
2026-01-07 06:30:36+00:00,36.0,3257.16,3257.11,3257.35,ETH
2026-01-07 06:30:37+00:00,37.0,3257.39,3257.29,3257.5,ETH
2026-01-07 06:30:38+00:00,38.0,3257.47,3257.35,3257.56,ETH
2026-01-07 06:30:39+00:00,39.0,3257.45,3257.32,3257.53,ETH
2026-01-07 06:30:40+00:00,40.0,3257.36,3257.27,3257.5,ETH
2026-01-07 06:30:41+00:00,41.0,3257.31,3257.26,3257.51,ETH
2026-01-07 06:30:42+00:00,42.0,3257.34,3257.26,3257.52,ETH
2026-01-07 06:30:43+00:00,43.0,3257.38,3257.29,3257.52,ETH
2026-01-07 06:30:44+00:00,44.0,3257.49,3257.33,3257.64,ETH
2026-01-07 06:30:45+00:00,45.0,3257.6,3257.44,3257.76,ETH
2026-01-07 06:30:46+00:00,46.0,3257.65,3257.54,3257.76,ETH
2026-01-07 06:30:47+00:00,47.0,3257.65,3257.54,3257.76,ETH
2026-01-07 06:30:48+00:00,48.0,3257.81,3257.71,3257.84,ETH
2026-01-07 06:30:49+00:00,49.0,3257.77,3257.71,3257.84,ETH
2026-01-07 06:30:50+00:00,50.0,3257.84,3257.76,3257.93,ETH
2026-01-07 06:30:51+00:00,51.0,3257.83,3257.71,3257.9,ETH
2026-01-07 06:30:52+00:00,52.0,3257.58,3257.47,3257.68,ETH
2026-01-07 06:30:53+00:00,53.0,3257.41,3257.32,3257.59,ETH
2026-01-07 06:30:54+00:00,54.0,3257.35,3257.3,3257.54,ETH
2026-01-07 06:30:55+00:00,55.0,3257.14,3256.97,3257.23,ETH
2026-01-07 06:30:56+00:00,56.0,3256.86,3256.65,3256.99,ETH
2026-01-07 06:30:57+00:00,57.0,3256.73,3256.65,3256.88,ETH
2026-01-07 06:30:58+00:00,58.0,3256.69,3256.64,3256.73,ETH
2026-01-07 06:30:59+00:00,59.0,3256.63,3256.58,3256.71,ETH
2026-01-07 06:31:00+00:00,60.0,3256.57,3256.46,3256.64,ETH
2026-01-07 06:31:01+00:00,61.0,3256.47,3256.37,3256.53,ETH
2026-01-07 06:31:02+00:00,62.0,3256.36,3256.33,3256.5,ETH
2026-01-07 06:31:03+00:00,63.0,3256.31,3256.28,3256.5,ETH
2026-01-07 06:31:04+00:00,64.0,3256.25,3256.23,3256.5,ETH
2026-01-07 06:31:05+00:00,65.0,3256.21,3256.21,3256.5,ETH
2026-01-07 06:31:06+00:00,66.0,3256.47,3256.43,3256.64,ETH
2026-01-07 06:31:07+00:00,67.0,3256.65,3256.59,3256.74,ETH
2026-01-07 06:31:08+00:00,68.0,3256.64,3256.52,3256.78,ETH
2026-01-07 06:31:09+00:00,69.0,3256.7,3256.52,3256.85,ETH
2026-01-07 06:31:10+00:00,70.0,3256.78,3256.52,3256.88,ETH
2026-01-07 06:31:11+00:00,71.0,3256.59,3256.56,3256.78,ETH
2026-01-07 06:31:12+00:00,72.0,3256.58,3256.54,3256.78,ETH
2026-01-07 06:31:13+00:00,73.0,3256.54,3256.52,3256.78,ETH
2026-01-07 06:31:14+00:00,74.0,3256.63,3256.52,3256.71,ETH
2026-01-07 06:31:15+00:00,75.0,3256.63,3256.52,3256.71,ETH
2026-01-07 06:31:16+00:00,76.0,3256.5,3256.47,3256.57,ETH
2026-01-07 06:31:17+00:00,77.0,3256.49,3256.44,3256.52,ETH
2026-01-07 06:31:18+00:00,78.0,3256.46,3256.43,3256.57,ETH
2026-01-07 06:31:19+00:00,79.0,3256.4,3256.39,3256.45,ETH
2026-01-07 06:31:20+00:00,80.0,3256.38,3256.36,3256.42,ETH
2026-01-07 06:31:21+00:00,81.0,3256.36,3256.34,3256.4,ETH
2026-01-07 06:31:22+00:00,82.0,3256.27,3256.24,3256.35,ETH
2026-01-07 06:31:23+00:00,83.0,3256.17,3256.12,3256.32,ETH
2026-01-07 06:31:24+00:00,84.0,3255.93,3255.82,3256.04,ETH
2026-01-07 06:31:25+00:00,85.0,3255.7,3255.54,3255.76,ETH
2026-01-07 06:31:26+00:00,86.0,3255.56,3255.49,3255.7,ETH
2026-01-07 06:31:27+00:00,87.0,3255.45,3255.35,3255.66,ETH
2026-01-07 06:31:28+00:00,88.0,3255.4,3255.24,3255.56,ETH
2026-01-07 06:31:29+00:00,89.0,3255.28,3255.19,3255.45,ETH
2026-01-07 06:31:30+00:00,90.0,3254.91,3254.82,3255.03,ETH
2026-01-07 06:31:31+00:00,91.0,3254.47,3254.4,3254.58,ETH
2026-01-07 06:31:32+00:00,92.0,3254.26,3254.23,3254.43,ETH
2026-01-07 06:31:33+00:00,93.0,3254.16,3254.15,3254.32,ETH
2026-01-07 06:31:34+00:00,94.0,3254.14,3254.13,3254.32,ETH
2026-01-07 06:31:35+00:00,95.0,3254.08,3254.04,3254.12,ETH
2026-01-07 06:31:36+00:00,96.0,3254.1,3254.07,3254.14,ETH
2026-01-07 06:31:37+00:00,97.0,3254.11,3254.1,3254.2,ETH
2026-01-07 06:31:38+00:00,98.0,3253.78,3253.65,3253.98,ETH
2026-01-07 06:31:39+00:00,99.0,3253.78,3253.57,3254.06,ETH
2026-01-07 06:31:40+00:00,100.0,3253.54,3253.48,3253.92,ETH
2026-01-07 06:31:41+00:00,101.0,3253.5,3253.36,3253.79,ETH
2026-01-07 06:31:42+00:00,102.0,3253.5,3253.36,3253.76,ETH
2026-01-07 06:31:43+00:00,103.0,3253.5,3253.36,3253.73,ETH
2026-01-07 06:31:44+00:00,104.0,3253.5,3253.36,3253.74,ETH
2026-01-07 06:31:45+00:00,105.0,3253.5,3253.34,3253.75,ETH
2026-01-07 06:31:46+00:00,106.0,3253.5,3253.34,3253.75,ETH
2026-01-07 06:31:47+00:00,107.0,3253.5,3253.34,3253.72,ETH
2026-01-07 06:31:48+00:00,108.0,3253.38,3253.34,3253.51,ETH
2026-01-07 06:31:49+00:00,109.0,3253.36,3253.31,3253.51,ETH
2026-01-07 06:31:50+00:00,110.0,3253.34,3253.29,3253.51,ETH
2026-01-07 06:31:51+00:00,111.0,3253.33,3253.27,3253.51,ETH
2026-01-07 06:31:52+00:00,112.0,3253.23,3253.22,3253.31,ETH
2026-01-07 06:31:53+00:00,113.0,3253.24,3253.23,3253.31,ETH
2026-01-07 06:31:54+00:00,114.0,3253.22,3253.21,3253.32,ETH
2026-01-07 06:31:55+00:00,115.0,3253.4,3253.33,3253.51,ETH
2026-01-07 06:31:56+00:00,116.0,3253.42,3253.33,3253.51,ETH
2026-01-07 06:31:57+00:00,117.0,3254.16,3253.99,3254.27,ETH
2026-01-07 06:31:58+00:00,118.0,3254.01,3253.93,3254.15,ETH
2026-01-07 06:31:59+00:00,119.0,3253.89,3253.85,3254.01,ETH
2026-01-07 06:32:00+00:00,120.0,3253.88,3253.83,3253.99,ETH
2026-01-07 06:32:01+00:00,121.0,3253.84,3253.82,3253.97,ETH
2026-01-07 06:32:02+00:00,122.0,3253.82,3253.81,3253.97,ETH
2026-01-07 06:32:03+00:00,123.0,3253.87,3253.82,3253.97,ETH
2026-01-07 06:32:04+00:00,124.0,3253.88,3253.82,3253.97,ETH
2026-01-07 06:32:05+00:00,125.0,3253.83,3253.81,3253.97,ETH
2026-01-07 06:32:06+00:00,126.0,3253.83,3253.82,3253.97,ETH
2026-01-07 06:32:07+00:00,127.0,3253.72,3253.59,3253.88,ETH
2026-01-07 06:32:08+00:00,128.0,3253.49,3253.35,3253.61,ETH
2026-01-07 06:32:09+00:00,129.0,3253.3,3253.28,3253.4,ETH
2026-01-07 06:32:10+00:00,130.0,3253.22,3253.22,3253.36,ETH
2026-01-07 06:32:11+00:00,131.0,3253.13,3253.12,3253.29,ETH
2026-01-07 06:32:12+00:00,132.0,3253.06,3253.05,3253.23,ETH
2026-01-07 06:32:13+00:00,133.0,3253.06,3253.05,3253.24,ETH
2026-01-07 06:32:14+00:00,134.0,3253.06,3253.05,3253.21,ETH
2026-01-07 06:32:15+00:00,135.0,3253.06,3253.05,3253.18,ETH
2026-01-07 06:32:16+00:00,136.0,3253.06,3253.05,3253.17,ETH
2026-01-07 06:32:17+00:00,137.0,3253.06,3253.05,3253.16,ETH
2026-01-07 06:32:18+00:00,138.0,3253.1,3253.08,3253.18,ETH
2026-01-07 06:32:20+00:00,140.0,3253.15,3253.14,3253.33,ETH
2026-01-07 06:32:21+00:00,141.0,3253.15,3253.14,3253.34,ETH
2026-01-07 06:32:22+00:00,142.0,3253.15,3253.14,3253.33,ETH
2026-01-07 06:32:23+00:00,143.0,3253.15,3253.14,3253.35,ETH
2026-01-07 06:32:24+00:00,144.0,3253.15,3253.14,3253.36,ETH
2026-01-07 06:32:25+00:00,145.0,3253.15,3253.14,3253.34,ETH
2026-01-07 06:32:26+00:00,146.0,3253.15,3253.14,3253.34,ETH
2026-01-07 06:32:27+00:00,147.0,3253.15,3253.14,3253.31,ETH
2026-01-07 06:32:28+00:00,148.0,3253.15,3253.14,3253.25,ETH
2026-01-07 06:32:30+00:00,150.0,3252.95,3252.94,3253.25,ETH
2026-01-07 06:32:31+00:00,151.0,3252.95,3252.94,3253.27,ETH
2026-01-07 06:32:32+00:00,152.0,3252.92,3252.91,3253.1,ETH
2026-01-07 06:32:33+00:00,153.0,3252.95,3252.94,3253.13,ETH
2026-01-07 06:32:34+00:00,154.0,3252.95,3252.94,3253.12,ETH
2026-01-07 06:32:35+00:00,155.0,3252.95,3252.91,3252.99,ETH
2026-01-07 06:32:36+00:00,156.0,3252.91,3252.87,3252.95,ETH
2026-01-07 06:32:37+00:00,157.0,3252.95,3252.93,3252.99,ETH
2026-01-07 06:32:38+00:00,158.0,3252.92,3252.89,3252.95,ETH
2026-01-07 06:32:39+00:00,159.0,3252.95,3252.94,3253.08,ETH
2026-01-07 06:32:40+00:00,160.0,3252.95,3252.94,3253.06,ETH
2026-01-07 06:32:41+00:00,161.0,3252.95,3252.94,3253.04,ETH
2026-01-07 06:32:42+00:00,162.0,3252.95,3252.94,3253.05,ETH
2026-01-07 06:32:43+00:00,163.0,3252.95,3252.94,3253.05,ETH
2026-01-07 06:32:44+00:00,164.0,3252.95,3252.94,3253.06,ETH
2026-01-07 06:32:45+00:00,165.0,3252.95,3252.94,3253.08,ETH
2026-01-07 06:32:46+00:00,166.0,3252.95,3252.93,3253.05,ETH
2026-01-07 06:32:47+00:00,167.0,3252.95,3252.93,3253.05,ETH
2026-01-07 06:32:48+00:00,168.0,3252.95,3252.94,3253.06,ETH
2026-01-07 06:32:49+00:00,169.0,3252.96,3252.95,3253.08,ETH
2026-01-07 06:32:50+00:00,170.0,3252.98,3252.96,3253.12,ETH
2026-01-07 06:32:51+00:00,171.0,3252.98,3252.95,3253.13,ETH
2026-01-07 06:32:52+00:00,172.0,3252.98,3252.95,3253.17,ETH
2026-01-07 06:32:53+00:00,173.0,3252.98,3252.95,3253.17,ETH
2026-01-07 06:32:54+00:00,174.0,3252.98,3252.95,3253.15,ETH
2026-01-07 06:32:55+00:00,175.0,3252.98,3252.95,3253.14,ETH
2026-01-07 06:32:56+00:00,176.0,3252.99,3252.95,3253.12,ETH
2026-01-07 06:32:57+00:00,177.0,3252.99,3252.95,3253.09,ETH
2026-01-07 06:32:58+00:00,178.0,3252.95,3252.88,3253.03,ETH
2026-01-07 06:32:59+00:00,179.0,3252.91,3252.75,3252.95,ETH
2026-01-07 06:33:00+00:00,180.0,3252.91,3252.68,3252.94,ETH
2026-01-07 06:33:01+00:00,181.0,3252.91,3252.69,3252.96,ETH
2026-01-07 06:33:02+00:00,182.0,3252.91,3252.7,3252.97,ETH
2026-01-07 06:33:03+00:00,183.0,3252.78,3252.65,3252.94,ETH
2026-01-07 06:33:04+00:00,184.0,3252.61,3252.58,3252.9,ETH
2026-01-07 06:33:05+00:00,185.0,3252.56,3252.56,3252.9,ETH
2026-01-07 06:33:06+00:00,186.0,3252.59,3252.58,3252.9,ETH
2026-01-07 06:33:07+00:00,187.0,3252.61,3252.6,3252.9,ETH
2026-01-07 06:33:08+00:00,188.0,3252.61,3252.6,3252.9,ETH
2026-01-07 06:33:09+00:00,189.0,3252.61,3252.6,3252.9,ETH
2026-01-07 06:33:10+00:00,190.0,3252.61,3252.6,3252.9,ETH
2026-01-07 06:33:11+00:00,191.0,3252.61,3252.6,3252.9,ETH
2026-01-07 06:33:12+00:00,192.0,3252.64,3252.63,3252.9,ETH
2026-01-07 06:33:13+00:00,193.0,3252.64,3252.62,3252.9,ETH
2026-01-07 06:33:14+00:00,194.0,3252.64,3252.62,3252.9,ETH
2026-01-07 06:33:15+00:00,195.0,3252.64,3252.62,3252.9,ETH
2026-01-07 06:33:16+00:00,196.0,3252.64,3252.63,3252.9,ETH
2026-01-07 06:33:17+00:00,197.0,3252.74,3252.63,3252.94,ETH
2026-01-07 06:33:18+00:00,198.0,3252.74,3252.62,3252.94,ETH
2026-01-07 06:33:19+00:00,199.0,3252.64,3252.62,3252.9,ETH
2026-01-07 06:33:20+00:00,200.0,3252.64,3252.62,3252.9,ETH
2026-01-07 06:33:21+00:00,201.0,3252.64,3252.62,3252.9,ETH
2026-01-07 06:33:22+00:00,202.0,3252.64,3252.62,3252.9,ETH
2026-01-07 06:33:23+00:00,203.0,3252.64,3252.62,3252.9,ETH
2026-01-07 06:33:24+00:00,204.0,3252.64,3252.62,3252.9,ETH
2026-01-07 06:33:25+00:00,205.0,3252.63,3252.62,3252.9,ETH
2026-01-07 06:33:26+00:00,206.0,3252.63,3252.62,3252.9,ETH
2026-01-07 06:33:27+00:00,207.0,3252.67,3252.62,3252.9,ETH
2026-01-07 06:33:28+00:00,208.0,3252.69,3252.63,3252.9,ETH
2026-01-07 06:33:29+00:00,209.0,3252.69,3252.63,3252.9,ETH
2026-01-07 06:33:30+00:00,210.0,3252.72,3252.63,3252.91,ETH
2026-01-07 06:33:31+00:00,211.0,3252.75,3252.64,3252.91,ETH
2026-01-07 06:33:32+00:00,212.0,3252.74,3252.63,3252.91,ETH
2026-01-07 06:33:33+00:00,213.0,3252.75,3252.64,3252.9,ETH
2026-01-07 06:33:34+00:00,214.0,3252.75,3252.64,3252.9,ETH
2026-01-07 06:33:35+00:00,215.0,3252.74,3252.64,3252.9,ETH
2026-01-07 06:33:36+00:00,216.0,3252.74,3252.64,3252.9,ETH
2026-01-07 06:33:37+00:00,217.0,3252.75,3252.64,3252.9,ETH
2026-01-07 06:33:38+00:00,218.0,3252.73,3252.7,3252.9,ETH
2026-01-07 06:33:39+00:00,219.0,3252.81,3252.72,3252.9,ETH
2026-01-07 06:33:40+00:00,220.0,3252.82,3252.72,3252.9,ETH
2026-01-07 06:33:41+00:00,221.0,3252.82,3252.72,3252.9,ETH
2026-01-07 06:33:42+00:00,222.0,3252.82,3252.72,3252.9,ETH
2026-01-07 06:33:43+00:00,223.0,3252.85,3252.72,3253.03,ETH
2026-01-07 06:33:44+00:00,224.0,3252.86,3252.72,3253.02,ETH
2026-01-07 06:33:45+00:00,225.0,3252.77,3252.72,3252.9,ETH
2026-01-07 06:33:46+00:00,226.0,3252.73,3252.67,3252.9,ETH
2026-01-07 06:33:47+00:00,227.0,3252.73,3252.67,3252.9,ETH
2026-01-07 06:33:48+00:00,228.0,3252.75,3252.71,3252.9,ETH
2026-01-07 06:33:49+00:00,229.0,3252.8,3252.72,3252.9,ETH
2026-01-07 06:33:50+00:00,230.0,3252.76,3252.71,3252.9,ETH
2026-01-07 06:33:51+00:00,231.0,3252.76,3252.72,3252.9,ETH
2026-01-07 06:33:52+00:00,232.0,3252.74,3252.7,3252.9,ETH
2026-01-07 06:33:53+00:00,233.0,3252.79,3252.72,3252.9,ETH
2026-01-07 06:33:54+00:00,234.0,3252.76,3252.71,3252.9,ETH
2026-01-07 06:33:55+00:00,235.0,3252.75,3252.71,3252.9,ETH
2026-01-07 06:33:56+00:00,236.0,3252.77,3252.72,3252.9,ETH
2026-01-07 06:33:57+00:00,237.0,3252.76,3252.72,3252.9,ETH
2026-01-07 06:33:58+00:00,238.0,3252.84,3252.73,3252.88,ETH
2026-01-07 06:33:59+00:00,239.0,3252.84,3252.65,3252.88,ETH
2026-01-07 06:34:00+00:00,240.0,3252.67,3252.64,3252.86,ETH
2026-01-07 06:34:01+00:00,241.0,3252.69,3252.64,3252.86,ETH
2026-01-07 06:34:02+00:00,242.0,3252.66,3252.62,3252.86,ETH
2026-01-07 06:34:03+00:00,243.0,3252.66,3252.62,3252.86,ETH
2026-01-07 06:34:04+00:00,244.0,3252.66,3252.62,3252.86,ETH
2026-01-07 06:34:05+00:00,245.0,3252.68,3252.63,3252.86,ETH
2026-01-07 06:34:06+00:00,246.0,3252.75,3252.65,3253.08,ETH
2026-01-07 06:34:07+00:00,247.0,3253.21,3252.97,3253.28,ETH
2026-01-07 06:34:08+00:00,248.0,3253.21,3253.2,3253.31,ETH
2026-01-07 06:34:09+00:00,249.0,3253.27,3253.15,3253.32,ETH
2026-01-07 06:34:10+00:00,250.0,3253.14,3253.09,3253.3,ETH
2026-01-07 06:34:11+00:00,251.0,3253.12,3253.09,3253.3,ETH
2026-01-07 06:34:12+00:00,252.0,3253.19,3253.09,3253.31,ETH
2026-01-07 06:34:13+00:00,253.0,3253.08,3253.07,3253.31,ETH
2026-01-07 06:34:14+00:00,254.0,3252.82,3252.8,3252.89,ETH
2026-01-07 06:34:15+00:00,255.0,3252.37,3252.37,3252.63,ETH
2026-01-07 06:34:16+00:00,256.0,3252.37,3252.37,3252.72,ETH
2026-01-07 06:34:17+00:00,257.0,3252.37,3252.37,3252.77,ETH
2026-01-07 06:34:18+00:00,258.0,3252.37,3252.37,3252.72,ETH
2026-01-07 06:34:19+00:00,259.0,3252.37,3252.37,3252.73,ETH
2026-01-07 06:34:20+00:00,260.0,3252.37,3252.36,3252.48,ETH
2026-01-07 06:34:21+00:00,261.0,3252.17,3252.17,3252.31,ETH
2026-01-07 06:34:22+00:00,262.0,3251.94,3251.9,3252.17,ETH
2026-01-07 06:34:23+00:00,263.0,3251.86,3251.79,3252.13,ETH
2026-01-07 06:34:24+00:00,264.0,3251.7,3251.7,3252.06,ETH
2026-01-07 06:34:25+00:00,265.0,3251.56,3251.56,3251.89,ETH
2026-01-07 06:34:26+00:00,266.0,3251.48,3251.38,3251.88,ETH
2026-01-07 06:34:27+00:00,267.0,3251.28,3251.27,3251.49,ETH
2026-01-07 06:34:28+00:00,268.0,3251.27,3251.27,3251.46,ETH
2026-01-07 06:34:29+00:00,269.0,3251.39,3251.36,3251.46,ETH
2026-01-07 06:34:30+00:00,270.0,3251.45,3251.44,3251.68,ETH
2026-01-07 06:34:31+00:00,271.0,3251.45,3251.44,3251.67,ETH
2026-01-07 06:34:32+00:00,272.0,3251.45,3251.44,3251.72,ETH
2026-01-07 06:34:33+00:00,273.0,3251.45,3251.44,3251.67,ETH
2026-01-07 06:34:34+00:00,274.0,3251.45,3251.44,3251.68,ETH
2026-01-07 06:34:35+00:00,275.0,3251.45,3251.44,3251.68,ETH
2026-01-07 06:34:36+00:00,276.0,3251.45,3251.44,3251.6,ETH
2026-01-07 06:34:37+00:00,277.0,3251.45,3251.44,3251.6,ETH
2026-01-07 06:34:38+00:00,278.0,3251.47,3251.46,3251.67,ETH
2026-01-07 06:34:39+00:00,279.0,3251.47,3251.46,3251.68,ETH
2026-01-07 06:34:40+00:00,280.0,3251.47,3251.45,3251.68,ETH
2026-01-07 06:34:41+00:00,281.0,3251.47,3251.46,3251.71,ETH
2026-01-07 06:34:42+00:00,282.0,3251.45,3251.45,3251.73,ETH
2026-01-07 06:34:43+00:00,283.0,3251.45,3251.45,3251.65,ETH
2026-01-07 06:34:44+00:00,284.0,3251.51,3251.46,3251.67,ETH
2026-01-07 06:34:45+00:00,285.0,3251.51,3251.46,3251.62,ETH
2026-01-07 06:34:46+00:00,286.0,3251.51,3251.45,3251.59,ETH
2026-01-07 06:34:47+00:00,287.0,3251.46,3251.43,3251.55,ETH
2026-01-07 06:34:48+00:00,288.0,3251.41,3251.4,3251.49,ETH
2026-01-07 06:34:49+00:00,289.0,3251.41,3251.4,3251.46,ETH
2026-01-07 06:34:50+00:00,290.0,3251.41,3251.39,3251.47,ETH
2026-01-07 06:34:51+00:00,291.0,3251.43,3251.41,3251.5,ETH
2026-01-07 06:34:52+00:00,292.0,3251.59,3251.56,3251.73,ETH
2026-01-07 06:34:53+00:00,293.0,3251.96,3251.91,3252.09,ETH
2026-01-07 06:34:54+00:00,294.0,3252.18,3252.13,3252.22,ETH
2026-01-07 06:34:55+00:00,295.0,3252.16,3252.11,3252.21,ETH
2026-01-07 06:34:56+00:00,296.0,3252.17,3252.11,3252.21,ETH
2026-01-07 06:34:57+00:00,297.0,3252.2,3252.13,3252.23,ETH
2026-01-07 06:34:58+00:00,298.0,3252.16,3252.12,3252.22,ETH
2026-01-07 06:35:00+00:00,300.0,3252.14,3252.11,3252.15,ETH
2026-01-07 06:35:01+00:00,301.0,3252.06,3252.02,3252.14,ETH
2026-01-07 06:35:02+00:00,302.0,3252.03,3251.99,3252.11,ETH
2026-01-07 06:35:03+00:00,303.0,3252.02,3251.99,3252.07,ETH
2026-01-07 06:35:04+00:00,304.0,3252.0,3251.99,3252.02,ETH
2026-01-07 06:35:05+00:00,305.0,3252.0,3251.99,3252.02,ETH
2026-01-07 06:35:06+00:00,306.0,3252.08,3252.04,3252.26,ETH
2026-01-07 06:35:07+00:00,307.0,3252.08,3252.06,3252.27,ETH
2026-01-07 06:35:08+00:00,308.0,3252.1,3252.06,3252.25,ETH
2026-01-07 06:35:09+00:00,309.0,3252.14,3252.06,3252.19,ETH
2026-01-07 06:35:10+00:00,310.0,3252.14,3252.07,3252.23,ETH
2026-01-07 06:35:12+00:00,312.0,3252.14,3252.06,3252.2,ETH
2026-01-07 06:35:13+00:00,313.0,3252.14,3252.06,3252.19,ETH
2026-01-07 06:35:14+00:00,314.0,3252.05,3252.02,3252.17,ETH
2026-01-07 06:35:15+00:00,315.0,3252.05,3252.01,3252.16,ETH
2026-01-07 06:35:16+00:00,316.0,3252.13,3252.02,3252.18,ETH
2026-01-07 06:35:17+00:00,317.0,3252.13,3252.02,3252.26,ETH
2026-01-07 06:35:18+00:00,318.0,3251.93,3251.91,3252.05,ETH
2026-01-07 06:35:19+00:00,319.0,3251.94,3251.91,3252.11,ETH
2026-01-07 06:35:20+00:00,320.0,3252.02,3251.94,3252.12,ETH
2026-01-07 06:35:21+00:00,321.0,3251.93,3251.92,3252.07,ETH
2026-01-07 06:35:22+00:00,322.0,3251.93,3251.92,3252.11,ETH
2026-01-07 06:35:23+00:00,323.0,3251.92,3251.91,3252.1,ETH
2026-01-07 06:35:24+00:00,324.0,3251.92,3251.91,3252.11,ETH
2026-01-07 06:35:25+00:00,325.0,3251.88,3251.88,3251.93,ETH
2026-01-07 06:35:26+00:00,326.0,3251.74,3251.74,3251.89,ETH
2026-01-07 06:35:27+00:00,327.0,3251.64,3251.6,3251.69,ETH
2026-01-07 06:35:28+00:00,328.0,3251.63,3251.61,3251.69,ETH
2026-01-07 06:35:29+00:00,329.0,3251.63,3251.61,3251.69,ETH
2026-01-07 06:35:30+00:00,330.0,3251.61,3251.6,3251.69,ETH
2026-01-07 06:35:31+00:00,331.0,3251.51,3251.48,3251.61,ETH
2026-01-07 06:35:32+00:00,332.0,3251.55,3251.49,3251.8,ETH
2026-01-07 06:35:33+00:00,333.0,3251.49,3251.49,3251.79,ETH
2026-01-07 06:35:34+00:00,334.0,3251.46,3251.45,3251.73,ETH
2026-01-07 06:35:35+00:00,335.0,3251.32,3251.28,3251.56,ETH
2026-01-07 06:35:36+00:00,336.0,3251.17,3251.06,3251.42,ETH
2026-01-07 06:35:37+00:00,337.0,3250.99,3250.92,3251.23,ETH
2026-01-07 06:35:38+00:00,338.0,3250.76,3250.75,3251.02,ETH
2026-01-07 06:35:39+00:00,339.0,3250.66,3250.65,3250.95,ETH
2026-01-07 06:35:40+00:00,340.0,3250.66,3250.65,3250.91,ETH
2026-01-07 06:35:41+00:00,341.0,3250.64,3250.63,3250.9,ETH
2026-01-07 06:35:42+00:00,342.0,3250.61,3250.61,3250.91,ETH
2026-01-07 06:35:43+00:00,343.0,3250.59,3250.58,3250.77,ETH
2026-01-07 06:35:44+00:00,344.0,3250.52,3250.51,3250.66,ETH
2026-01-07 06:35:45+00:00,345.0,3250.47,3250.46,3250.69,ETH
2026-01-07 06:35:46+00:00,346.0,3250.47,3250.46,3250.69,ETH
2026-01-07 06:35:47+00:00,347.0,3250.46,3250.46,3250.69,ETH
2026-01-07 06:35:48+00:00,348.0,3250.35,3250.35,3250.6,ETH
2026-01-07 06:35:49+00:00,349.0,3250.22,3250.22,3250.47,ETH
2026-01-07 06:35:50+00:00,350.0,3250.16,3250.15,3250.4,ETH
2026-01-07 06:35:51+00:00,351.0,3250.13,3250.12,3250.38,ETH
2026-01-07 06:35:52+00:00,352.0,3250.13,3250.12,3250.39,ETH
2026-01-07 06:35:53+00:00,353.0,3250.12,3250.12,3250.31,ETH
2026-01-07 06:35:54+00:00,354.0,3249.94,3249.91,3250.19,ETH
2026-01-07 06:35:55+00:00,355.0,3249.72,3249.66,3250.03,ETH
2026-01-07 06:35:56+00:00,356.0,3249.69,3249.61,3249.92,ETH
2026-01-07 06:35:57+00:00,357.0,3249.69,3249.61,3249.92,ETH
2026-01-07 06:35:58+00:00,358.0,3249.64,3249.56,3249.92,ETH
2026-01-07 06:35:59+00:00,359.0,3249.49,3249.39,3249.66,ETH
2026-01-07 06:36:00+00:00,360.0,3249.43,3249.34,3249.55,ETH
2026-01-07 06:36:01+00:00,361.0,3249.09,3249.06,3249.2,ETH
2026-01-07 06:36:02+00:00,362.0,3248.82,3248.8,3248.97,ETH
2026-01-07 06:36:03+00:00,363.0,3248.51,3248.44,3248.74,ETH
2026-01-07 06:36:04+00:00,364.0,3248.4,3248.34,3248.67,ETH
2026-01-07 06:36:05+00:00,365.0,3248.58,3248.54,3248.88,ETH
2026-01-07 06:36:06+00:00,366.0,3248.81,3248.76,3249.1,ETH
2026-01-07 06:36:07+00:00,367.0,3248.96,3248.86,3249.19,ETH
2026-01-07 06:36:08+00:00,368.0,3249.3,3249.12,3249.4,ETH
2026-01-07 06:36:09+00:00,369.0,3249.46,3249.36,3249.56,ETH
2026-01-07 06:36:10+00:00,370.0,3249.39,3249.36,3249.56,ETH
2026-01-07 06:36:11+00:00,371.0,3249.46,3249.38,3249.56,ETH
2026-01-07 06:36:12+00:00,372.0,3249.53,3249.48,3249.62,ETH
2026-01-07 06:36:13+00:00,373.0,3249.63,3249.6,3249.71,ETH
2026-01-07 06:36:14+00:00,374.0,3249.78,3249.71,3249.82,ETH
2026-01-07 06:36:15+00:00,375.0,3249.96,3249.8,3250.01,ETH
2026-01-07 06:36:16+00:00,376.0,3249.96,3249.84,3250.03,ETH
2026-01-07 06:36:17+00:00,377.0,3249.85,3249.82,3249.96,ETH
2026-01-07 06:36:18+00:00,378.0,3249.84,3249.79,3249.97,ETH
2026-01-07 06:36:19+00:00,379.0,3249.84,3249.8,3249.96,ETH
2026-01-07 06:36:20+00:00,380.0,3249.85,3249.82,3249.95,ETH
2026-01-07 06:36:21+00:00,381.0,3249.88,3249.84,3249.95,ETH
2026-01-07 06:36:22+00:00,382.0,3249.86,3249.82,3249.9,ETH
2026-01-07 06:36:23+00:00,383.0,3249.86,3249.8,3249.89,ETH
2026-01-07 06:36:24+00:00,384.0,3249.86,3249.79,3249.89,ETH
2026-01-07 06:36:25+00:00,385.0,3249.85,3249.8,3249.89,ETH
2026-01-07 06:36:26+00:00,386.0,3249.84,3249.73,3249.88,ETH
2026-01-07 06:36:27+00:00,387.0,3249.8,3249.76,3249.86,ETH
2026-01-07 06:36:28+00:00,388.0,3249.84,3249.79,3249.96,ETH
2026-01-07 06:36:29+00:00,389.0,3249.84,3249.79,3249.94,ETH
2026-01-07 06:36:30+00:00,390.0,3249.84,3249.79,3249.94,ETH
2026-01-07 06:36:31+00:00,391.0,3250.53,3250.5,3250.6,ETH
2026-01-07 06:36:32+00:00,392.0,3250.4,3250.35,3250.46,ETH
2026-01-07 06:36:33+00:00,393.0,3250.26,3250.19,3250.32,ETH
2026-01-07 06:36:34+00:00,394.0,3250.13,3250.04,3250.18,ETH
2026-01-07 06:36:35+00:00,395.0,3249.99,3249.88,3250.04,ETH
2026-01-07 06:36:36+00:00,396.0,3249.74,3249.7,3249.98,ETH
2026-01-07 06:36:37+00:00,397.0,3249.74,3249.66,3249.96,ETH
2026-01-07 06:36:38+00:00,398.0,3249.74,3249.69,3250.09,ETH
2026-01-07 06:36:39+00:00,399.0,3249.74,3249.68,3250.07,ETH
2026-01-07 06:36:40+00:00,400.0,3249.74,3249.68,3249.88,ETH
2026-01-07 06:36:41+00:00,401.0,3249.74,3249.69,3249.86,ETH
2026-01-07 06:36:42+00:00,402.0,3249.45,3249.4,3249.65,ETH
2026-01-07 06:36:43+00:00,403.0,3249.25,3249.21,3249.31,ETH
2026-01-07 06:36:44+00:00,404.0,3249.15,3249.14,3249.18,ETH
2026-01-07 06:36:45+00:00,405.0,3249.08,3249.07,3249.15,ETH
2026-01-07 06:36:46+00:00,406.0,3249.01,3249.0,3249.12,ETH
2026-01-07 06:36:47+00:00,407.0,3249.01,3249.0,3249.11,ETH
2026-01-07 06:36:48+00:00,408.0,3248.95,3248.93,3249.05,ETH
2026-01-07 06:36:49+00:00,409.0,3248.86,3248.83,3248.94,ETH
2026-01-07 06:36:50+00:00,410.0,3248.7,3248.68,3248.75,ETH
2026-01-07 06:36:51+00:00,411.0,3248.58,3248.5,3248.69,ETH
2026-01-07 06:36:53+00:00,413.0,3248.53,3248.47,3248.58,ETH
2026-01-07 06:36:54+00:00,414.0,3248.52,3248.46,3248.57,ETH
2026-01-07 06:36:55+00:00,415.0,3248.53,3248.46,3248.6,ETH
2026-01-07 06:36:56+00:00,416.0,3248.51,3248.47,3248.56,ETH
2026-01-07 06:36:57+00:00,417.0,3248.53,3248.49,3248.57,ETH
2026-01-07 06:36:58+00:00,418.0,3248.54,3248.49,3248.57,ETH
2026-01-07 06:36:59+00:00,419.0,3248.56,3248.52,3248.62,ETH
2026-01-07 06:37:00+00:00,420.0,3248.58,3248.54,3248.89,ETH
2026-01-07 06:37:01+00:00,421.0,3249.04,3248.86,3249.16,ETH
2026-01-07 06:37:02+00:00,422.0,3249.18,3249.07,3249.29,ETH
2026-01-07 06:37:03+00:00,423.0,3249.25,3249.07,3249.43,ETH
2026-01-07 06:37:04+00:00,424.0,3249.15,3249.06,3249.26,ETH
2026-01-07 06:37:05+00:00,425.0,3248.54,3248.39,3248.6,ETH
2026-01-07 06:37:06+00:00,426.0,3248.26,3248.25,3248.51,ETH
2026-01-07 06:37:07+00:00,427.0,3248.26,3248.25,3248.32,ETH
2026-01-07 06:37:08+00:00,428.0,3247.96,3247.95,3248.13,ETH
2026-01-07 06:37:09+00:00,429.0,3247.96,3247.95,3248.13,ETH
2026-01-07 06:37:10+00:00,430.0,3247.96,3247.95,3248.11,ETH
2026-01-07 06:37:11+00:00,431.0,3247.96,3247.95,3248.16,ETH
2026-01-07 06:37:12+00:00,432.0,3248.26,3248.15,3248.33,ETH
2026-01-07 06:37:13+00:00,433.0,3248.3,3248.22,3248.39,ETH
2026-01-07 06:37:14+00:00,434.0,3248.36,3248.31,3248.39,ETH
2026-01-07 06:37:15+00:00,435.0,3248.35,3248.3,3248.39,ETH
2026-01-07 06:37:16+00:00,436.0,3248.34,3248.29,3248.39,ETH
2026-01-07 06:37:17+00:00,437.0,3248.44,3248.39,3248.48,ETH
2026-01-07 06:37:18+00:00,438.0,3248.5,3248.45,3248.69,ETH
2026-01-07 06:37:19+00:00,439.0,3248.54,3248.47,3248.69,ETH
2026-01-07 06:37:20+00:00,440.0,3248.53,3248.47,3248.68,ETH
2026-01-07 06:37:21+00:00,441.0,3248.49,3248.45,3248.58,ETH
2026-01-07 06:37:22+00:00,442.0,3248.58,3248.46,3248.66,ETH
2026-01-07 06:37:23+00:00,443.0,3248.62,3248.62,3248.99,ETH
2026-01-07 06:37:24+00:00,444.0,3248.94,3248.87,3248.99,ETH
2026-01-07 06:37:25+00:00,445.0,3248.97,3248.85,3248.99,ETH
2026-01-07 06:37:26+00:00,446.0,3248.97,3248.87,3248.99,ETH
2026-01-07 06:37:27+00:00,447.0,3248.97,3248.92,3249.0,ETH
2026-01-07 06:37:28+00:00,448.0,3249.01,3248.96,3249.2,ETH
2026-01-07 06:37:29+00:00,449.0,3249.01,3248.94,3249.18,ETH
2026-01-07 06:37:30+00:00,450.0,3249.1,3248.96,3249.15,ETH
2026-01-07 06:37:31+00:00,451.0,3249.1,3248.96,3249.2,ETH
2026-01-07 06:37:32+00:00,452.0,3249.1,3248.97,3249.21,ETH
2026-01-07 06:37:33+00:00,453.0,3249.1,3248.99,3249.28,ETH
2026-01-07 06:37:34+00:00,454.0,3249.1,3249.0,3249.35,ETH
2026-01-07 06:37:35+00:00,455.0,3249.1,3249.0,3249.32,ETH
2026-01-07 06:37:36+00:00,456.0,3249.1,3249.0,3249.25,ETH
2026-01-07 06:37:37+00:00,457.0,3249.1,3249.01,3249.2,ETH
2026-01-07 06:37:38+00:00,458.0,3249.13,3249.08,3249.27,ETH
2026-01-07 06:37:39+00:00,459.0,3249.25,3249.17,3249.46,ETH
2026-01-07 06:37:40+00:00,460.0,3249.43,3249.3,3249.55,ETH
2026-01-07 06:37:41+00:00,461.0,3249.53,3249.42,3249.55,ETH
2026-01-07 06:37:42+00:00,462.0,3249.53,3249.43,3249.55,ETH
2026-01-07 06:37:43+00:00,463.0,3249.5,3249.43,3249.55,ETH
2026-01-07 06:37:44+00:00,464.0,3249.48,3249.43,3249.58,ETH
2026-01-07 06:37:45+00:00,465.0,3249.5,3249.43,3249.61,ETH
2026-01-07 06:37:46+00:00,466.0,3249.54,3249.43,3249.63,ETH
2026-01-07 06:37:47+00:00,467.0,3249.54,3249.43,3249.62,ETH
2026-01-07 06:37:48+00:00,468.0,3249.49,3249.43,3249.57,ETH
2026-01-07 06:37:49+00:00,469.0,3249.47,3249.43,3249.57,ETH
2026-01-07 06:37:50+00:00,470.0,3249.43,3249.31,3249.52,ETH
2026-01-07 06:37:51+00:00,471.0,3249.37,3249.23,3249.46,ETH
2026-01-07 06:37:52+00:00,472.0,3249.4,3249.31,3249.48,ETH
2026-01-07 06:37:54+00:00,474.0,3249.45,3249.3,3249.57,ETH
2026-01-07 06:37:55+00:00,475.0,3249.43,3249.3,3249.57,ETH
2026-01-07 06:37:56+00:00,476.0,3249.54,3249.46,3249.74,ETH
2026-01-07 06:37:57+00:00,477.0,3249.58,3249.51,3249.74,ETH
2026-01-07 06:37:58+00:00,478.0,3249.66,3249.55,3249.74,ETH
2026-01-07 06:37:59+00:00,479.0,3249.69,3249.55,3249.72,ETH
2026-01-07 06:38:00+00:00,480.0,3249.7,3249.63,3249.83,ETH
2026-01-07 06:38:01+00:00,481.0,3249.82,3249.74,3249.96,ETH
2026-01-07 06:38:02+00:00,482.0,3249.94,3249.81,3250.0,ETH
2026-01-07 06:38:03+00:00,483.0,3249.94,3249.82,3250.04,ETH
2026-01-07 06:38:04+00:00,484.0,3249.94,3249.83,3250.08,ETH
2026-01-07 06:38:05+00:00,485.0,3250.06,3249.93,3250.21,ETH
2026-01-07 06:38:06+00:00,486.0,3250.22,3250.1,3250.35,ETH
2026-01-07 06:38:07+00:00,487.0,3250.26,3250.18,3250.33,ETH
2026-01-07 06:38:08+00:00,488.0,3250.24,3250.17,3250.28,ETH
2026-01-07 06:38:09+00:00,489.0,3250.24,3250.17,3250.29,ETH
2026-01-07 06:38:10+00:00,490.0,3250.23,3250.17,3250.32,ETH
2026-01-07 06:38:11+00:00,491.0,3250.22,3250.17,3250.31,ETH
2026-01-07 06:38:12+00:00,492.0,3250.22,3250.17,3250.28,ETH
2026-01-07 06:38:13+00:00,493.0,3250.22,3250.17,3250.3,ETH
2026-01-07 06:38:14+00:00,494.0,3250.22,3250.17,3250.31,ETH
2026-01-07 06:38:15+00:00,495.0,3250.22,3250.17,3250.31,ETH
2026-01-07 06:38:16+00:00,496.0,3250.22,3250.17,3250.32,ETH
2026-01-07 06:38:17+00:00,497.0,3250.22,3250.17,3250.32,ETH
2026-01-07 06:38:18+00:00,498.0,3250.23,3250.17,3250.32,ETH
2026-01-07 06:38:19+00:00,499.0,3250.23,3250.17,3250.32,ETH
2026-01-07 06:38:20+00:00,500.0,3250.22,3250.17,3250.31,ETH
2026-01-07 06:38:21+00:00,501.0,3250.21,3250.17,3250.24,ETH
2026-01-07 06:38:22+00:00,502.0,3250.22,3250.17,3250.26,ETH
2026-01-07 06:38:23+00:00,503.0,3250.22,3250.17,3250.26,ETH
2026-01-07 06:38:24+00:00,504.0,3250.22,3250.17,3250.29,ETH
2026-01-07 06:38:25+00:00,505.0,3250.21,3250.17,3250.24,ETH
2026-01-07 06:38:26+00:00,506.0,3250.2,3250.17,3250.24,ETH
2026-01-07 06:38:27+00:00,507.0,3250.18,3250.16,3250.23,ETH
2026-01-07 06:38:28+00:00,508.0,3250.22,3250.17,3250.25,ETH
2026-01-07 06:38:29+00:00,509.0,3250.18,3250.15,3250.23,ETH
2026-01-07 06:38:30+00:00,510.0,3250.34,3250.22,3250.38,ETH
2026-01-07 06:38:31+00:00,511.0,3250.35,3250.26,3250.35,ETH
2026-01-07 06:38:32+00:00,512.0,3250.34,3250.25,3250.35,ETH
2026-01-07 06:38:33+00:00,513.0,3250.34,3250.25,3250.35,ETH
2026-01-07 06:38:34+00:00,514.0,3250.34,3250.27,3250.35,ETH
2026-01-07 06:38:35+00:00,515.0,3250.35,3250.34,3250.45,ETH
2026-01-07 06:38:36+00:00,516.0,3250.35,3250.34,3250.5,ETH
2026-01-07 06:38:37+00:00,517.0,3250.33,3250.31,3250.48,ETH
2026-01-07 06:38:38+00:00,518.0,3250.34,3250.29,3250.44,ETH
2026-01-07 06:38:39+00:00,519.0,3250.34,3250.18,3250.44,ETH
2026-01-07 06:38:41+00:00,521.0,3250.28,3250.18,3250.34,ETH
2026-01-07 06:38:42+00:00,522.0,3250.27,3250.19,3250.34,ETH
2026-01-07 06:38:43+00:00,523.0,3250.27,3250.21,3250.34,ETH
2026-01-07 06:38:44+00:00,524.0,3250.25,3250.2,3250.34,ETH
2026-01-07 06:38:45+00:00,525.0,3250.22,3250.17,3250.34,ETH
2026-01-07 06:38:46+00:00,526.0,3250.22,3250.16,3250.34,ETH
2026-01-07 06:38:47+00:00,527.0,3250.24,3250.2,3250.34,ETH
2026-01-07 06:38:48+00:00,528.0,3250.3,3250.25,3250.35,ETH
2026-01-07 06:38:49+00:00,529.0,3250.32,3250.25,3250.4,ETH
2026-01-07 06:38:50+00:00,530.0,3250.33,3250.26,3250.4,ETH
2026-01-07 06:38:51+00:00,531.0,3250.33,3250.26,3250.4,ETH
2026-01-07 06:38:52+00:00,532.0,3250.33,3250.26,3250.41,ETH
2026-01-07 06:38:53+00:00,533.0,3250.33,3250.26,3250.4,ETH
2026-01-07 06:38:54+00:00,534.0,3250.28,3250.26,3250.35,ETH
2026-01-07 06:38:55+00:00,535.0,3250.28,3250.26,3250.35,ETH
2026-01-07 06:38:56+00:00,536.0,3250.28,3250.25,3250.33,ETH
2026-01-07 06:38:57+00:00,537.0,3250.21,3250.01,3250.26,ETH
2026-01-07 06:38:58+00:00,538.0,3250.11,3250.01,3250.26,ETH
2026-01-07 06:38:59+00:00,539.0,3250.11,3250.01,3250.22,ETH
2026-01-07 06:39:00+00:00,540.0,3250.11,3250.01,3250.22,ETH
2026-01-07 06:39:01+00:00,541.0,3250.12,3250.01,3250.23,ETH
2026-01-07 06:39:02+00:00,542.0,3250.13,3250.09,3250.22,ETH
2026-01-07 06:39:03+00:00,543.0,3250.29,3250.22,3250.36,ETH
2026-01-07 06:39:04+00:00,544.0,3250.27,3250.18,3250.33,ETH
2026-01-07 06:39:05+00:00,545.0,3250.33,3250.28,3250.38,ETH
2026-01-07 06:39:06+00:00,546.0,3250.33,3250.28,3250.4,ETH
2026-01-07 06:39:07+00:00,547.0,3250.33,3250.29,3250.4,ETH
2026-01-07 06:39:08+00:00,548.0,3250.33,3250.29,3250.4,ETH
2026-01-07 06:39:09+00:00,549.0,3250.33,3250.29,3250.38,ETH
2026-01-07 06:39:10+00:00,550.0,3250.33,3250.29,3250.39,ETH
2026-01-07 06:39:11+00:00,551.0,3250.33,3250.29,3250.4,ETH
2026-01-07 06:39:12+00:00,552.0,3250.33,3250.29,3250.41,ETH
2026-01-07 06:39:13+00:00,553.0,3250.33,3250.29,3250.4,ETH
2026-01-07 06:39:14+00:00,554.0,3250.33,3250.29,3250.38,ETH
2026-01-07 06:39:15+00:00,555.0,3250.33,3250.29,3250.38,ETH
2026-01-07 06:39:16+00:00,556.0,3250.36,3250.31,3250.41,ETH
2026-01-07 06:39:17+00:00,557.0,3250.38,3250.32,3250.44,ETH
2026-01-07 06:39:18+00:00,558.0,3250.38,3250.31,3250.45,ETH
2026-01-07 06:39:19+00:00,559.0,3250.38,3250.3,3250.45,ETH
2026-01-07 06:39:20+00:00,560.0,3250.38,3250.29,3250.44,ETH
2026-01-07 06:39:21+00:00,561.0,3250.38,3250.27,3250.44,ETH
2026-01-07 06:39:22+00:00,562.0,3250.38,3250.28,3250.44,ETH
2026-01-07 06:39:23+00:00,563.0,3250.39,3250.32,3250.44,ETH
2026-01-07 06:39:24+00:00,564.0,3250.39,3250.34,3250.44,ETH
2026-01-07 06:39:25+00:00,565.0,3250.28,3250.23,3250.4,ETH
2026-01-07 06:39:26+00:00,566.0,3250.16,3250.13,3250.32,ETH
2026-01-07 06:39:27+00:00,567.0,3250.14,3250.13,3250.28,ETH
2026-01-07 06:39:28+00:00,568.0,3250.13,3250.13,3250.28,ETH
2026-01-07 06:39:29+00:00,569.0,3250.07,3249.94,3250.23,ETH
2026-01-07 06:39:30+00:00,570.0,3249.94,3249.71,3250.07,ETH
2026-01-07 06:39:31+00:00,571.0,3249.8,3249.59,3249.88,ETH
2026-01-07 06:39:32+00:00,572.0,3249.73,3249.54,3249.79,ETH
2026-01-07 06:39:33+00:00,573.0,3249.49,3249.48,3249.8,ETH
2026-01-07 06:39:34+00:00,574.0,3249.51,3249.51,3249.86,ETH
2026-01-07 06:39:35+00:00,575.0,3249.74,3249.64,3249.88,ETH
2026-01-07 06:39:36+00:00,576.0,3249.74,3249.64,3249.87,ETH
2026-01-07 06:39:37+00:00,577.0,3249.85,3249.74,3250.0,ETH
2026-01-07 06:39:38+00:00,578.0,3249.74,3249.65,3249.88,ETH
2026-01-07 06:39:39+00:00,579.0,3249.63,3249.59,3249.76,ETH
2026-01-07 06:39:40+00:00,580.0,3249.49,3249.42,3249.63,ETH
2026-01-07 06:39:41+00:00,581.0,3249.33,3249.28,3249.61,ETH
2026-01-07 06:39:42+00:00,582.0,3249.27,3249.25,3249.6,ETH
2026-01-07 06:39:43+00:00,583.0,3249.27,3249.25,3249.6,ETH
2026-01-07 06:39:44+00:00,584.0,3249.26,3249.26,3249.48,ETH
2026-01-07 06:39:45+00:00,585.0,3249.26,3249.26,3249.39,ETH
2026-01-07 06:39:46+00:00,586.0,3249.26,3249.25,3249.4,ETH
2026-01-07 06:39:47+00:00,587.0,3249.26,3249.25,3249.38,ETH
2026-01-07 06:39:48+00:00,588.0,3249.26,3249.24,3249.38,ETH
2026-01-07 06:39:49+00:00,589.0,3249.24,3249.22,3249.4,ETH
2026-01-07 06:39:50+00:00,590.0,3249.23,3249.22,3249.4,ETH
2026-01-07 06:39:51+00:00,591.0,3249.23,3249.22,3249.34,ETH
2026-01-07 06:39:52+00:00,592.0,3249.23,3249.21,3249.32,ETH
2026-01-07 06:39:53+00:00,593.0,3249.19,3249.18,3249.36,ETH
2026-01-07 06:39:54+00:00,594.0,3249.13,3249.11,3249.26,ETH
2026-01-07 06:39:55+00:00,595.0,3249.1,3249.07,3249.16,ETH
2026-01-07 06:39:56+00:00,596.0,3249.16,3249.09,3249.19,ETH
2026-01-07 06:39:57+00:00,597.0,3249.03,3248.99,3249.16,ETH
2026-01-07 06:39:58+00:00,598.0,3249.04,3249.0,3249.16,ETH
2026-01-07 06:39:59+00:00,599.0,3249.03,3248.99,3249.16,ETH
2026-01-07 06:40:00+00:00,600.0,3248.96,3248.93,3249.05,ETH
2026-01-07 06:40:01+00:00,601.0,3248.95,3248.93,3249.05,ETH
2026-01-07 06:40:02+00:00,602.0,3248.91,3248.9,3249.04,ETH
2026-01-07 06:40:03+00:00,603.0,3248.74,3248.73,3249.04,ETH
2026-01-07 06:40:04+00:00,604.0,3248.76,3248.74,3249.04,ETH
2026-01-07 06:40:05+00:00,605.0,3248.78,3248.76,3249.04,ETH
2026-01-07 06:40:06+00:00,606.0,3248.73,3248.7,3248.77,ETH
2026-01-07 06:40:07+00:00,607.0,3248.61,3248.6,3248.85,ETH
2026-01-07 06:40:08+00:00,608.0,3248.6,3248.59,3248.87,ETH
2026-01-07 06:40:09+00:00,609.0,3248.6,3248.59,3248.82,ETH
2026-01-07 06:40:10+00:00,610.0,3248.6,3248.58,3248.69,ETH
2026-01-07 06:40:11+00:00,611.0,3248.61,3248.6,3248.81,ETH
2026-01-07 06:40:12+00:00,612.0,3248.61,3248.6,3248.75,ETH
2026-01-07 06:40:13+00:00,613.0,3248.61,3248.6,3248.73,ETH
2026-01-07 06:40:14+00:00,614.0,3248.61,3248.6,3248.73,ETH
2026-01-07 06:40:15+00:00,615.0,3248.78,3248.74,3248.98,ETH
2026-01-07 06:40:16+00:00,616.0,3248.81,3248.74,3248.84,ETH
2026-01-07 06:40:17+00:00,617.0,3248.8,3248.76,3248.85,ETH
2026-01-07 06:40:18+00:00,618.0,3248.99,3248.9,3249.27,ETH
2026-01-07 06:40:19+00:00,619.0,3249.52,3249.47,3249.56,ETH
2026-01-07 06:40:20+00:00,620.0,3249.48,3249.45,3249.53,ETH
2026-01-07 06:40:21+00:00,621.0,3249.42,3249.4,3249.52,ETH
2026-01-07 06:40:22+00:00,622.0,3249.25,3249.2,3249.39,ETH
2026-01-07 06:40:23+00:00,623.0,3249.1,3248.99,3249.2,ETH
2026-01-07 06:40:24+00:00,624.0,3249.03,3248.93,3249.15,ETH
2026-01-07 06:40:26+00:00,626.0,3248.99,3248.94,3249.15,ETH
2026-01-07 06:40:27+00:00,627.0,3249.02,3248.94,3249.15,ETH
2026-01-07 06:40:28+00:00,628.0,3248.9,3248.89,3249.15,ETH
2026-01-07 06:40:29+00:00,629.0,3248.88,3248.88,3249.04,ETH
2026-01-07 06:40:30+00:00,630.0,3248.88,3248.88,3249.03,ETH
2026-01-07 06:40:31+00:00,631.0,3248.88,3248.88,3249.03,ETH
2026-01-07 06:40:32+00:00,632.0,3248.88,3248.88,3248.97,ETH
2026-01-07 06:40:33+00:00,633.0,3248.87,3248.87,3249.01,ETH
2026-01-07 06:40:34+00:00,634.0,3248.87,3248.87,3249.01,ETH
2026-01-07 06:40:35+00:00,635.0,3248.85,3248.82,3248.88,ETH
2026-01-07 06:40:36+00:00,636.0,3248.86,3248.84,3248.91,ETH
2026-01-07 06:40:37+00:00,637.0,3248.84,3248.83,3248.96,ETH
2026-01-07 06:40:38+00:00,638.0,3248.84,3248.83,3248.96,ETH
2026-01-07 06:40:39+00:00,639.0,3248.67,3248.66,3248.84,ETH
2026-01-07 06:40:40+00:00,640.0,3248.62,3248.58,3248.67,ETH
2026-01-07 06:40:41+00:00,641.0,3248.61,3248.58,3248.67,ETH
2026-01-07 06:40:42+00:00,642.0,3248.56,3248.53,3248.67,ETH
2026-01-07 06:40:43+00:00,643.0,3248.65,3248.61,3248.69,ETH
2026-01-07 06:40:44+00:00,644.0,3248.8,3248.72,3248.85,ETH
2026-01-07 06:40:45+00:00,645.0,3248.94,3248.85,3249.0,ETH
2026-01-07 06:40:46+00:00,646.0,3248.95,3248.91,3249.0,ETH
2026-01-07 06:40:47+00:00,647.0,3248.96,3248.92,3249.02,ETH
2026-01-07 06:40:48+00:00,648.0,3248.91,3248.89,3248.98,ETH
2026-01-07 06:40:49+00:00,649.0,3248.86,3248.86,3248.93,ETH
2026-01-07 06:40:50+00:00,650.0,3248.86,3248.85,3248.93,ETH
2026-01-07 06:40:51+00:00,651.0,3248.85,3248.85,3248.93,ETH
2026-01-07 06:40:52+00:00,652.0,3248.82,3248.79,3248.89,ETH
2026-01-07 06:40:53+00:00,653.0,3248.79,3248.74,3248.85,ETH
2026-01-07 06:40:54+00:00,654.0,3248.79,3248.74,3248.86,ETH
2026-01-07 06:40:55+00:00,655.0,3248.79,3248.76,3248.88,ETH
2026-01-07 06:40:56+00:00,656.0,3248.83,3248.79,3248.9,ETH
2026-01-07 06:40:57+00:00,657.0,3248.83,3248.79,3248.91,ETH
2026-01-07 06:40:58+00:00,658.0,3248.82,3248.78,3248.94,ETH
2026-01-07 06:40:59+00:00,659.0,3248.82,3248.79,3248.99,ETH
2026-01-07 06:41:00+00:00,660.0,3248.83,3248.78,3248.99,ETH
2026-01-07 06:41:01+00:00,661.0,3248.86,3248.82,3249.05,ETH
2026-01-07 06:41:02+00:00,662.0,3248.89,3248.88,3249.05,ETH
2026-01-07 06:41:03+00:00,663.0,3248.89,3248.88,3248.98,ETH
2026-01-07 06:41:04+00:00,664.0,3248.89,3248.88,3249.03,ETH
2026-01-07 06:41:05+00:00,665.0,3248.89,3248.88,3249.1,ETH
2026-01-07 06:41:06+00:00,666.0,3248.89,3248.88,3249.07,ETH
2026-01-07 06:41:07+00:00,667.0,3248.89,3248.88,3249.03,ETH
2026-01-07 06:41:08+00:00,668.0,3248.96,3248.89,3249.0,ETH
2026-01-07 06:41:09+00:00,669.0,3248.98,3248.9,3249.07,ETH
2026-01-07 06:41:10+00:00,670.0,3248.93,3248.88,3248.98,ETH
2026-01-07 06:41:11+00:00,671.0,3248.93,3248.89,3248.98,ETH
2026-01-07 06:41:12+00:00,672.0,3248.98,3248.91,3249.08,ETH
2026-01-07 06:41:13+00:00,673.0,3248.98,3248.91,3249.09,ETH
2026-01-07 06:41:14+00:00,674.0,3248.98,3248.91,3249.02,ETH
2026-01-07 06:41:15+00:00,675.0,3248.99,3248.91,3249.21,ETH
2026-01-07 06:41:16+00:00,676.0,3249.14,3249.04,3249.19,ETH
2026-01-07 06:41:17+00:00,677.0,3249.36,3249.28,3249.45,ETH
2026-01-07 06:41:18+00:00,678.0,3249.38,3248.88,3249.4,ETH
2026-01-07 06:41:19+00:00,679.0,3248.9,3248.86,3248.96,ETH
2026-01-07 06:41:20+00:00,680.0,3248.84,3248.84,3248.91,ETH
2026-01-07 06:41:21+00:00,681.0,3248.91,3248.88,3249.01,ETH
2026-01-07 06:41:22+00:00,682.0,3248.91,3248.9,3249.06,ETH
2026-01-07 06:41:23+00:00,683.0,3248.97,3248.96,3249.05,ETH
2026-01-07 06:41:24+00:00,684.0,3248.98,3248.97,3249.05,ETH
2026-01-07 06:41:25+00:00,685.0,3248.98,3248.97,3249.05,ETH
2026-01-07 06:41:26+00:00,686.0,3248.98,3248.94,3249.05,ETH
2026-01-07 06:41:27+00:00,687.0,3248.98,3248.93,3249.05,ETH
2026-01-07 06:41:28+00:00,688.0,3248.97,3248.96,3249.05,ETH
2026-01-07 06:41:29+00:00,689.0,3248.97,3248.97,3249.05,ETH
2026-01-07 06:41:30+00:00,690.0,3248.97,3248.96,3249.05,ETH
2026-01-07 06:41:31+00:00,691.0,3248.97,3248.96,3249.05,ETH
2026-01-07 06:41:32+00:00,692.0,3248.98,3248.97,3249.06,ETH
2026-01-07 06:41:33+00:00,693.0,3248.98,3248.97,3249.06,ETH
2026-01-07 06:41:34+00:00,694.0,3248.98,3248.92,3249.04,ETH
2026-01-07 06:41:35+00:00,695.0,3248.98,3248.95,3249.05,ETH
2026-01-07 06:41:36+00:00,696.0,3248.98,3248.97,3249.0,ETH
2026-01-07 06:41:37+00:00,697.0,3248.98,3248.94,3249.0,ETH
2026-01-07 06:41:38+00:00,698.0,3248.97,3248.94,3249.0,ETH
2026-01-07 06:41:39+00:00,699.0,3248.97,3248.94,3249.02,ETH
2026-01-07 06:41:40+00:00,700.0,3248.97,3248.95,3249.05,ETH
2026-01-07 06:41:41+00:00,701.0,3248.98,3248.96,3249.04,ETH
2026-01-07 06:41:42+00:00,702.0,3248.98,3248.96,3249.04,ETH
2026-01-07 06:41:43+00:00,703.0,3248.97,3248.95,3249.02,ETH
2026-01-07 06:41:44+00:00,704.0,3248.96,3248.95,3249.0,ETH
2026-01-07 06:41:45+00:00,705.0,3248.96,3248.95,3249.0,ETH
2026-01-07 06:41:46+00:00,706.0,3248.96,3248.95,3248.99,ETH
2026-01-07 06:41:47+00:00,707.0,3248.95,3248.95,3248.99,ETH
2026-01-07 06:41:48+00:00,708.0,3248.95,3248.95,3248.99,ETH
2026-01-07 06:41:49+00:00,709.0,3248.96,3248.95,3248.99,ETH
2026-01-07 06:41:50+00:00,710.0,3248.96,3248.96,3249.03,ETH
2026-01-07 06:41:51+00:00,711.0,3248.96,3248.95,3249.09,ETH
2026-01-07 06:41:52+00:00,712.0,3248.96,3248.95,3249.06,ETH
2026-01-07 06:41:53+00:00,713.0,3248.96,3248.95,3249.09,ETH
2026-01-07 06:41:54+00:00,714.0,3248.96,3248.95,3249.16,ETH
2026-01-07 06:41:55+00:00,715.0,3248.96,3248.95,3249.17,ETH
2026-01-07 06:41:56+00:00,716.0,3248.96,3248.95,3249.14,ETH
2026-01-07 06:41:57+00:00,717.0,3248.96,3248.95,3249.12,ETH
2026-01-07 06:41:58+00:00,718.0,3248.96,3248.95,3249.13,ETH
2026-01-07 06:41:59+00:00,719.0,3248.96,3248.95,3249.09,ETH
2026-01-07 06:42:00+00:00,720.0,3248.96,3248.95,3249.09,ETH
2026-01-07 06:42:01+00:00,721.0,3248.95,3248.94,3249.11,ETH
2026-01-07 06:42:02+00:00,722.0,3248.78,3248.7,3248.91,ETH
2026-01-07 06:42:03+00:00,723.0,3248.71,3248.7,3248.88,ETH
2026-01-07 06:42:04+00:00,724.0,3248.71,3248.7,3248.81,ETH
2026-01-07 06:42:05+00:00,725.0,3248.71,3248.7,3248.84,ETH
2026-01-07 06:42:06+00:00,726.0,3248.71,3248.7,3248.84,ETH
2026-01-07 06:42:07+00:00,727.0,3248.71,3248.68,3248.75,ETH
2026-01-07 06:42:08+00:00,728.0,3248.71,3248.68,3248.75,ETH
2026-01-07 06:42:09+00:00,729.0,3248.62,3248.6,3248.71,ETH
2026-01-07 06:42:10+00:00,730.0,3248.63,3248.6,3248.69,ETH
2026-01-07 06:42:11+00:00,731.0,3248.63,3248.6,3248.67,ETH
2026-01-07 06:42:12+00:00,732.0,3248.54,3248.43,3248.65,ETH
2026-01-07 06:42:13+00:00,733.0,3248.37,3248.26,3248.56,ETH
2026-01-07 06:42:14+00:00,734.0,3248.27,3248.25,3248.51,ETH
2026-01-07 06:42:15+00:00,735.0,3248.19,3248.19,3248.52,ETH
2026-01-07 06:42:16+00:00,736.0,3248.12,3248.12,3248.37,ETH
2026-01-07 06:42:17+00:00,737.0,3248.1,3248.09,3248.24,ETH
2026-01-07 06:42:18+00:00,738.0,3248.08,3248.08,3248.34,ETH
2026-01-07 06:42:19+00:00,739.0,3248.08,3248.08,3248.46,ETH
2026-01-07 06:42:20+00:00,740.0,3248.08,3248.07,3248.46,ETH
2026-01-07 06:42:21+00:00,741.0,3248.07,3248.07,3248.45,ETH
2026-01-07 06:42:22+00:00,742.0,3248.07,3248.07,3248.45,ETH
2026-01-07 06:42:23+00:00,743.0,3248.07,3248.06,3248.44,ETH
2026-01-07 06:42:24+00:00,744.0,3247.48,3247.33,3247.49,ETH
2026-01-07 06:42:25+00:00,745.0,3247.25,3247.24,3247.4,ETH
2026-01-07 06:42:26+00:00,746.0,3247.22,3247.21,3247.39,ETH
2026-01-07 06:42:27+00:00,747.0,3247.21,3247.17,3247.31,ETH
2026-01-07 06:42:28+00:00,748.0,3247.21,3247.17,3247.24,ETH
2026-01-07 06:42:29+00:00,749.0,3247.21,3247.17,3247.24,ETH
2026-01-07 06:42:30+00:00,750.0,3247.21,3247.17,3247.27,ETH
2026-01-07 06:42:31+00:00,751.0,3247.21,3247.2,3247.27,ETH
2026-01-07 06:42:32+00:00,752.0,3247.21,3247.2,3247.32,ETH
2026-01-07 06:42:33+00:00,753.0,3247.21,3247.2,3247.32,ETH
2026-01-07 06:42:34+00:00,754.0,3247.21,3247.2,3247.35,ETH
2026-01-07 06:42:35+00:00,755.0,3247.21,3247.2,3247.35,ETH
2026-01-07 06:42:36+00:00,756.0,3247.21,3247.2,3247.32,ETH
2026-01-07 06:42:37+00:00,757.0,3247.21,3247.2,3247.32,ETH
2026-01-07 06:42:38+00:00,758.0,3247.21,3247.2,3247.41,ETH
2026-01-07 06:42:39+00:00,759.0,3247.21,3247.2,3247.36,ETH
2026-01-07 06:42:40+00:00,760.0,3247.21,3247.2,3247.41,ETH
2026-01-07 06:42:41+00:00,761.0,3247.19,3247.15,3247.23,ETH
2026-01-07 06:42:42+00:00,762.0,3247.17,3247.17,3247.21,ETH
2026-01-07 06:42:43+00:00,763.0,3247.26,3247.24,3247.3,ETH
2026-01-07 06:42:44+00:00,764.0,3247.35,3247.31,3247.46,ETH
2026-01-07 06:42:45+00:00,765.0,3247.43,3247.37,3247.52,ETH
2026-01-07 06:42:46+00:00,766.0,3247.4,3247.37,3247.43,ETH
2026-01-07 06:42:47+00:00,767.0,3247.4,3247.39,3247.48,ETH
2026-01-07 06:42:48+00:00,768.0,3247.41,3247.39,3247.48,ETH
2026-01-07 06:42:49+00:00,769.0,3247.41,3247.38,3247.49,ETH
2026-01-07 06:42:50+00:00,770.0,3247.42,3247.4,3247.59,ETH
2026-01-07 06:42:51+00:00,771.0,3247.42,3247.4,3247.54,ETH
2026-01-07 06:42:52+00:00,772.0,3247.44,3247.4,3247.51,ETH
2026-01-07 06:42:53+00:00,773.0,3247.45,3247.43,3247.55,ETH
2026-01-07 06:42:54+00:00,774.0,3247.45,3247.43,3247.52,ETH
2026-01-07 06:42:55+00:00,775.0,3247.46,3247.42,3247.5,ETH
2026-01-07 06:42:56+00:00,776.0,3247.48,3247.43,3247.52,ETH
2026-01-07 06:42:57+00:00,777.0,3247.49,3247.44,3247.53,ETH
2026-01-07 06:42:58+00:00,778.0,3247.52,3247.46,3247.57,ETH
2026-01-07 06:42:59+00:00,779.0,3247.54,3247.49,3247.65,ETH
2026-01-07 06:43:00+00:00,780.0,3247.54,3247.48,3247.65,ETH
2026-01-07 06:43:01+00:00,781.0,3247.54,3247.47,3247.65,ETH
2026-01-07 06:43:02+00:00,782.0,3247.54,3247.47,3247.67,ETH
2026-01-07 06:43:03+00:00,783.0,3247.54,3247.46,3247.64,ETH
2026-01-07 06:43:04+00:00,784.0,3247.54,3247.47,3247.65,ETH
2026-01-07 06:43:05+00:00,785.0,3247.54,3247.47,3247.66,ETH
2026-01-07 06:43:06+00:00,786.0,3247.54,3247.48,3247.62,ETH
2026-01-07 06:43:07+00:00,787.0,3247.54,3247.48,3247.61,ETH
2026-01-07 06:43:08+00:00,788.0,3247.54,3247.5,3247.68,ETH
2026-01-07 06:43:09+00:00,789.0,3247.59,3247.53,3247.68,ETH
2026-01-07 06:43:10+00:00,790.0,3247.57,3247.53,3247.62,ETH
2026-01-07 06:43:11+00:00,791.0,3247.58,3247.52,3247.61,ETH
2026-01-07 06:43:12+00:00,792.0,3247.5,3247.5,3247.67,ETH
2026-01-07 06:43:13+00:00,793.0,3247.5,3247.49,3247.63,ETH
2026-01-07 06:43:14+00:00,794.0,3247.5,3247.5,3247.65,ETH
2026-01-07 06:43:15+00:00,795.0,3247.5,3247.5,3247.67,ETH
2026-01-07 06:43:16+00:00,796.0,3247.5,3247.5,3247.69,ETH
2026-01-07 06:43:17+00:00,797.0,3247.5,3247.5,3247.69,ETH
2026-01-07 06:43:18+00:00,798.0,3247.5,3247.5,3247.7,ETH
2026-01-07 06:43:19+00:00,799.0,3247.5,3247.49,3247.63,ETH
2026-01-07 06:43:20+00:00,800.0,3247.35,3247.21,3247.38,ETH
2026-01-07 06:43:21+00:00,801.0,3247.21,3247.2,3247.37,ETH
2026-01-07 06:43:22+00:00,802.0,3247.21,3247.2,3247.35,ETH
2026-01-07 06:43:23+00:00,803.0,3247.21,3247.2,3247.34,ETH
2026-01-07 06:43:24+00:00,804.0,3247.21,3247.2,3247.33,ETH
2026-01-07 06:43:25+00:00,805.0,3247.21,3247.2,3247.33,ETH
2026-01-07 06:43:26+00:00,806.0,3247.21,3247.2,3247.32,ETH
2026-01-07 06:43:27+00:00,807.0,3247.21,3247.2,3247.31,ETH
2026-01-07 06:43:28+00:00,808.0,3247.21,3247.19,3247.3,ETH
2026-01-07 06:43:29+00:00,809.0,3247.21,3247.18,3247.3,ETH
2026-01-07 06:43:30+00:00,810.0,3247.21,3247.18,3247.31,ETH
2026-01-07 06:43:31+00:00,811.0,3247.21,3247.18,3247.29,ETH
2026-01-07 06:43:32+00:00,812.0,3247.21,3247.2,3247.32,ETH
2026-01-07 06:43:33+00:00,813.0,3247.21,3247.18,3247.36,ETH
2026-01-07 06:43:34+00:00,814.0,3247.21,3247.17,3247.36,ETH
2026-01-07 06:43:35+00:00,815.0,3247.21,3247.17,3247.32,ETH
2026-01-07 06:43:36+00:00,816.0,3247.21,3247.19,3247.34,ETH
2026-01-07 06:43:37+00:00,817.0,3247.21,3247.19,3247.32,ETH
2026-01-07 06:43:38+00:00,818.0,3247.21,3247.19,3247.32,ETH
2026-01-07 06:43:39+00:00,819.0,3247.21,3247.18,3247.31,ETH
2026-01-07 06:43:40+00:00,820.0,3247.21,3247.18,3247.3,ETH
2026-01-07 06:43:41+00:00,821.0,3247.21,3247.18,3247.31,ETH
2026-01-07 06:43:42+00:00,822.0,3247.21,3247.18,3247.32,ETH
2026-01-07 06:43:43+00:00,823.0,3247.21,3247.18,3247.35,ETH
2026-01-07 06:43:44+00:00,824.0,3247.21,3247.17,3247.37,ETH
2026-01-07 06:43:45+00:00,825.0,3247.21,3247.17,3247.35,ETH
2026-01-07 06:43:46+00:00,826.0,3247.21,3247.17,3247.28,ETH
2026-01-07 06:43:47+00:00,827.0,3247.2,3247.17,3247.24,ETH
2026-01-07 06:43:48+00:00,828.0,3247.2,3247.16,3247.23,ETH
2026-01-07 06:43:49+00:00,829.0,3247.17,3247.13,3247.22,ETH
2026-01-07 06:43:50+00:00,830.0,3247.17,3247.14,3247.23,ETH
2026-01-07 06:43:51+00:00,831.0,3247.18,3247.14,3247.23,ETH
2026-01-07 06:43:52+00:00,832.0,3247.07,3247.05,3247.2,ETH
2026-01-07 06:43:53+00:00,833.0,3247.0,3246.99,3247.15,ETH
2026-01-07 06:43:54+00:00,834.0,3247.0,3246.98,3247.1,ETH
2026-01-07 06:43:55+00:00,835.0,3246.95,3246.93,3246.99,ETH
2026-01-07 06:43:56+00:00,836.0,3246.95,3246.93,3246.99,ETH
2026-01-07 06:43:57+00:00,837.0,3246.95,3246.92,3246.99,ETH
2026-01-07 06:43:58+00:00,838.0,3246.94,3246.92,3246.99,ETH
2026-01-07 06:43:59+00:00,839.0,3246.94,3246.92,3246.99,ETH
2026-01-07 06:44:00+00:00,840.0,3246.94,3246.92,3246.99,ETH
2026-01-07 06:44:01+00:00,841.0,3246.95,3246.94,3247.1,ETH
2026-01-07 06:44:02+00:00,842.0,3247.11,3247.07,3247.2,ETH
2026-01-07 06:44:03+00:00,843.0,3247.13,3247.08,3247.28,ETH
2026-01-07 06:44:04+00:00,844.0,3247.08,3247.07,3247.19,ETH
2026-01-07 06:44:05+00:00,845.0,3247.07,3247.06,3247.22,ETH
2026-01-07 06:44:06+00:00,846.0,3247.07,3247.06,3247.17,ETH
2026-01-07 06:44:07+00:00,847.0,3247.06,3247.06,3247.2,ETH
2026-01-07 06:44:08+00:00,848.0,3247.06,3247.06,3247.2,ETH
2026-01-07 06:44:09+00:00,849.0,3247.06,3247.06,3247.21,ETH
2026-01-07 06:44:10+00:00,850.0,3247.06,3247.06,3247.2,ETH
2026-01-07 06:44:11+00:00,851.0,3247.09,3247.08,3247.22,ETH
2026-01-07 06:44:12+00:00,852.0,3247.09,3247.08,3247.21,ETH
2026-01-07 06:44:13+00:00,853.0,3247.09,3247.08,3247.21,ETH
2026-01-07 06:44:14+00:00,854.0,3247.09,3247.08,3247.21,ETH
2026-01-07 06:44:15+00:00,855.0,3246.84,3246.83,3246.98,ETH
2026-01-07 06:44:16+00:00,856.0,3246.82,3246.82,3247.02,ETH
2026-01-07 06:44:17+00:00,857.0,3246.81,3246.8,3247.03,ETH
2026-01-07 06:44:18+00:00,858.0,3246.81,3246.8,3246.98,ETH
2026-01-07 06:44:19+00:00,859.0,3246.81,3246.8,3246.97,ETH
2026-01-07 06:44:20+00:00,860.0,3246.81,3246.8,3246.95,ETH
2026-01-07 06:44:21+00:00,861.0,3246.81,3246.8,3246.96,ETH
2026-01-07 06:44:22+00:00,862.0,3246.81,3246.8,3246.93,ETH
2026-01-07 06:44:23+00:00,863.0,3246.81,3246.8,3246.93,ETH
2026-01-07 06:44:24+00:00,864.0,3246.81,3246.81,3246.95,ETH
2026-01-07 06:44:25+00:00,865.0,3246.81,3246.81,3246.94,ETH
2026-01-07 06:44:26+00:00,866.0,3246.81,3246.8,3246.95,ETH
2026-01-07 06:44:27+00:00,867.0,3246.81,3246.8,3246.94,ETH
2026-01-07 06:44:28+00:00,868.0,3246.98,3246.94,3247.01,ETH
2026-01-07 06:44:29+00:00,869.0,3246.98,3246.95,3247.01,ETH
2026-01-07 06:44:30+00:00,870.0,3246.98,3246.92,3247.0,ETH
2026-01-07 06:44:31+00:00,871.0,3246.96,3246.92,3247.0,ETH
2026-01-07 06:44:32+00:00,872.0,3246.96,3246.92,3247.0,ETH
2026-01-07 06:44:33+00:00,873.0,3246.96,3246.94,3247.01,ETH
2026-01-07 06:44:34+00:00,874.0,3247.04,3246.98,3247.1,ETH
2026-01-07 06:44:35+00:00,875.0,3247.03,3246.98,3247.04,ETH
2026-01-07 06:44:36+00:00,876.0,3246.99,3246.98,3247.04,ETH
2026-01-07 06:44:37+00:00,877.0,3247.0,3246.99,3247.17,ETH
2026-01-07 06:44:38+00:00,878.0,3247.0,3246.99,3247.01,ETH
2026-01-07 06:44:39+00:00,879.0,3247.0,3247.0,3247.1,ETH
2026-01-07 06:44:40+00:00,880.0,3247.0,3247.0,3247.19,ETH
2026-01-07 06:44:41+00:00,881.0,3247.0,3247.0,3247.2,ETH
2026-01-07 06:44:42+00:00,882.0,3247.0,3246.99,3247.16,ETH
2026-01-07 06:44:43+00:00,883.0,3247.0,3246.99,3247.13,ETH
2026-01-07 06:44:44+00:00,884.0,3247.0,3246.99,3247.13,ETH
2026-01-07 06:44:45+00:00,885.0,3247.0,3246.98,3247.17,ETH
2026-01-07 06:44:46+00:00,886.0,3247.0,3246.97,3247.16,ETH
2026-01-07 06:44:47+00:00,887.0,3247.0,3246.96,3247.16,ETH
2026-01-07 06:44:48+00:00,888.0,3247.0,3246.97,3247.11,ETH
2026-01-07 06:44:49+00:00,889.0,3247.0,3246.97,3247.06,ETH
2026-01-07 06:44:50+00:00,890.0,3247.0,3246.97,3247.06,ETH
2026-01-07 06:44:51+00:00,891.0,3247.0,3246.97,3247.08,ETH
2026-01-07 06:44:52+00:00,892.0,3246.98,3246.96,3247.05,ETH
2026-01-07 06:44:53+00:00,893.0,3246.96,3246.96,3247.0,ETH
2026-01-07 06:44:54+00:00,894.0,3246.98,3246.96,3247.04,ETH
2026-01-07 06:44:55+00:00,895.0,3247.0,3246.96,3247.07,ETH
2026-01-07 06:44:56+00:00,896.0,3247.0,3246.97,3247.07,ETH
2026-01-07 06:44:57+00:00,897.0,3247.0,3246.97,3247.07,ETH
2026-01-07 06:44:58+00:00,898.0,3247.0,3246.96,3247.12,ETH
2026-01-07 06:44:59+00:00,899.0,3247.0,3246.96,3247.15,ETH
