timestamp,collected_at,seconds,up_mid,up_best_bid,up_best_ask,down_mid,down_best_bid,down_best_ask,up_best_bid_size,up_best_ask_size,down_best_bid_size,down_best_ask_size,up_bid_2,up_bid_2_size,up_ask_2,up_ask_2_size,up_bid_3,up_bid_3_size,up_ask_3,up_ask_3_size,up_bid_4,up_bid_4_size,up_ask_4,up_ask_4_size,up_bid_5,up_bid_5_size,up_ask_5,up_ask_5_size,up_bid_6,up_bid_6_size,up_ask_6,up_ask_6_size,down_bid_2,down_bid_2_size,down_ask_2,down_ask_2_size,down_bid_3,down_bid_3_size,down_ask_3,down_ask_3_size,down_bid_4,down_bid_4_size,down_ask_4,down_ask_4_size,down_bid_5,down_bid_5_size,down_ask_5,down_ask_5_size,down_bid_6,down_bid_6_size,down_ask_6,down_ask_6_size
2026-01-07 06:30:00.983000+00:00,2026-01-07 06:29:58.404022+00:00,0.983,0.99,0.99,,0.01,,0.01,190667.06,,,206610.99,0.98,298.87,,,0.97,65.0,,,0.96,78.41,,,0.95,183.73,,,0.94,228.64,,,,,0.02,298.87,,,0.03,65.0,,,0.04,78.41,,,0.05,183.73,,,0.06,228.64
2026-01-07 06:30:01.758000+00:00,2026-01-07 06:29:59.408774+00:00,1.758,0.99,0.99,,0.01,,0.01,213508.28,,,213508.28,0.98,298.87,,,0.97,65.0,,,0.96,78.41,,,0.95,183.73,,,0.94,228.64,,,,,0.02,298.87,,,0.03,65.0,,,0.04,78.41,,,0.05,183.73,,,0.06,228.64
2026-01-07 06:30:02.916000+00:00,2026-01-07 06:30:00.414895+00:00,2.916,0.52,0.5,0.54,0.495,0.46,0.53,5.0,379.53,379.53,444.47,0.47,444.47,0.56,700.0,0.46,310.5,0.6,62.5,0.45,110.0,0.61,5.0,0.44,700.0,0.63,5.0,0.4,123.0,0.65,5.0,0.44,700.0,0.54,310.5,0.4,62.5,0.55,110.0,0.39,5.0,0.56,700.0,0.37,5.0,0.6,123.0,0.35,5.0,0.63,5.0
2026-01-07 06:30:04.005000+00:00,2026-01-07 06:30:01.419828+00:00,4.005,0.505,0.5,0.51,0.475,0.47,0.48,233.0,30.0,30.0,35.0,0.49,319.0,0.54,391.9,0.48,304.0,0.56,700.0,0.47,525.47,0.58,183.0,0.46,431.5,0.59,183.0,0.45,110.0,0.6,366.5,0.46,436.9,0.49,77.0,0.44,700.0,0.5,228.0,0.42,183.0,0.51,319.0,0.41,183.0,0.52,304.0,0.4,366.5,0.53,525.47
2026-01-07 06:30:05.024000+00:00,2026-01-07 06:30:02.424838+00:00,5.024,0.525,0.52,0.53,0.475,0.47,0.48,50.0,85.0,85.0,50.0,0.51,81.0,0.54,436.9,0.5,228.0,0.55,198.0,0.49,198.0,0.56,883.0,0.48,319.0,0.57,304.0,0.47,708.47,0.58,304.0,0.46,558.9,0.49,81.0,0.45,198.0,0.5,243.46,0.44,883.0,0.51,198.0,0.43,304.0,0.52,319.0,0.42,304.0,0.53,708.47
2026-01-07 06:30:06.004000+00:00,2026-01-07 06:30:03.428654+00:00,6.004,0.525,0.52,0.53,0.475,0.47,0.48,43.29,100.46,100.46,43.29,0.51,35.46,0.54,619.9,0.5,60.46,0.55,198.0,0.49,198.0,0.56,883.0,0.48,319.0,0.57,304.0,0.47,708.47,0.58,304.0,0.46,619.9,0.49,50.46,0.45,198.0,0.5,60.46,0.44,883.0,0.51,213.0,0.43,304.0,0.52,304.0,0.42,304.0,0.53,708.47
2026-01-07 06:30:07.010000+00:00,2026-01-07 06:30:04.436142+00:00,7.01,0.515,0.51,0.52,0.485,0.48,0.49,50.46,70.0,70.0,44.46,0.5,130.46,0.53,115.46,0.49,223.0,0.54,629.9,0.48,339.0,0.55,218.0,0.47,743.47,0.56,918.0,0.46,649.5,0.57,339.0,0.47,115.46,0.5,130.46,0.46,629.9,0.51,223.0,0.45,218.0,0.52,339.0,0.44,918.0,0.53,743.47,0.43,339.0,0.54,649.5
2026-01-07 06:30:08.985000+00:00,2026-01-07 06:30:06.464746+00:00,8.985,0.515,0.51,0.52,0.485,0.48,0.49,90.46,38.46,38.46,90.46,0.5,130.46,0.53,130.92,0.49,308.46,0.54,644.9,0.48,303.46,0.55,288.0,0.47,813.47,0.56,1109.0,0.46,719.5,0.57,409.0,0.47,130.92,0.5,130.46,0.46,644.9,0.51,308.46,0.45,288.0,0.52,303.46,0.44,1109.0,0.53,813.47,0.43,409.0,0.54,719.5
2026-01-07 06:30:10.103000+00:00,2026-01-07 06:30:07.471050+00:00,10.103,0.525,0.52,0.53,0.475,0.47,0.48,23.0,162.92,162.92,23.0,0.51,107.46,0.54,721.9,0.5,182.46,0.55,300.0,0.49,305.46,0.56,1109.0,0.48,303.46,0.57,409.0,0.47,813.47,0.58,374.0,0.46,721.9,0.49,112.46,0.45,300.0,0.5,182.46,0.44,1109.0,0.51,305.46,0.43,409.0,0.52,303.46,0.42,374.0,0.53,813.47
2026-01-07 06:30:11.035000+00:00,2026-01-07 06:30:08.459391+00:00,11.035,0.525,0.52,0.53,0.475,0.47,0.48,43.0,136.38,136.38,43.0,0.51,158.92,0.54,706.9,0.5,173.92,0.55,327.0,0.49,293.46,0.56,1109.0,0.48,303.46,0.57,409.0,0.47,413.47,0.58,374.0,0.46,706.9,0.49,158.92,0.45,327.0,0.5,173.92,0.44,1109.0,0.51,293.46,0.43,409.0,0.52,303.46,0.42,374.0,0.53,413.47
2026-01-07 06:30:12.069000+00:00,2026-01-07 06:30:09.468127+00:00,12.069,0.525,0.52,0.53,0.475,0.47,0.48,176.54,86.38,86.38,176.54,0.51,75.92,0.54,584.9,0.5,110.92,0.55,373.0,0.49,293.46,0.56,1196.0,0.48,303.46,0.57,448.0,0.47,413.47,0.58,374.0,0.46,589.9,0.49,75.92,0.45,368.0,0.5,110.92,0.44,1196.0,0.51,293.46,0.43,448.0,0.52,303.46,0.42,374.0,0.53,413.47
2026-01-07 06:30:13.077000+00:00,2026-01-07 06:30:10.478885+00:00,13.077,0.535,0.53,0.54,0.46499999999999997,0.46,0.47,89.0,391.9,376.9,124.0,0.52,340.54,0.55,52.0,0.51,350.92,0.56,814.0,0.5,484.92,0.57,198.0,0.49,439.46,0.58,348.0,0.48,424.46,0.59,409.0,0.45,47.0,0.48,320.54,0.44,831.0,0.49,350.92,0.43,198.0,0.5,484.92,0.42,348.0,0.51,439.46,0.41,409.0,0.52,424.46
2026-01-07 06:30:14.047000+00:00,2026-01-07 06:30:11.488553+00:00,14.047,0.535,0.53,0.54,0.46499999999999997,0.46,0.47,138.08,326.9,301.9,138.08,0.52,315.54,0.55,52.0,0.51,350.92,0.56,826.0,0.5,484.92,0.57,198.0,0.49,454.92,0.58,348.0,0.48,439.92,0.59,409.0,0.45,52.0,0.48,290.54,0.44,826.0,0.49,340.92,0.43,174.0,0.5,484.92,0.42,348.0,0.51,419.92,0.41,409.0,0.52,404.92
2026-01-07 06:30:15.069000+00:00,2026-01-07 06:30:12.497585+00:00,15.069,0.555,0.55,0.56,0.445,0.44,0.45,270.0,684.73,684.73,275.0,0.54,77.01,0.58,12.0,0.53,312.08,0.59,107.0,0.52,446.54,0.6,174.5,0.51,484.92,0.61,459.0,0.5,449.92,0.62,469.0,0.42,12.0,0.46,72.01,0.41,107.0,0.47,312.08,0.4,174.5,0.48,446.54,0.39,459.0,0.49,484.92,0.38,469.0,0.5,449.92
2026-01-07 06:30:16.074000+00:00,2026-01-07 06:30:13.503177+00:00,16.074,0.555,0.55,0.56,0.445,0.44,0.45,270.77,328.49,321.27,270.77,0.54,169.01,0.58,89.0,0.53,336.08,0.59,47.0,0.52,494.54,0.6,182.5,0.51,484.92,0.61,474.0,0.5,449.92,0.62,454.0,0.42,89.0,0.46,169.01,0.41,47.0,0.47,336.08,0.4,182.5,0.48,446.54,0.39,474.0,0.49,484.92,0.38,454.0,0.5,499.92
2026-01-07 06:30:17.111000+00:00,2026-01-07 06:30:14.511532+00:00,17.111,0.555,0.55,0.56,0.445,0.44,0.45,305.85,311.27,311.27,246.85,0.54,203.01,0.58,77.0,0.53,503.08,0.59,59.0,0.52,446.54,0.6,82.5,0.51,484.92,0.61,479.0,0.5,449.92,0.62,474.0,0.43,48.0,0.46,109.01,0.42,29.0,0.47,563.08,0.41,35.0,0.48,446.54,0.4,82.5,0.49,533.92,0.39,514.0,0.5,449.92
2026-01-07 06:30:18.056000+00:00,2026-01-07 06:30:15.517101+00:00,18.056,0.555,0.55,0.56,0.445,0.44,0.45,290.85,128.27,128.27,290.85,0.54,215.01,0.58,77.0,0.53,503.08,0.59,129.0,0.52,446.54,0.6,152.5,0.51,484.92,0.61,393.0,0.5,449.92,0.62,469.0,0.42,77.0,0.46,215.01,0.41,129.0,0.47,503.08,0.4,152.5,0.48,446.54,0.39,393.0,0.49,484.92,0.38,469.0,0.5,449.92
2026-01-07 06:30:19.116000+00:00,2026-01-07 06:30:16.523172+00:00,19.116,0.555,0.55,0.56,0.445,0.44,0.45,298.39,128.27,128.27,467.39,0.54,239.01,0.58,77.0,0.53,503.08,0.59,24.0,0.52,446.54,0.6,72.5,0.51,500.38,0.61,258.0,0.5,449.92,0.62,464.0,0.42,65.0,0.46,324.01,0.41,36.0,0.47,503.08,0.4,72.5,0.48,446.54,0.39,258.0,0.49,500.38,0.38,509.0,0.5,449.92
2026-01-07 06:30:20.977000+00:00,2026-01-07 06:30:18.537759+00:00,20.977,0.575,0.57,0.58,0.425,0.42,0.43,60.13,84.0,84.0,60.13,0.56,35.0,0.59,5.0,0.55,291.93,0.6,72.5,0.54,443.01,0.61,175.0,0.53,515.08,0.62,165.0,0.52,446.54,0.63,323.0,0.41,5.0,0.44,35.0,0.4,72.5,0.45,291.93,0.39,175.0,0.46,443.01,0.38,165.0,0.47,515.08,0.37,323.0,0.48,446.54
2026-01-07 06:30:22.920000+00:00,2026-01-07 06:30:20.551801+00:00,22.92,0.595,0.59,0.6,0.405,0.4,0.41,94.42,77.5,77.5,79.42,0.58,103.0,0.61,235.0,0.57,132.13,0.62,174.0,0.56,35.0,0.63,338.0,0.55,386.93,0.64,409.0,0.54,324.01,0.65,414.0,0.39,235.0,0.42,103.0,0.38,174.0,0.43,132.13,0.37,338.0,0.44,35.0,0.36,409.0,0.45,431.93,0.35,414.0,0.46,278.01
2026-01-07 06:30:23.914000+00:00,2026-01-07 06:30:21.552016+00:00,23.914,0.595,0.59,0.6,0.405,0.4,0.41,72.93,77.5,77.5,79.93,0.58,115.0,0.61,135.0,0.57,120.13,0.62,229.0,0.56,55.0,0.63,338.0,0.55,431.93,0.64,409.0,0.54,278.01,0.65,414.0,0.39,135.0,0.42,115.0,0.38,229.0,0.43,120.13,0.37,338.0,0.44,55.0,0.36,409.0,0.45,431.93,0.35,414.0,0.46,278.01
2026-01-07 06:30:25.048000+00:00,2026-01-07 06:30:22.570808+00:00,25.048,0.595,0.59,0.6,0.405,0.4,0.41,79.93,77.5,77.5,30.0,0.58,115.0,0.61,135.0,0.57,120.13,0.62,229.0,0.56,125.0,0.63,350.0,0.55,431.93,0.64,409.0,0.54,278.01,0.65,414.0,0.39,135.0,0.42,75.16,0.38,194.0,0.43,85.13,0.37,340.0,0.44,170.0,0.36,409.0,0.45,386.93,0.35,414.0,0.46,278.01
2026-01-07 06:30:26.157000+00:00,2026-01-07 06:30:23.579082+00:00,26.157,0.595,0.59,0.6,0.405,0.4,0.41,30.0,66.36,66.36,45.0,0.58,100.16,0.61,170.0,0.57,165.13,0.62,204.0,0.56,170.0,0.63,375.0,0.55,386.93,0.64,409.0,0.54,313.01,0.65,414.0,0.39,170.0,0.42,100.16,0.38,204.0,0.43,165.13,0.37,375.0,0.44,170.0,0.36,409.0,0.45,386.93,0.35,414.0,0.46,313.01
2026-01-07 06:30:27.999000+00:00,2026-01-07 06:30:25.609358+00:00,27.999,0.595,0.59,0.6,0.405,0.4,0.41,59.31,66.36,66.36,64.31,0.58,170.16,0.61,170.0,0.57,165.13,0.62,204.0,0.56,292.0,0.63,375.0,0.55,427.94,0.64,409.0,0.54,313.01,0.65,414.0,0.39,170.0,0.42,170.16,0.38,204.0,0.43,165.13,0.37,375.0,0.44,353.0,0.36,409.0,0.45,427.94,0.35,414.0,0.46,313.01
2026-01-07 06:30:29.185000+00:00,2026-01-07 06:30:26.617093+00:00,29.185,0.59,0.58,0.6,0.405,0.4,0.41,90.67,61.36,61.36,15.0,0.57,165.13,0.61,175.0,0.56,353.0,0.62,204.0,0.55,427.94,0.63,375.0,0.54,313.01,0.64,409.0,0.53,468.08,0.65,414.0,0.39,100.0,0.42,130.67,0.38,119.0,0.43,165.13,0.37,385.0,0.44,353.0,0.36,435.14,0.45,427.94,0.35,414.0,0.46,313.01
2026-01-07 06:30:30.729000+00:00,2026-01-07 06:30:28.627892+00:00,30.729,0.595,0.59,0.6,0.405,0.4,0.41,280.0,56.36,56.36,280.0,0.58,312.0,0.61,10.0,0.57,250.13,0.62,284.0,0.56,453.0,0.63,36.0,0.55,427.94,0.64,229.14,0.54,313.01,0.65,198.0,0.39,10.0,0.42,312.0,0.38,284.0,0.43,250.13,0.37,36.0,0.44,453.0,0.36,229.14,0.45,427.94,0.35,198.0,0.46,313.01
2026-01-07 06:30:32.228000+00:00,2026-01-07 06:30:29.636144+00:00,32.228,0.595,0.59,0.6,0.405,0.4,0.41,203.0,56.36,56.36,203.0,0.58,409.0,0.61,5.0,0.57,250.13,0.62,224.0,0.56,454.0,0.64,229.14,0.55,427.94,0.65,258.0,0.54,313.01,0.66,375.0,0.39,65.0,0.42,409.0,0.38,265.0,0.43,274.13,0.36,229.14,0.44,409.0,0.35,198.0,0.45,427.94,0.34,339.0,0.46,313.01
2026-01-07 06:30:33.234000+00:00,2026-01-07 06:30:30.643847+00:00,33.234,0.605,0.6,0.61,0.395,0.39,0.4,186.98,5.0,5.0,201.98,0.59,232.0,0.62,289.0,0.58,433.0,0.63,36.0,0.57,342.13,0.64,46.14,0.56,433.0,0.65,268.0,0.55,392.94,0.66,288.0,0.38,289.0,0.41,244.0,0.37,36.0,0.42,433.0,0.36,46.14,0.43,354.13,0.35,268.0,0.44,409.0,0.34,288.0,0.45,392.94
2026-01-07 06:30:34.221000+00:00,2026-01-07 06:30:31.649824+00:00,34.221,0.605,0.6,0.61,0.395,0.39,0.4,186.98,5.0,10.0,192.98,0.59,244.0,0.62,284.0,0.58,433.0,0.63,106.0,0.57,354.13,0.64,116.14,0.56,409.0,0.65,268.0,0.55,392.94,0.66,288.0,0.38,284.0,0.41,244.0,0.37,106.0,0.42,433.0,0.36,116.14,0.43,578.13,0.35,268.0,0.44,409.0,0.34,288.0,0.45,392.94
2026-01-07 06:30:35.221000+00:00,2026-01-07 06:30:32.656876+00:00,35.221,0.605,0.6,0.61,0.395,0.39,0.4,194.48,7.83,7.83,179.48,0.59,244.0,0.62,284.0,0.58,433.0,0.63,106.0,0.57,578.13,0.64,81.14,0.56,409.0,0.65,293.0,0.55,392.94,0.66,263.0,0.38,284.0,0.41,244.0,0.37,106.0,0.42,433.0,0.36,81.14,0.43,578.13,0.35,293.0,0.44,409.0,0.34,263.0,0.45,392.94
2026-01-07 06:30:36.256000+00:00,2026-01-07 06:30:33.663816+00:00,36.256,0.605,0.6,0.61,0.395,0.39,0.4,320.48,2.83,2.83,310.48,0.59,399.0,0.63,5.0,0.58,675.0,0.64,11.14,0.57,275.13,0.65,188.0,0.56,409.0,0.66,183.0,0.55,392.94,0.67,420.0,0.36,11.14,0.41,399.0,0.35,5.0,0.42,675.0,0.34,183.0,0.43,275.13,0.33,444.0,0.44,409.0,0.32,465.0,0.45,392.94
2026-01-07 06:30:37.269000+00:00,2026-01-07 06:30:34.655180+00:00,37.269,0.635,0.63,0.64,0.365,0.36,0.37,116.0,11.14,11.14,226.0,0.62,269.0,0.65,10.0,0.61,396.0,0.67,152.0,0.6,394.48,0.68,332.0,0.59,424.0,0.69,263.0,0.58,598.0,0.7,429.0,0.35,10.0,0.38,269.0,0.33,152.0,0.39,396.0,0.32,332.0,0.4,394.48,0.31,263.0,0.41,424.0,0.3,429.0,0.42,598.0
2026-01-07 06:30:38.232000+00:00,2026-01-07 06:30:35.660325+00:00,38.232,0.635,0.63,0.64,0.365,0.36,0.37,438.0,16.14,16.14,413.0,0.62,390.0,0.65,5.0,0.61,384.0,0.66,284.0,0.6,406.48,0.67,46.0,0.59,424.0,0.68,142.0,0.58,374.0,0.69,183.0,0.35,5.0,0.38,390.0,0.34,284.0,0.39,384.0,0.33,46.0,0.4,406.48,0.32,203.0,0.41,424.0,0.31,183.0,0.42,374.0
2026-01-07 06:30:39.246000+00:00,2026-01-07 06:30:36.651589+00:00,39.246,0.65,0.64,0.66,0.345,0.34,0.35,251.86,291.33,290.0,85.0,0.63,383.0,0.67,46.0,0.62,403.0,0.68,81.0,0.61,466.0,0.7,383.0,0.6,406.48,0.71,384.0,0.59,389.0,0.72,429.0,0.33,51.0,0.36,219.08,0.32,81.0,0.37,408.0,0.3,383.0,0.38,403.0,0.29,384.0,0.39,466.0,0.28,429.0,0.4,371.48
2026-01-07 06:30:40.160000+00:00,2026-01-07 06:30:37.659584+00:00,40.16,0.655,0.65,0.66,0.345,0.34,0.35,79.85,224.0,224.0,79.85,0.64,243.08,0.67,87.0,0.63,408.0,0.68,105.0,0.62,351.0,0.69,70.0,0.61,531.0,0.7,383.0,0.6,335.48,0.71,384.0,0.33,87.0,0.36,243.08,0.32,105.0,0.37,408.0,0.31,70.0,0.38,391.0,0.3,383.0,0.39,490.0,0.29,384.0,0.4,335.48
2026-01-07 06:30:41.263000+00:00,2026-01-07 06:30:38.679483+00:00,41.263,0.655,0.65,0.66,0.345,0.34,0.35,50.0,459.0,459.0,50.0,0.64,80.0,0.67,233.0,0.63,55.0,0.68,212.0,0.62,35.0,0.69,409.0,0.61,104.0,0.7,504.0,0.6,436.48,0.71,409.0,0.33,233.0,0.36,80.0,0.32,212.0,0.37,55.0,0.31,409.0,0.38,35.0,0.3,504.0,0.39,104.0,0.29,409.0,0.4,389.48
2026-01-07 06:30:42.164000+00:00,2026-01-07 06:30:39.689241+00:00,42.164,0.645,0.64,0.65,0.355,0.35,0.36,80.0,201.0,201.0,80.0,0.63,60.0,0.66,489.0,0.62,35.0,0.67,303.0,0.61,92.0,0.68,282.0,0.6,448.48,0.69,409.0,0.59,625.0,0.7,504.0,0.34,489.0,0.37,60.0,0.33,303.0,0.38,35.0,0.32,282.0,0.39,92.0,0.31,409.0,0.4,448.48,0.3,504.0,0.41,625.0
2026-01-07 06:30:43.230000+00:00,2026-01-07 06:30:40.694259+00:00,43.23,0.645,0.64,0.65,0.365,0.36,0.37,45.0,245.0,89.0,45.0,0.63,45.0,0.66,401.0,0.62,35.0,0.67,424.0,0.61,79.0,0.68,307.0,0.6,146.0,0.69,409.0,0.59,392.0,0.7,469.0,0.35,245.0,0.38,40.0,0.34,396.0,0.39,79.0,0.33,424.0,0.4,154.0,0.32,307.0,0.41,392.0,0.31,409.0,0.42,409.0
2026-01-07 06:30:44.184000+00:00,2026-01-07 06:30:41.714338+00:00,44.184,0.635,0.63,0.64,0.365,0.36,0.37,102.0,91.12,91.12,77.0,0.62,71.0,0.65,173.0,0.61,67.0,0.66,444.0,0.6,178.0,0.67,436.0,0.59,344.0,0.68,307.0,0.58,409.0,0.69,409.0,0.35,173.0,0.38,71.0,0.34,456.0,0.39,67.0,0.33,448.0,0.4,178.0,0.32,307.0,0.41,344.0,0.31,409.0,0.42,409.0
2026-01-07 06:30:45.303000+00:00,2026-01-07 06:30:42.718673+00:00,45.303,0.635,0.63,0.64,0.36,0.35,0.37,65.0,76.03,40.0,105.0,0.62,41.0,0.65,173.0,0.61,57.0,0.66,456.0,0.6,328.0,0.67,448.0,0.59,587.0,0.68,307.0,0.58,374.0,0.69,409.0,0.34,335.0,0.38,46.0,0.33,327.0,0.39,92.0,0.32,307.0,0.4,389.0,0.31,409.0,0.41,587.0,0.3,469.0,0.42,374.0
2026-01-07 06:30:46.276000+00:00,2026-01-07 06:30:43.727549+00:00,46.276,0.655,0.65,0.66,0.345,0.34,0.35,50.0,255.0,255.0,65.0,0.64,80.0,0.67,332.0,0.63,67.0,0.68,282.0,0.62,111.0,0.69,409.0,0.61,162.0,0.7,504.0,0.6,389.0,0.71,409.0,0.33,332.0,0.36,80.0,0.32,282.0,0.37,67.0,0.31,409.0,0.38,111.0,0.3,504.0,0.39,162.0,0.29,409.0,0.4,389.0
2026-01-07 06:30:47.108000+00:00,2026-01-07 06:30:44.733320+00:00,47.108,0.655,0.65,0.66,0.345,0.34,0.35,62.14,419.0,431.0,47.14,0.64,80.0,0.67,356.0,0.63,67.0,0.68,282.0,0.62,59.0,0.69,409.0,0.61,215.0,0.7,504.0,0.6,353.0,0.71,409.0,0.33,380.0,0.36,92.0,0.32,282.0,0.37,67.0,0.31,409.0,0.38,59.0,0.3,504.0,0.39,239.0,0.29,409.0,0.4,353.0
2026-01-07 06:30:48.299000+00:00,2026-01-07 06:30:45.740079+00:00,48.299,0.655,0.65,0.66,0.345,0.34,0.35,50.14,248.0,248.0,50.14,0.64,97.0,0.67,356.0,0.63,79.0,0.68,294.0,0.62,178.0,0.69,409.0,0.61,422.0,0.7,504.0,0.6,474.0,0.71,409.0,0.33,263.0,0.36,62.0,0.32,214.0,0.37,69.0,0.31,374.0,0.38,178.0,0.3,504.0,0.39,422.0,0.29,409.0,0.4,439.0
2026-01-07 06:30:49.340000+00:00,2026-01-07 06:30:46.745862+00:00,49.34,0.655,0.65,0.66,0.345,0.34,0.35,79.24,256.86,256.86,79.24,0.64,125.0,0.67,20.0,0.63,333.0,0.68,116.0,0.62,178.0,0.69,263.0,0.61,495.0,0.7,504.0,0.6,451.0,0.71,409.0,0.33,56.0,0.36,125.0,0.32,116.0,0.37,345.0,0.31,263.0,0.38,190.0,0.3,504.0,0.39,519.0,0.29,409.0,0.4,451.0
2026-01-07 06:30:50.343000+00:00,2026-01-07 06:30:47.748704+00:00,50.343,0.655,0.65,0.66,0.345,0.34,0.35,39.24,370.86,382.86,39.24,0.64,85.0,0.67,310.0,0.63,238.0,0.68,91.0,0.62,190.0,0.69,409.0,0.61,478.0,0.7,504.0,0.6,486.0,0.71,409.0,0.33,310.0,0.36,85.0,0.32,212.0,0.37,238.0,0.31,409.0,0.38,190.0,0.3,504.0,0.39,478.0,0.29,409.0,0.4,498.0
2026-01-07 06:30:51.272000+00:00,2026-01-07 06:30:48.755547+00:00,51.272,0.645,0.64,0.65,0.355,0.35,0.36,51.05,269.0,269.0,51.05,0.63,60.0,0.66,420.86,0.62,117.0,0.67,366.0,0.61,186.0,0.68,282.0,0.6,182.0,0.69,409.0,0.59,528.0,0.7,504.0,0.34,420.86,0.37,60.0,0.33,366.0,0.38,117.0,0.32,282.0,0.39,186.0,0.31,409.0,0.4,182.0,0.3,504.0,0.41,528.0
2026-01-07 06:30:52.055000+00:00,2026-01-07 06:30:49.761605+00:00,52.055,0.645,0.64,0.65,0.355,0.35,0.36,56.05,207.0,183.0,81.05,0.63,67.0,0.66,456.86,0.62,117.0,0.67,436.0,0.61,174.0,0.68,282.0,0.6,206.0,0.69,409.0,0.59,504.0,0.7,504.0,0.34,456.86,0.37,67.0,0.33,436.0,0.38,117.0,0.32,282.0,0.39,162.0,0.31,409.0,0.4,170.0,0.3,504.0,0.41,492.0
2026-01-07 06:30:53.352000+00:00,2026-01-07 06:30:50.767046+00:00,53.352,0.645,0.64,0.65,0.355,0.35,0.36,81.05,179.18,179.18,81.05,0.63,67.0,0.66,468.86,0.62,141.0,0.67,413.0,0.61,186.0,0.68,272.0,0.6,224.0,0.69,409.0,0.59,492.0,0.7,504.0,0.34,503.86,0.37,67.0,0.33,423.0,0.38,141.0,0.32,307.0,0.39,186.0,0.31,409.0,0.4,224.0,0.3,504.0,0.41,492.0
2026-01-07 06:30:54.308000+00:00,2026-01-07 06:30:51.772103+00:00,54.308,0.645,0.64,0.65,0.355,0.35,0.36,56.05,179.18,179.18,56.05,0.63,67.0,0.66,271.0,0.62,117.0,0.67,435.0,0.61,186.0,0.68,307.0,0.6,224.0,0.69,409.0,0.59,492.0,0.7,504.0,0.34,271.0,0.37,79.0,0.33,447.0,0.38,129.0,0.32,307.0,0.39,186.0,0.31,409.0,0.4,224.0,0.3,504.0,0.41,492.0
2026-01-07 06:30:55.357000+00:00,2026-01-07 06:30:52.792636+00:00,55.357,0.645,0.64,0.65,0.355,0.35,0.36,105.05,224.0,224.0,105.05,0.63,344.0,0.67,15.0,0.62,300.0,0.68,60.0,0.61,495.0,0.69,456.0,0.6,474.0,0.7,528.0,0.59,613.0,0.71,409.0,0.33,15.0,0.37,344.0,0.32,60.0,0.38,300.0,0.31,335.0,0.39,495.0,0.3,528.0,0.4,474.0,0.29,409.0,0.41,613.0
2026-01-07 06:30:56.378000+00:00,2026-01-07 06:30:53.800526+00:00,56.378,0.645,0.64,0.65,0.355,0.35,0.36,141.05,145.4,145.4,153.05,0.63,344.0,0.67,20.0,0.62,300.0,0.68,67.0,0.61,454.0,0.69,323.0,0.6,474.0,0.7,516.0,0.59,613.0,0.71,409.0,0.33,20.0,0.37,332.0,0.32,91.0,0.38,312.0,0.31,299.0,0.39,454.0,0.3,504.0,0.4,474.0,0.29,409.0,0.41,613.0
2026-01-07 06:30:57.390000+00:00,2026-01-07 06:30:54.804707+00:00,57.39,0.645,0.64,0.65,0.355,0.35,0.36,85.05,125.4,125.4,85.05,0.63,360.0,0.67,62.0,0.62,324.0,0.68,90.0,0.61,454.0,0.69,300.0,0.6,474.0,0.7,504.0,0.59,613.0,0.71,409.0,0.33,74.0,0.37,360.0,0.32,78.0,0.38,324.0,0.31,300.0,0.39,454.0,0.3,504.0,0.4,474.0,0.29,409.0,0.41,613.0
2026-01-07 06:30:58.416000+00:00,2026-01-07 06:30:55.827260+00:00,58.416,0.645,0.64,0.65,0.345,0.34,0.35,31.49,120.75,60.0,15.0,0.63,372.0,0.66,65.0,0.62,312.0,0.67,86.0,0.61,478.0,0.68,30.0,0.6,498.0,0.69,288.0,0.59,613.0,0.7,504.0,0.33,91.0,0.36,183.49,0.32,100.0,0.37,372.0,0.31,288.0,0.38,433.0,0.3,504.0,0.39,478.0,0.29,409.0,0.4,498.0
2026-01-07 06:30:59.398000+00:00,2026-01-07 06:30:56.833930+00:00,59.398,0.655,0.65,0.66,0.345,0.34,0.35,35.0,65.0,65.0,35.0,0.64,238.49,0.67,74.0,0.63,344.0,0.68,112.0,0.62,421.0,0.69,105.0,0.61,478.0,0.7,383.0,0.6,498.0,0.71,409.0,0.33,74.0,0.36,238.49,0.32,112.0,0.37,344.0,0.31,105.0,0.38,421.0,0.3,383.0,0.39,478.0,0.29,409.0,0.4,498.0
2026-01-07 06:31:00.417000+00:00,2026-01-07 06:30:57.854876+00:00,60.417,0.655,0.65,0.66,0.345,0.34,0.35,15.0,5.0,5.0,15.0,0.64,223.49,0.67,110.0,0.63,372.0,0.68,136.0,0.62,433.0,0.69,105.0,0.61,478.0,0.7,383.0,0.6,474.0,0.71,409.0,0.33,110.0,0.36,223.49,0.32,136.0,0.37,372.0,0.31,105.0,0.38,433.0,0.3,383.0,0.39,478.0,0.29,409.0,0.4,474.0
2026-01-07 06:31:01.443000+00:00,2026-01-07 06:30:58.859682+00:00,61.443,0.655,0.65,0.66,0.335,0.33,0.34,15.0,5.0,50.0,15.0,0.64,262.49,0.67,110.0,0.63,320.0,0.68,136.0,0.62,433.0,0.69,105.0,0.61,478.0,0.7,383.0,0.6,474.0,0.71,409.0,0.32,100.0,0.35,15.0,0.31,105.0,0.36,226.49,0.3,383.0,0.37,348.0,0.29,409.0,0.38,409.0,0.28,394.0,0.39,454.0
2026-01-07 06:31:02.444000+00:00,2026-01-07 06:30:59.866724+00:00,62.444,0.665,0.66,0.67,0.335,0.33,0.34,60.0,65.0,70.0,70.0,0.65,39.0,0.68,160.0,0.64,223.49,0.69,141.0,0.63,360.0,0.7,383.0,0.62,445.0,0.71,409.0,0.61,678.0,0.72,394.0,0.32,160.0,0.35,39.0,0.31,141.0,0.36,223.49,0.3,383.0,0.37,360.0,0.29,409.0,0.38,445.0,0.28,394.0,0.39,678.0
2026-01-07 06:31:03.467000+00:00,2026-01-07 06:31:00.874703+00:00,63.467,0.665,0.66,0.67,0.335,0.33,0.34,73.0,55.9,55.9,73.0,0.65,39.0,0.68,160.0,0.64,223.49,0.69,141.0,0.63,360.0,0.7,383.0,0.62,445.0,0.71,409.0,0.61,678.0,0.72,394.0,0.32,160.0,0.35,39.0,0.31,141.0,0.36,223.49,0.3,383.0,0.37,360.0,0.29,409.0,0.38,445.0,0.28,394.0,0.39,678.0
2026-01-07 06:31:04.469000+00:00,2026-01-07 06:31:01.879128+00:00,64.469,0.665,0.66,0.67,0.335,0.33,0.34,80.0,55.9,55.9,80.0,0.65,39.0,0.68,160.0,0.64,223.49,0.69,141.0,0.63,360.0,0.7,383.0,0.62,445.0,0.71,409.0,0.61,678.0,0.72,394.0,0.32,160.0,0.35,39.0,0.31,141.0,0.36,332.49,0.3,383.0,0.37,320.0,0.29,409.0,0.38,445.0,0.28,394.0,0.39,678.0
2026-01-07 06:31:05.331000+00:00,2026-01-07 06:31:02.902133+00:00,65.331,0.665,0.66,0.67,0.335,0.33,0.34,66.17,52.19,52.19,56.17,0.65,39.0,0.68,160.0,0.64,332.49,0.69,141.0,0.63,320.0,0.7,383.0,0.62,445.0,0.71,409.0,0.61,678.0,0.72,394.0,0.32,160.0,0.35,39.0,0.31,141.0,0.36,332.49,0.3,383.0,0.37,320.0,0.29,409.0,0.38,445.0,0.28,394.0,0.39,678.0
2026-01-07 06:31:06.446000+00:00,2026-01-07 06:31:03.912739+00:00,66.446,0.665,0.66,0.67,0.335,0.33,0.34,96.17,52.19,52.19,96.17,0.65,59.0,0.68,384.0,0.64,293.49,0.69,141.0,0.63,360.0,0.7,383.0,0.62,445.0,0.71,409.0,0.61,678.0,0.72,394.0,0.32,384.0,0.35,59.0,0.31,141.0,0.36,293.49,0.3,383.0,0.37,360.0,0.29,409.0,0.38,445.0,0.28,394.0,0.39,678.0
2026-01-07 06:31:07.457000+00:00,2026-01-07 06:31:04.924302+00:00,67.457,0.665,0.66,0.67,0.335,0.33,0.34,71.17,52.19,47.71,71.17,0.65,59.0,0.68,384.0,0.64,293.49,0.69,141.0,0.63,360.0,0.7,383.0,0.62,445.0,0.71,409.0,0.61,678.0,0.72,414.0,0.32,384.0,0.35,59.0,0.31,141.0,0.36,293.49,0.3,383.0,0.37,360.0,0.29,409.0,0.38,445.0,0.28,414.0,0.39,678.0
2026-01-07 06:31:08.437000+00:00,2026-01-07 06:31:05.933224+00:00,68.437,0.665,0.66,0.67,0.335,0.33,0.34,71.17,46.21,46.21,71.17,0.65,59.0,0.68,384.0,0.64,293.49,0.69,141.0,0.63,360.0,0.7,383.0,0.62,445.0,0.71,409.0,0.61,678.0,0.72,414.0,0.32,384.0,0.35,59.0,0.31,141.0,0.36,293.49,0.3,383.0,0.37,360.0,0.29,409.0,0.38,445.0,0.28,414.0,0.39,678.0
2026-01-07 06:31:09.474000+00:00,2026-01-07 06:31:06.937784+00:00,69.474,0.665,0.66,0.67,0.335,0.33,0.34,56.17,46.21,46.21,71.17,0.65,59.0,0.68,384.0,0.64,293.49,0.69,141.0,0.63,360.0,0.7,383.0,0.62,445.0,0.71,409.0,0.61,678.0,0.72,414.0,0.32,384.0,0.35,129.0,0.31,141.0,0.36,293.49,0.3,383.0,0.37,360.0,0.29,409.0,0.38,445.0,0.28,414.0,0.39,678.0
2026-01-07 06:31:10.526000+00:00,2026-01-07 06:31:07.943951+00:00,70.526,0.665,0.66,0.67,0.335,0.33,0.34,48.24,118.21,118.21,48.24,0.65,105.0,0.68,348.0,0.64,281.49,0.69,105.0,0.63,384.0,0.7,383.0,0.62,421.0,0.71,409.0,0.61,714.0,0.72,414.0,0.32,348.0,0.35,105.0,0.31,105.0,0.36,281.49,0.3,383.0,0.37,384.0,0.29,409.0,0.38,421.0,0.28,414.0,0.39,714.0
2026-01-07 06:31:11.540000+00:00,2026-01-07 06:31:08.950938+00:00,71.54,0.665,0.66,0.67,0.335,0.33,0.34,48.24,58.21,58.21,48.24,0.65,105.0,0.68,336.0,0.64,281.49,0.69,105.0,0.63,360.0,0.7,383.0,0.62,421.0,0.71,409.0,0.61,678.0,0.72,414.0,0.32,372.0,0.35,105.0,0.31,117.0,0.36,305.49,0.3,383.0,0.37,348.0,0.29,409.0,0.38,457.0,0.28,414.0,0.39,678.0
2026-01-07 06:31:12.511000+00:00,2026-01-07 06:31:09.975599+00:00,72.511,0.665,0.66,0.67,0.335,0.33,0.34,90.24,20.0,20.0,90.24,0.65,176.0,0.68,349.0,0.64,317.0,0.69,213.0,0.63,381.0,0.7,407.0,0.62,409.0,0.71,409.0,0.61,454.0,0.72,429.0,0.32,349.0,0.35,176.0,0.31,213.0,0.36,317.0,0.3,407.0,0.37,369.0,0.29,409.0,0.38,409.0,0.28,429.0,0.39,454.0
2026-01-07 06:31:13.586000+00:00,2026-01-07 06:31:10.996162+00:00,73.586,0.665,0.66,0.67,0.335,0.33,0.34,65.24,55.0,55.0,65.24,0.65,347.0,0.68,336.0,0.64,341.0,0.69,153.0,0.63,357.0,0.7,236.0,0.62,421.0,0.71,409.0,0.61,454.0,0.72,394.0,0.32,336.0,0.35,347.0,0.31,153.0,0.36,341.0,0.3,236.0,0.37,357.0,0.29,409.0,0.38,421.0,0.28,394.0,0.39,454.0
2026-01-07 06:31:14.559000+00:00,2026-01-07 06:31:12.002727+00:00,74.559,0.665,0.66,0.67,0.335,0.33,0.34,62.35,55.0,55.0,62.35,0.65,164.0,0.68,384.0,0.64,341.0,0.69,129.0,0.63,369.0,0.7,383.0,0.62,421.0,0.71,409.0,0.61,454.0,0.72,394.0,0.32,396.0,0.35,129.0,0.31,129.0,0.36,366.0,0.3,383.0,0.37,334.0,0.29,409.0,0.38,421.0,0.28,394.0,0.39,454.0
2026-01-07 06:31:15.566000+00:00,2026-01-07 06:31:13.022607+00:00,75.566,0.665,0.66,0.67,0.335,0.33,0.34,92.35,20.0,20.0,92.35,0.65,324.0,0.68,351.0,0.64,302.0,0.69,104.0,0.63,490.0,0.7,383.0,0.62,645.0,0.71,409.0,0.61,454.0,0.72,429.0,0.32,351.0,0.35,324.0,0.31,104.0,0.36,302.0,0.3,383.0,0.37,490.0,0.29,409.0,0.38,645.0,0.28,429.0,0.39,454.0
2026-01-07 06:31:16.596000+00:00,2026-01-07 06:31:14.047824+00:00,76.596,0.665,0.66,0.67,0.335,0.33,0.34,62.35,20.0,20.0,62.35,0.65,347.0,0.68,351.0,0.64,341.0,0.69,104.0,0.63,490.0,0.7,200.0,0.62,645.0,0.71,409.0,0.61,454.0,0.72,429.0,0.32,351.0,0.35,347.0,0.31,104.0,0.36,341.0,0.3,200.0,0.37,490.0,0.29,409.0,0.38,645.0,0.28,429.0,0.39,454.0
2026-01-07 06:31:17.451000+00:00,2026-01-07 06:31:15.054390+00:00,77.451,0.665,0.66,0.67,0.335,0.33,0.34,47.35,30.04,30.04,47.35,0.65,347.0,0.68,351.0,0.64,329.0,0.69,92.0,0.63,490.0,0.7,200.0,0.62,657.0,0.71,409.0,0.61,454.0,0.72,429.0,0.32,303.0,0.35,323.0,0.31,80.0,0.36,278.0,0.3,200.0,0.37,506.0,0.29,409.0,0.38,645.0,0.28,429.0,0.39,454.0
2026-01-07 06:31:18.434000+00:00,2026-01-07 06:31:16.059743+00:00,78.434,0.665,0.66,0.67,0.335,0.33,0.34,47.35,111.04,111.04,47.35,0.65,140.0,0.68,279.0,0.64,278.0,0.69,80.0,0.63,397.0,0.7,383.0,0.62,657.0,0.71,409.0,0.61,478.0,0.72,429.0,0.32,279.0,0.35,140.0,0.31,80.0,0.36,278.0,0.3,383.0,0.37,397.0,0.29,409.0,0.38,657.0,0.28,429.0,0.39,478.0
2026-01-07 06:31:19.646000+00:00,2026-01-07 06:31:17.067149+00:00,79.646,0.665,0.66,0.67,0.335,0.33,0.34,27.63,121.04,121.04,27.63,0.65,140.0,0.68,279.0,0.64,317.0,0.69,80.0,0.63,357.0,0.7,383.0,0.62,657.0,0.71,409.0,0.61,478.0,0.72,429.0,0.32,279.0,0.35,140.0,0.31,80.0,0.36,317.0,0.3,383.0,0.37,357.0,0.29,409.0,0.38,657.0,0.28,429.0,0.39,478.0
2026-01-07 06:31:20.662000+00:00,2026-01-07 06:31:18.091128+00:00,80.662,0.665,0.66,0.67,0.335,0.33,0.34,27.63,18.04,18.04,17.77,0.65,152.0,0.68,339.0,0.64,314.0,0.69,116.0,0.63,385.0,0.7,383.0,0.62,669.0,0.71,409.0,0.61,454.0,0.72,429.0,0.32,339.0,0.35,152.0,0.31,116.0,0.36,302.0,0.3,383.0,0.37,385.0,0.29,409.0,0.38,645.0,0.28,429.0,0.39,454.0
2026-01-07 06:31:21.614000+00:00,2026-01-07 06:31:19.097995+00:00,81.614,0.665,0.66,0.67,0.335,0.33,0.34,17.77,18.04,18.04,17.77,0.65,188.0,0.68,291.0,0.64,329.0,0.69,140.0,0.63,369.0,0.7,407.0,0.62,633.0,0.71,409.0,0.61,454.0,0.72,429.0,0.32,291.0,0.35,188.0,0.31,140.0,0.36,329.0,0.3,407.0,0.37,369.0,0.29,409.0,0.38,633.0,0.28,429.0,0.39,454.0
2026-01-07 06:31:22.679000+00:00,2026-01-07 06:31:20.120966+00:00,82.679,0.665,0.66,0.67,0.335,0.33,0.34,7.91,18.04,18.04,7.91,0.65,176.0,0.68,291.0,0.64,278.0,0.69,92.0,0.63,373.0,0.7,383.0,0.62,633.0,0.71,409.0,0.61,454.0,0.72,429.0,0.32,291.0,0.35,176.0,0.31,92.0,0.36,278.0,0.3,383.0,0.37,373.0,0.29,409.0,0.38,633.0,0.28,429.0,0.39,454.0
2026-01-07 06:31:23.539000+00:00,2026-01-07 06:31:21.128287+00:00,83.539,0.66,0.65,0.67,0.33999999999999997,0.33,0.35,186.11,18.04,53.04,186.11,0.64,290.0,0.68,361.0,0.63,409.0,0.69,140.0,0.62,633.0,0.7,407.0,0.61,454.0,0.71,409.0,0.6,439.0,0.72,429.0,0.32,336.0,0.36,290.0,0.31,165.0,0.37,409.0,0.3,407.0,0.38,633.0,0.29,409.0,0.39,454.0,0.28,394.0,0.4,439.0
2026-01-07 06:31:24.670000+00:00,2026-01-07 06:31:22.150428+00:00,84.67,0.655,0.65,0.66,0.345,0.34,0.35,68.11,19.7,19.7,68.11,0.64,302.0,0.67,123.04,0.63,397.0,0.68,360.0,0.62,657.0,0.69,105.0,0.61,478.0,0.7,383.0,0.6,439.0,0.71,409.0,0.33,123.04,0.36,302.0,0.32,360.0,0.37,397.0,0.31,105.0,0.38,657.0,0.3,383.0,0.39,478.0,0.29,409.0,0.4,439.0
2026-01-07 06:31:25.728000+00:00,2026-01-07 06:31:23.157666+00:00,85.728,0.655,0.65,0.66,0.345,0.34,0.35,48.61,19.7,19.7,48.61,0.64,302.0,0.67,108.04,0.63,397.0,0.68,360.0,0.62,645.0,0.69,105.0,0.61,490.0,0.7,383.0,0.6,439.0,0.71,409.0,0.33,108.04,0.36,302.0,0.32,360.0,0.37,397.0,0.31,105.0,0.38,645.0,0.3,383.0,0.39,490.0,0.29,409.0,0.4,439.0
2026-01-07 06:31:26.716000+00:00,2026-01-07 06:31:24.178403+00:00,86.716,0.655,0.65,0.66,0.345,0.34,0.35,48.61,19.7,19.7,48.61,0.64,302.0,0.67,108.04,0.63,397.0,0.68,360.0,0.62,645.0,0.69,105.0,0.61,478.0,0.7,383.0,0.6,439.0,0.71,409.0,0.33,108.04,0.36,302.0,0.32,360.0,0.37,397.0,0.31,105.0,0.38,645.0,0.3,383.0,0.39,478.0,0.29,409.0,0.4,439.0
2026-01-07 06:31:27.796000+00:00,2026-01-07 06:31:25.200975+00:00,87.796,0.655,0.65,0.66,0.345,0.34,0.35,273.61,14.7,14.7,273.61,0.64,399.0,0.67,13.04,0.63,454.0,0.68,20.0,0.62,409.0,0.69,35.0,0.61,454.0,0.7,358.0,0.6,439.0,0.71,409.0,0.33,13.04,0.36,399.0,0.32,25.0,0.37,454.0,0.31,35.0,0.38,409.0,0.3,283.0,0.39,454.0,0.29,409.0,0.4,439.0
2026-01-07 06:31:28.811000+00:00,2026-01-07 06:31:26.222301+00:00,88.811,0.675,0.67,0.68,0.325,0.32,0.33,277.96,20.0,20.0,289.96,0.66,350.3,0.7,20.0,0.65,427.61,0.71,264.0,0.64,424.0,0.72,160.0,0.63,454.0,0.73,399.0,0.62,374.0,0.74,383.0,0.3,20.0,0.34,350.3,0.29,264.0,0.35,427.61,0.28,160.0,0.36,424.0,0.27,399.0,0.37,454.0,0.26,383.0,0.38,374.0
2026-01-07 06:31:29.760000+00:00,2026-01-07 06:31:27.246180+00:00,89.76,0.675,0.67,0.68,0.325,0.32,0.33,337.96,0.75,0.75,313.96,0.66,311.3,0.69,5.0,0.65,458.61,0.7,32.0,0.64,424.0,0.71,307.0,0.63,454.0,0.72,124.0,0.62,374.0,0.73,363.0,0.31,5.0,0.34,299.3,0.3,32.0,0.35,446.61,0.29,271.0,0.36,424.0,0.28,100.0,0.37,454.0,0.27,363.0,0.38,374.0
2026-01-07 06:31:30.835000+00:00,2026-01-07 06:31:28.253921+00:00,90.835,0.695,0.69,0.7,0.305,0.3,0.31,70.0,120.0,120.0,55.3,0.68,50.88,0.71,333.0,0.67,298.96,0.72,125.0,0.66,323.3,0.73,363.0,0.65,421.0,0.74,383.0,0.64,472.0,0.75,464.0,0.29,333.0,0.32,50.88,0.28,125.0,0.33,298.96,0.27,363.0,0.34,323.3,0.26,383.0,0.35,421.0,0.25,464.0,0.36,472.0
2026-01-07 06:31:31.824000+00:00,2026-01-07 06:31:29.261093+00:00,91.824,0.695,0.69,0.7,0.305,0.3,0.31,45.68,168.85,168.85,45.68,0.68,233.88,0.71,309.0,0.67,304.93,0.72,125.0,0.66,335.3,0.73,363.0,0.65,421.0,0.74,383.0,0.64,460.0,0.75,464.0,0.29,309.0,0.32,233.88,0.28,125.0,0.33,267.93,0.27,363.0,0.34,335.3,0.26,383.0,0.35,421.0,0.25,464.0,0.36,460.0
2026-01-07 06:31:32.859000+00:00,2026-01-07 06:31:30.268398+00:00,92.859,0.695,0.69,0.7,0.305,0.3,0.31,40.68,97.85,85.85,40.68,0.68,238.88,0.71,309.0,0.67,277.93,0.72,125.0,0.66,373.3,0.73,363.0,0.65,645.0,0.74,383.0,0.64,436.0,0.75,464.0,0.29,333.0,0.32,238.88,0.28,137.0,0.33,265.93,0.27,363.0,0.34,361.3,0.26,383.0,0.35,669.0,0.25,464.0,0.36,436.0
2026-01-07 06:31:33.867000+00:00,2026-01-07 06:31:31.288014+00:00,93.867,0.695,0.69,0.7,0.305,0.3,0.31,45.68,35.0,35.0,45.68,0.68,269.88,0.71,369.0,0.67,289.93,0.72,149.0,0.66,419.3,0.73,363.0,0.65,657.0,0.74,383.0,0.64,424.0,0.75,464.0,0.29,381.0,0.32,269.88,0.28,149.0,0.33,326.93,0.27,363.0,0.34,381.3,0.26,383.0,0.35,633.0,0.25,464.0,0.36,424.0
2026-01-07 06:31:34.641000+00:00,2026-01-07 06:31:32.310468+00:00,94.641,0.695,0.69,0.7,0.305,0.3,0.31,121.68,35.0,35.0,84.68,0.68,257.88,0.71,309.0,0.67,384.93,0.72,185.0,0.66,393.3,0.73,399.0,0.65,633.0,0.74,383.0,0.64,424.0,0.75,464.0,0.29,309.0,0.32,257.88,0.28,197.0,0.33,384.93,0.27,387.0,0.34,393.3,0.26,383.0,0.35,633.0,0.25,464.0,0.36,424.0
2026-01-07 06:31:35.915000+00:00,2026-01-07 06:31:33.318026+00:00,95.915,0.715,0.71,0.72,0.28500000000000003,0.28,0.29,308.0,20.0,20.0,292.0,0.7,250.0,0.73,224.0,0.69,504.47,0.74,55.0,0.68,459.88,0.75,100.0,0.67,450.96,0.76,414.0,0.66,359.3,0.77,414.0,0.26,55.0,0.3,238.0,0.25,100.0,0.31,480.47,0.24,130.0,0.32,459.88,0.23,293.0,0.33,450.96,0.22,434.0,0.34,359.3
2026-01-07 06:31:36.833000+00:00,2026-01-07 06:31:34.323485+00:00,96.833,0.735,0.73,0.74,0.265,0.26,0.27,158.0,20.0,20.0,119.0,0.72,299.0,0.75,279.0,0.71,250.0,0.76,129.0,0.7,478.0,0.77,182.0,0.69,475.47,0.78,313.0,0.68,459.88,0.79,414.0,0.25,279.0,0.28,299.0,0.24,141.0,0.29,250.0,0.23,146.0,0.3,478.0,0.22,313.0,0.31,475.47,0.21,414.0,0.32,459.88
2026-01-07 06:31:37.789000+00:00,2026-01-07 06:31:35.331383+00:00,97.789,0.735,0.73,0.74,0.265,0.26,0.27,99.0,20.0,20.0,99.0,0.72,319.0,0.75,339.0,0.71,262.0,0.76,117.0,0.7,490.0,0.77,134.0,0.69,475.47,0.78,313.0,0.68,459.88,0.79,414.0,0.25,339.0,0.28,319.0,0.24,117.0,0.29,262.0,0.23,134.0,0.3,478.0,0.22,313.0,0.31,475.47,0.21,414.0,0.32,459.88
2026-01-07 06:31:38.867000+00:00,2026-01-07 06:31:36.338438+00:00,98.867,0.735,0.73,0.74,0.265,0.26,0.27,111.0,89.0,89.0,45.0,0.72,65.0,0.75,376.0,0.71,228.0,0.76,373.0,0.7,420.0,0.77,414.0,0.69,428.47,0.78,434.0,0.68,471.88,0.79,379.0,0.25,507.0,0.28,105.0,0.24,504.0,0.29,45.0,0.23,484.0,0.3,80.0,0.22,504.0,0.31,307.47,0.21,449.0,0.32,471.88
2026-01-07 06:31:39.954000+00:00,2026-01-07 06:31:37.344813+00:00,99.954,0.745,0.74,0.75,0.255,0.25,0.26,90.0,354.8,354.8,90.0,0.73,40.0,0.76,479.0,0.72,100.0,0.77,484.0,0.71,102.0,0.78,504.0,0.7,116.0,0.79,484.0,0.69,308.47,0.8,519.0,0.24,404.0,0.27,40.0,0.23,484.0,0.28,100.0,0.22,504.0,0.29,102.0,0.21,484.0,0.3,116.0,0.2,519.0,0.31,308.47
2026-01-07 06:31:40.876000+00:00,2026-01-07 06:31:38.351872+00:00,100.876,0.745,0.74,0.75,0.255,0.25,0.26,60.4,92.72,92.72,60.4,0.73,75.0,0.76,262.0,0.72,134.0,0.77,389.0,0.71,152.0,0.78,504.0,0.7,333.0,0.79,484.0,0.69,552.68,0.8,554.0,0.24,262.0,0.27,75.0,0.23,389.0,0.28,134.0,0.22,504.0,0.29,152.0,0.21,484.0,0.3,333.0,0.2,554.0,0.31,552.68
2026-01-07 06:31:41.871000+00:00,2026-01-07 06:31:39.358224+00:00,101.871,0.745,0.74,0.75,0.255,0.25,0.26,70.4,80.72,80.72,70.4,0.73,119.0,0.76,250.0,0.72,252.0,0.77,413.0,0.71,272.0,0.78,516.0,0.7,454.0,0.79,484.0,0.69,673.68,0.8,554.0,0.24,250.0,0.27,119.0,0.23,413.0,0.28,252.0,0.22,516.0,0.29,272.0,0.21,484.0,0.3,454.0,0.2,554.0,0.31,673.68
2026-01-07 06:31:42.907000+00:00,2026-01-07 06:31:40.363440+00:00,102.907,0.745,0.74,0.75,0.255,0.25,0.26,70.4,79.38,79.38,95.4,0.73,143.0,0.76,91.0,0.72,216.0,0.77,316.0,0.71,333.0,0.78,395.0,0.7,454.0,0.79,484.0,0.69,673.68,0.8,554.0,0.24,67.0,0.27,155.0,0.23,316.0,0.28,169.0,0.22,395.0,0.29,333.0,0.21,484.0,0.3,454.0,0.2,554.0,0.31,673.68
2026-01-07 06:31:43.966000+00:00,2026-01-07 06:31:41.388244+00:00,103.966,0.755,0.75,0.76,0.245,0.24,0.25,95.0,20.0,20.0,70.0,0.74,126.4,0.77,83.0,0.73,322.0,0.78,324.0,0.72,474.0,0.79,426.0,0.71,454.0,0.8,554.0,0.7,678.0,0.81,484.0,0.23,35.0,0.26,220.4,0.22,372.0,0.27,286.0,0.21,414.0,0.28,474.0,0.2,554.0,0.29,454.0,0.19,484.0,0.3,678.0
2026-01-07 06:31:44.892000+00:00,2026-01-07 06:31:42.394669+00:00,104.892,0.755,0.75,0.76,0.245,0.24,0.25,155.0,15.0,15.0,155.0,0.74,170.4,0.77,35.0,0.73,348.0,0.78,334.0,0.72,474.0,0.79,293.0,0.71,454.0,0.8,638.0,0.7,419.0,0.81,496.0,0.23,35.0,0.26,170.4,0.22,334.0,0.27,348.0,0.21,293.0,0.28,474.0,0.2,638.0,0.29,454.0,0.19,496.0,0.3,419.0
2026-01-07 06:31:45.956000+00:00,2026-01-07 06:31:43.402357+00:00,105.956,0.755,0.75,0.76,0.245,0.24,0.25,171.0,15.0,13.42,171.0,0.74,354.0,0.78,359.0,0.73,469.0,0.79,169.0,0.72,698.0,0.8,363.0,0.71,454.0,0.81,426.0,0.7,419.0,0.82,504.0,0.22,359.0,0.26,366.0,0.21,169.0,0.27,469.0,0.2,363.0,0.28,698.0,0.19,426.0,0.29,454.0,0.18,504.0,0.3,419.0
2026-01-07 06:31:46.989000+00:00,2026-01-07 06:31:44.408757+00:00,106.989,0.755,0.75,0.76,0.245,0.24,0.25,143.33,13.42,13.42,155.33,0.74,332.0,0.78,354.0,0.73,481.0,0.79,85.0,0.72,698.0,0.8,363.0,0.71,454.0,0.81,414.0,0.7,419.0,0.82,504.0,0.22,368.0,0.26,368.0,0.21,97.0,0.27,493.0,0.2,433.0,0.28,698.0,0.19,484.0,0.29,454.0,0.18,504.0,0.3,419.0
2026-01-07 06:31:47.810000+00:00,2026-01-07 06:31:45.430199+00:00,107.81,0.755,0.75,0.76,0.245,0.24,0.25,150.65,3.28,3.28,150.65,0.74,368.0,0.78,368.0,0.73,493.0,0.79,167.0,0.72,698.0,0.8,433.0,0.71,454.0,0.81,484.0,0.7,419.0,0.82,504.0,0.22,368.0,0.26,368.0,0.21,167.0,0.27,493.0,0.2,433.0,0.28,698.0,0.19,484.0,0.29,454.0,0.18,504.0,0.3,419.0
2026-01-07 06:31:48.982000+00:00,2026-01-07 06:31:46.448870+00:00,108.982,0.755,0.75,0.76,0.245,0.24,0.25,167.65,3.28,3.28,191.65,0.74,332.0,0.77,75.0,0.73,469.0,0.78,385.0,0.72,698.0,0.79,203.0,0.71,454.0,0.8,445.0,0.7,424.0,0.81,484.0,0.23,75.0,0.26,320.0,0.22,385.0,0.27,469.0,0.21,203.0,0.28,698.0,0.2,445.0,0.29,454.0,0.19,484.0,0.3,424.0
2026-01-07 06:31:50.058000+00:00,2026-01-07 06:31:47.455625+00:00,110.058,0.755,0.75,0.76,0.235,0.22,0.25,274.65,1.96,30.0,344.65,0.74,429.0,0.78,20.0,0.73,469.0,0.79,80.0,0.72,474.0,0.8,447.0,0.71,454.0,0.81,471.0,0.7,424.0,0.82,504.0,0.21,5.0,0.26,429.0,0.2,372.0,0.27,469.0,0.19,471.0,0.28,474.0,0.18,504.0,0.29,454.0,0.17,484.0,0.3,424.0
2026-01-07 06:31:51.054000+00:00,2026-01-07 06:31:48.460552+00:00,111.054,0.775,0.77,0.78,0.225,0.22,0.23,97.0,89.0,179.0,65.0,0.76,273.0,0.79,264.0,0.75,248.65,0.8,202.0,0.74,408.0,0.81,484.0,0.73,663.0,0.82,504.0,0.72,474.0,0.83,484.0,0.21,197.0,0.24,248.0,0.2,297.0,0.25,278.65,0.19,484.0,0.26,359.0,0.18,504.0,0.27,379.0,0.17,449.0,0.28,452.0
2026-01-07 06:31:52.051000+00:00,2026-01-07 06:31:49.470189+00:00,112.051,0.765,0.76,0.77,0.235,0.23,0.24,50.0,75.0,136.0,50.0,0.75,50.32,0.78,746.29,0.74,80.0,0.79,409.0,0.73,50.0,0.8,479.0,0.72,288.0,0.81,515.0,0.71,605.0,0.82,469.0,0.22,666.29,0.25,50.32,0.21,409.0,0.26,80.0,0.2,510.0,0.27,50.0,0.19,484.0,0.28,105.0,0.18,469.0,0.29,484.0
2026-01-07 06:31:53.056000+00:00,2026-01-07 06:31:50.461076+00:00,113.056,0.765,0.76,0.77,0.235,0.23,0.24,60.0,219.64,219.64,60.0,0.75,85.32,0.78,661.29,0.74,67.0,0.79,384.0,0.73,75.0,0.8,510.0,0.72,100.0,0.81,484.0,0.71,508.0,0.82,504.0,0.22,721.29,0.25,85.32,0.21,384.0,0.26,91.0,0.2,479.0,0.27,87.0,0.19,484.0,0.28,200.0,0.18,504.0,0.29,472.0
2026-01-07 06:31:54.028000+00:00,2026-01-07 06:31:51.468855+00:00,114.028,0.765,0.76,0.77,0.235,0.23,0.24,60.0,218.08,374.08,55.0,0.75,97.32,0.78,716.29,0.74,139.0,0.79,396.0,0.73,75.0,0.8,491.0,0.72,200.0,0.81,484.0,0.71,507.0,0.82,534.0,0.22,467.29,0.25,67.32,0.21,421.0,0.26,129.0,0.2,491.0,0.27,75.0,0.19,484.0,0.28,175.0,0.18,469.0,0.29,248.0
2026-01-07 06:31:55.034000+00:00,2026-01-07 06:31:52.460504+00:00,115.034,0.735,0.73,0.74,0.265,0.26,0.27,75.0,16.0,21.0,75.0,0.72,187.0,0.75,150.34,0.71,135.0,0.76,344.0,0.7,140.0,0.77,294.48,0.69,130.68,0.78,427.29,0.68,670.88,0.79,441.0,0.25,162.34,0.28,187.0,0.24,332.0,0.29,135.0,0.23,364.48,0.3,140.0,0.22,427.29,0.31,130.68,0.21,441.0,0.32,670.88
2026-01-07 06:31:56.994000+00:00,2026-01-07 06:31:54.478600+00:00,116.994,0.715,0.71,0.72,0.28500000000000003,0.28,0.29,45.0,289.63,289.63,45.0,0.7,35.0,0.73,326.0,0.69,25.68,0.74,396.0,0.68,82.88,0.75,373.34,0.67,233.96,0.76,354.0,0.66,451.3,0.77,354.48,0.27,326.0,0.3,35.0,0.26,396.0,0.31,25.68,0.25,373.34,0.32,82.88,0.24,354.0,0.33,233.96,0.23,354.48,0.34,451.3
2026-01-07 06:31:58.948000+00:00,2026-01-07 06:31:56.487907+00:00,118.948,0.715,0.71,0.72,0.28500000000000003,0.28,0.29,45.0,219.24,219.24,45.0,0.7,47.0,0.73,444.0,0.69,107.68,0.74,396.0,0.68,152.88,0.75,340.34,0.67,146.0,0.76,354.0,0.66,509.3,0.77,354.48,0.27,444.0,0.3,47.0,0.26,396.0,0.31,107.68,0.25,340.34,0.32,152.88,0.24,354.0,0.33,146.0,0.23,354.48,0.34,509.3
2026-01-07 06:32:00.105000+00:00,2026-01-07 06:31:57.495160+00:00,120.105,0.705,0.7,0.71,0.31,0.3,0.32,5.0,57.41,122.0,5.88,0.68,5.88,0.72,344.24,0.67,45.0,0.73,374.0,0.66,105.0,0.74,242.0,0.65,275.0,0.75,340.34,0.64,300.0,0.76,319.0,0.29,458.41,0.33,45.0,0.28,339.24,0.34,35.0,0.27,409.0,0.35,92.0,0.26,242.0,0.36,117.0,0.25,340.34,0.37,122.0
2026-01-07 06:32:01.110000+00:00,2026-01-07 06:31:58.502124+00:00,121.11,0.665,0.66,0.67,0.335,0.33,0.34,15.0,210.0,215.0,15.0,0.65,47.0,0.68,277.12,0.64,92.0,0.69,474.45,0.63,122.0,0.7,429.0,0.62,548.0,0.71,451.41,0.61,300.0,0.72,329.24,0.32,272.12,0.35,47.0,0.31,474.45,0.36,92.0,0.3,429.0,0.37,122.0,0.29,451.41,0.38,548.0,0.28,329.24,0.39,300.0
2026-01-07 06:32:02.800000+00:00,2026-01-07 06:32:00.511067+00:00,122.8,0.665,0.66,0.67,0.335,0.33,0.34,50.0,41.0,17.0,50.0,0.65,39.0,0.68,248.12,0.64,105.0,0.69,698.45,0.63,110.0,0.7,450.0,0.62,572.0,0.71,431.41,0.61,253.0,0.72,450.24,0.32,272.12,0.35,39.0,0.31,698.45,0.36,105.0,0.3,435.0,0.37,110.0,0.29,446.41,0.38,572.0,0.28,450.24,0.39,253.0
2026-01-07 06:32:04.099000+00:00,2026-01-07 06:32:01.518317+00:00,124.099,0.665,0.66,0.67,0.335,0.33,0.34,41.88,73.0,73.0,41.88,0.65,27.0,0.68,366.12,0.64,105.0,0.69,640.45,0.63,122.0,0.7,499.0,0.62,524.0,0.71,486.41,0.61,301.0,0.72,450.24,0.32,366.12,0.35,27.0,0.31,640.45,0.36,105.0,0.3,499.0,0.37,122.0,0.29,486.41,0.38,524.0,0.28,450.24,0.39,301.0
2026-01-07 06:32:05.118000+00:00,2026-01-07 06:32:02.524722+00:00,125.118,0.655,0.65,0.66,0.33999999999999997,0.33,0.35,75.48,12.0,65.0,87.48,0.64,92.0,0.67,65.0,0.63,122.0,0.68,296.12,0.62,524.0,0.69,780.45,0.61,336.0,0.7,499.0,0.6,386.0,0.71,486.41,0.32,251.12,0.36,80.0,0.31,744.45,0.37,244.0,0.3,499.0,0.38,524.0,0.29,486.41,0.39,336.0,0.28,450.24,0.4,386.0
2026-01-07 06:32:06.136000+00:00,2026-01-07 06:32:03.532139+00:00,126.136,0.66,0.65,0.67,0.335,0.33,0.34,92.48,77.0,5.0,340.0,0.64,80.0,0.68,129.0,0.63,305.0,0.69,629.45,0.62,548.0,0.7,550.0,0.61,312.0,0.71,439.0,0.6,386.0,0.72,390.24,0.31,310.45,0.35,418.48,0.3,324.0,0.36,313.0,0.29,339.0,0.37,414.0,0.28,285.24,0.38,409.0,0.27,328.0,0.39,374.0
2026-01-07 06:32:07.140000+00:00,2026-01-07 06:32:04.536015+00:00,127.14,0.715,0.71,0.72,0.28500000000000003,0.28,0.29,45.0,258.0,258.0,45.0,0.7,77.0,0.73,444.0,0.69,241.55,0.74,266.0,0.68,223.0,0.75,450.34,0.67,217.0,0.76,509.0,0.66,230.0,0.77,429.48,0.27,478.0,0.3,106.0,0.26,232.0,0.31,241.55,0.25,450.34,0.32,228.0,0.24,509.0,0.33,217.0,0.23,429.48,0.34,230.0
2026-01-07 06:32:08.146000+00:00,2026-01-07 06:32:05.557499+00:00,128.146,0.675,0.66,0.69,0.325,0.32,0.33,35.0,175.0,5.0,65.0,0.65,64.07,0.7,135.0,0.64,89.93,0.71,354.4,0.63,247.0,0.72,633.0,0.62,363.0,0.73,539.0,0.61,304.0,0.74,297.0,0.31,175.0,0.34,25.0,0.3,196.0,0.35,89.07,0.29,354.4,0.36,56.93,0.28,633.0,0.37,259.0,0.27,539.0,0.38,328.0
2026-01-07 06:32:09.077000+00:00,2026-01-07 06:32:06.563662+00:00,129.077,0.685,0.68,0.69,0.315,0.31,0.32,35.0,224.0,153.0,35.0,0.67,65.0,0.7,189.0,0.66,10.0,0.71,319.4,0.65,71.07,0.72,633.0,0.64,68.93,0.73,539.0,0.63,275.0,0.74,316.0,0.3,178.0,0.33,65.0,0.29,294.4,0.34,10.0,0.28,633.0,0.35,47.07,0.27,573.0,0.36,56.93,0.26,317.0,0.37,223.0
2026-01-07 06:32:10.151000+00:00,2026-01-07 06:32:07.568176+00:00,130.151,0.705,0.7,0.71,0.295,0.29,0.3,45.0,259.0,259.0,50.0,0.69,42.0,0.72,217.0,0.68,89.0,0.73,503.0,0.67,52.0,0.74,242.0,0.66,242.0,0.75,545.34,0.65,242.07,0.76,504.0,0.28,222.0,0.31,42.0,0.27,503.0,0.32,101.0,0.26,242.0,0.33,52.0,0.25,545.34,0.34,242.0,0.24,504.0,0.35,242.07
2026-01-07 06:32:11.174000+00:00,2026-01-07 06:32:08.585325+00:00,131.174,0.705,0.7,0.71,0.295,0.29,0.3,50.0,249.2,249.2,35.0,0.69,30.0,0.72,222.0,0.68,89.0,0.73,479.0,0.67,64.0,0.74,242.0,0.66,230.0,0.75,545.34,0.65,312.07,0.76,524.0,0.28,246.0,0.31,30.0,0.27,479.0,0.32,101.0,0.26,242.0,0.33,64.0,0.25,545.34,0.34,230.0,0.24,524.0,0.35,324.07
2026-01-07 06:32:12.188000+00:00,2026-01-07 06:32:09.606328+00:00,132.188,0.705,0.7,0.71,0.315,0.31,0.32,30.0,371.2,59.29,101.0,0.69,35.0,0.72,246.0,0.68,101.0,0.73,445.0,0.67,134.0,0.74,372.0,0.66,300.0,0.75,475.34,0.65,324.07,0.76,524.0,0.29,383.2,0.33,122.0,0.28,234.0,0.34,300.0,0.27,421.0,0.35,324.07,0.26,372.0,0.36,247.93,0.25,475.34,0.37,379.0
2026-01-07 06:32:13.171000+00:00,2026-01-07 06:32:10.610992+00:00,133.171,0.685,0.68,0.69,0.315,0.31,0.32,97.0,45.18,70.18,97.0,0.67,134.0,0.71,492.2,0.66,129.0,0.72,264.0,0.65,312.07,0.73,409.0,0.64,271.93,0.74,372.0,0.63,379.0,0.75,475.34,0.29,492.2,0.33,134.0,0.28,264.0,0.34,129.0,0.27,489.0,0.35,312.07,0.26,337.0,0.36,271.93,0.25,505.34,0.37,379.0
2026-01-07 06:32:14.861000+00:00,2026-01-07 06:32:12.638264+00:00,134.861,0.685,0.68,0.69,0.315,0.31,0.32,50.0,222.38,222.38,50.0,0.67,77.0,0.7,314.0,0.66,54.0,0.71,314.0,0.65,141.07,0.72,574.0,0.64,362.93,0.73,469.0,0.63,438.0,0.74,332.0,0.3,314.0,0.33,77.0,0.29,314.0,0.34,54.0,0.28,509.0,0.35,141.07,0.27,504.0,0.36,362.93,0.26,302.0,0.37,438.0
2026-01-07 06:32:16.173000+00:00,2026-01-07 06:32:13.657385+00:00,136.173,0.685,0.68,0.69,0.325,0.32,0.33,50.0,242.38,72.0,89.0,0.67,89.0,0.7,669.0,0.66,54.0,0.71,420.0,0.65,71.07,0.72,539.0,0.64,353.0,0.73,499.0,0.63,110.0,0.74,302.0,0.31,237.38,0.34,54.0,0.3,669.0,0.35,71.07,0.29,480.0,0.36,353.0,0.28,539.0,0.37,110.0,0.27,499.0,0.38,253.0
2026-01-07 06:32:17.597000+00:00,2026-01-07 06:32:15.672246+00:00,137.597,0.675,0.67,0.68,0.325,0.32,0.33,85.0,148.0,158.0,85.0,0.66,42.0,0.69,313.38,0.65,141.07,0.7,669.0,0.64,353.0,0.71,384.0,0.63,122.0,0.72,539.0,0.62,277.0,0.73,499.0,0.31,349.38,0.34,42.0,0.3,633.0,0.35,141.07,0.29,384.0,0.36,353.0,0.28,539.0,0.37,122.0,0.27,499.0,0.38,277.0
2026-01-07 06:32:19.261000+00:00,2026-01-07 06:32:16.696388+00:00,139.261,0.675,0.67,0.68,0.325,0.32,0.33,85.0,204.85,228.85,85.0,0.66,42.0,0.69,313.38,0.65,141.07,0.7,633.0,0.64,353.0,0.71,434.0,0.63,122.0,0.72,504.0,0.62,277.0,0.73,499.0,0.31,289.38,0.34,30.0,0.3,633.0,0.35,141.07,0.29,434.0,0.36,341.0,0.28,504.0,0.37,122.0,0.27,499.0,0.38,265.0
2026-01-07 06:32:20.220000+00:00,2026-01-07 06:32:17.687975+00:00,140.22,0.675,0.67,0.68,0.325,0.32,0.33,85.0,223.85,223.85,85.0,0.66,30.0,0.69,289.38,0.65,141.07,0.7,633.0,0.64,365.0,0.71,434.0,0.63,122.0,0.72,504.0,0.62,265.0,0.73,499.0,0.31,289.38,0.34,30.0,0.3,633.0,0.35,141.07,0.29,434.0,0.36,365.0,0.28,504.0,0.37,122.0,0.27,499.0,0.38,265.0
2026-01-07 06:32:21.218000+00:00,2026-01-07 06:32:18.691559+00:00,141.218,0.675,0.67,0.68,0.325,0.32,0.33,85.0,223.85,223.85,85.0,0.66,30.0,0.69,289.38,0.65,141.07,0.7,633.0,0.64,365.0,0.71,499.0,0.63,122.0,0.72,469.0,0.62,265.0,0.73,499.0,0.31,289.38,0.34,30.0,0.3,633.0,0.35,141.07,0.29,499.0,0.36,365.0,0.28,469.0,0.37,122.0,0.27,499.0,0.38,265.0
2026-01-07 06:32:22.297000+00:00,2026-01-07 06:32:19.696906+00:00,142.297,0.665,0.66,0.67,0.335,0.33,0.34,20.0,168.0,153.0,65.0,0.65,42.07,0.68,777.85,0.64,30.0,0.69,503.38,0.63,40.0,0.7,454.0,0.62,10.0,0.71,424.0,0.61,254.0,0.72,434.0,0.32,762.85,0.35,42.07,0.31,518.38,0.36,30.0,0.3,469.0,0.37,40.0,0.29,424.0,0.38,132.0,0.28,434.0,0.39,192.0
2026-01-07 06:32:23.258000+00:00,2026-01-07 06:32:20.707623+00:00,143.258,0.645,0.64,0.65,0.355,0.35,0.36,30.0,245.93,245.93,30.0,0.63,40.0,0.66,189.0,0.62,10.0,0.67,262.0,0.61,71.0,0.68,662.85,0.6,242.0,0.69,503.38,0.59,421.0,0.7,454.0,0.34,189.0,0.37,40.0,0.33,262.0,0.38,10.0,0.32,662.85,0.39,71.0,0.31,503.38,0.4,242.0,0.3,454.0,0.41,421.0
2026-01-07 06:32:24.354000+00:00,2026-01-07 06:32:21.729332+00:00,144.354,0.605,0.6,0.61,0.41000000000000003,0.4,0.42,35.0,129.0,157.0,50.0,0.59,10.0,0.62,61.0,0.58,50.0,0.63,121.0,0.57,35.0,0.64,748.84,0.56,35.0,0.65,426.93,0.55,246.94,0.66,274.0,0.39,317.0,0.44,35.0,0.38,183.0,0.45,171.94,0.37,243.0,0.46,220.01,0.36,709.84,0.47,422.08,0.35,461.93,0.48,398.0
2026-01-07 06:32:25.252000+00:00,2026-01-07 06:32:22.748585+00:00,145.252,0.555,0.55,0.56,0.445,0.44,0.45,41.01,124.46,159.46,41.01,0.54,134.01,0.57,90.0,0.53,472.07,0.58,222.0,0.52,433.0,0.59,243.0,0.51,507.38,0.6,243.0,0.5,503.92,0.61,253.0,0.43,156.0,0.46,122.01,0.42,123.0,0.47,430.07,0.41,243.0,0.48,463.0,0.4,243.0,0.49,507.38,0.39,253.0,0.5,491.92
2026-01-07 06:32:26.356000+00:00,2026-01-07 06:32:23.769407+00:00,146.356,0.535,0.53,0.54,0.46499999999999997,0.46,0.47,227.99,114.46,104.46,227.99,0.52,398.0,0.55,60.0,0.51,579.35,0.56,163.46,0.5,518.92,0.57,116.0,0.49,481.46,0.58,243.0,0.48,464.0,0.59,243.0,0.45,60.0,0.48,328.0,0.44,163.46,0.49,479.35,0.43,116.0,0.5,553.92,0.42,243.0,0.51,496.45,0.41,467.0,0.52,464.0
2026-01-07 06:32:27.367000+00:00,2026-01-07 06:32:24.776309+00:00,147.367,0.535,0.53,0.54,0.46499999999999997,0.46,0.47,223.35,174.66,84.8,97.64,0.52,319.0,0.55,60.0,0.51,395.92,0.56,99.46,0.5,439.92,0.57,70.0,0.49,528.46,0.58,278.0,0.48,515.0,0.59,522.0,0.45,60.0,0.48,314.0,0.44,99.46,0.49,400.92,0.43,70.0,0.5,439.92,0.42,278.0,0.51,528.46,0.41,522.0,0.52,500.0
2026-01-07 06:32:28.361000+00:00,2026-01-07 06:32:25.781003+00:00,148.361,0.515,0.51,0.52,0.485,0.48,0.49,14.92,100.0,94.21,14.92,0.5,369.92,0.53,99.0,0.49,582.46,0.54,130.8,0.48,429.0,0.55,278.0,0.47,414.0,0.56,282.46,0.46,661.5,0.57,358.0,0.47,99.0,0.5,393.92,0.46,142.8,0.51,594.46,0.45,278.0,0.52,453.0,0.44,282.46,0.53,414.0,0.43,358.0,0.54,661.5
2026-01-07 06:32:29.372000+00:00,2026-01-07 06:32:26.804670+00:00,149.372,0.515,0.51,0.52,0.485,0.48,0.49,20.0,123.0,65.0,20.0,0.5,334.92,0.53,100.0,0.49,553.46,0.54,179.8,0.48,429.0,0.55,348.0,0.47,426.0,0.56,352.46,0.46,662.5,0.57,439.0,0.47,147.0,0.5,334.92,0.46,179.8,0.51,553.46,0.45,348.0,0.52,354.0,0.44,352.46,0.53,316.0,0.43,439.0,0.54,662.5
2026-01-07 06:32:30.257000+00:00,2026-01-07 06:32:27.810638+00:00,150.257,0.515,0.51,0.52,0.505,0.5,0.51,9.79,362.48,97.49,15.46,0.5,30.92,0.53,514.0,0.49,15.46,0.54,421.8,0.48,20.0,0.55,469.0,0.46,346.5,0.56,473.46,0.45,372.99,0.57,404.0,0.49,182.0,0.52,15.0,0.48,622.48,0.53,5.0,0.47,444.0,0.54,345.5,0.46,456.8,0.55,358.99,0.45,469.0,0.56,1039.0
2026-01-07 06:32:31.413000+00:00,2026-01-07 06:32:28.825356+00:00,151.413,0.46499999999999997,0.46,0.47,0.535,0.53,0.54,274.94,607.0,607.0,224.01,0.45,129.99,0.48,391.0,0.44,700.0,0.49,372.51,0.42,352.0,0.5,334.49,0.41,403.0,0.51,399.0,0.4,461.0,0.52,408.48,0.52,391.0,0.55,124.99,0.51,372.51,0.56,705.0,0.5,334.49,0.58,352.0,0.49,399.0,0.59,403.0,0.48,408.48,0.6,461.0
2026-01-07 06:32:32.383000+00:00,2026-01-07 06:32:29.833284+00:00,152.383,0.445,0.44,0.45,0.555,0.55,0.56,559.24,134.71,134.71,559.24,0.43,12.0,0.46,310.39,0.42,24.0,0.47,643.0,0.41,87.0,0.48,411.0,0.4,157.0,0.49,372.51,0.39,231.0,0.5,299.49,0.54,305.39,0.57,24.0,0.53,648.0,0.58,36.0,0.52,411.0,0.59,87.0,0.51,372.51,0.6,157.0,0.5,299.49,0.61,243.0
2026-01-07 06:32:33.363000+00:00,2026-01-07 06:32:30.840945+00:00,153.363,0.445,0.44,0.45,0.555,0.55,0.56,559.24,67.24,67.24,559.24,0.43,48.0,0.46,310.39,0.42,24.0,0.47,667.0,0.41,87.0,0.48,399.0,0.4,192.0,0.49,384.51,0.39,206.0,0.5,284.49,0.54,310.39,0.57,48.0,0.53,667.0,0.58,24.0,0.52,399.0,0.59,87.0,0.51,384.51,0.6,192.0,0.5,284.49,0.61,206.0
2026-01-07 06:32:34.287000+00:00,2026-01-07 06:32:31.847387+00:00,154.287,0.445,0.44,0.45,0.555,0.55,0.56,507.06,294.41,294.41,507.06,0.41,59.0,0.46,245.39,0.4,340.0,0.47,655.0,0.39,122.0,0.48,399.0,0.38,496.0,0.49,427.51,0.37,501.0,0.5,354.49,0.54,245.39,0.59,59.0,0.53,655.0,0.6,340.0,0.52,399.0,0.61,122.0,0.51,427.51,0.62,496.0,0.5,354.49,0.63,501.0
2026-01-07 06:32:35.399000+00:00,2026-01-07 06:32:32.851794+00:00,155.399,0.445,0.44,0.45,0.555,0.55,0.56,479.2,164.3,164.3,479.2,0.43,12.0,0.46,317.39,0.42,106.0,0.47,713.0,0.41,129.0,0.48,466.0,0.4,447.0,0.49,427.51,0.39,375.0,0.5,354.49,0.54,317.39,0.57,12.0,0.53,713.0,0.58,106.0,0.52,466.0,0.59,129.0,0.51,427.51,0.6,447.0,0.5,354.49,0.61,375.0
2026-01-07 06:32:36.411000+00:00,2026-01-07 06:32:33.859358+00:00,156.411,0.445,0.44,0.45,0.555,0.55,0.56,477.02,132.63,45.4,482.02,0.43,48.0,0.46,317.39,0.42,82.0,0.47,713.0,0.41,117.0,0.48,466.0,0.4,447.0,0.49,427.51,0.39,375.0,0.5,354.49,0.54,322.39,0.57,36.0,0.53,713.0,0.58,82.0,0.52,466.0,0.59,117.0,0.51,427.51,0.6,447.0,0.5,354.49,0.61,363.0
2026-01-07 06:32:37.263000+00:00,2026-01-07 06:32:34.864518+00:00,157.263,0.445,0.44,0.45,0.555,0.55,0.56,489.02,78.81,78.81,489.02,0.43,41.0,0.46,127.39,0.42,82.0,0.47,584.0,0.41,312.0,0.48,454.0,0.4,447.0,0.49,439.51,0.39,484.0,0.5,366.49,0.54,127.39,0.57,36.0,0.53,584.0,0.58,82.0,0.52,454.0,0.59,312.0,0.51,445.56,0.6,447.0,0.5,366.49,0.61,484.0
2026-01-07 06:32:38.477000+00:00,2026-01-07 06:32:35.886059+00:00,158.477,0.445,0.44,0.45,0.555,0.55,0.56,190.12,831.29,778.29,179.94,0.4,75.0,0.46,448.39,0.38,36.0,0.47,454.0,0.37,29.0,0.48,454.0,0.36,230.0,0.49,433.56,0.35,285.0,0.5,354.49,0.54,482.39,0.6,70.0,0.53,454.0,0.61,5.0,0.52,454.0,0.63,5.0,0.51,433.56,0.64,35.0,0.5,354.49,0.65,268.0
2026-01-07 06:32:39.486000+00:00,2026-01-07 06:32:36.891581+00:00,159.486,0.405,0.4,0.41,0.595,0.59,0.6,82.0,274.87,274.87,82.0,0.39,36.0,0.42,257.0,0.38,24.0,0.43,250.24,0.37,5.0,0.44,35.0,0.36,59.0,0.45,725.0,0.35,268.0,0.46,419.0,0.58,257.0,0.61,36.0,0.57,250.24,0.62,24.0,0.56,35.0,0.63,5.0,0.55,725.0,0.64,59.0,0.54,419.0,0.65,268.0
2026-01-07 06:32:40.444000+00:00,2026-01-07 06:32:37.896843+00:00,160.444,0.405,0.4,0.41,0.595,0.59,0.6,59.83,298.87,298.87,54.83,0.38,48.0,0.42,300.0,0.37,17.0,0.43,178.24,0.36,236.0,0.44,92.0,0.35,235.0,0.45,456.0,0.34,205.0,0.46,419.0,0.58,288.0,0.61,5.0,0.57,178.24,0.62,24.0,0.56,80.0,0.63,17.0,0.55,456.0,0.64,236.0,0.54,419.0,0.65,235.0
2026-01-07 06:32:41.488000+00:00,2026-01-07 06:32:38.901795+00:00,161.488,0.385,0.38,0.39,0.615,0.61,0.62,53.0,52.39,87.39,53.0,0.37,17.0,0.4,241.01,0.36,236.0,0.41,360.0,0.35,52.0,0.42,334.08,0.34,275.0,0.43,143.24,0.33,419.0,0.44,134.0,0.6,256.01,0.63,17.0,0.59,390.0,0.64,236.0,0.58,334.08,0.65,122.0,0.57,248.24,0.66,275.0,0.56,265.0,0.67,419.0
2026-01-07 06:32:42.411000+00:00,2026-01-07 06:32:39.906855+00:00,162.411,0.385,0.38,0.39,0.615,0.61,0.62,53.0,107.39,107.39,53.0,0.37,17.0,0.4,329.11,0.36,236.0,0.41,390.0,0.35,122.0,0.42,334.08,0.34,275.0,0.43,248.24,0.33,419.0,0.44,265.0,0.6,329.11,0.63,17.0,0.59,390.0,0.64,306.0,0.58,334.08,0.65,122.0,0.57,248.24,0.66,275.0,0.56,265.0,0.67,419.0
2026-01-07 06:32:43.504000+00:00,2026-01-07 06:32:40.915139+00:00,163.504,0.385,0.38,0.39,0.615,0.61,0.62,12.0,104.82,104.82,12.0,0.37,22.0,0.4,329.11,0.36,294.0,0.41,378.0,0.35,122.0,0.42,286.08,0.34,275.0,0.43,248.24,0.33,419.0,0.44,265.0,0.6,329.11,0.63,22.0,0.59,378.0,0.64,294.0,0.58,286.08,0.65,122.0,0.57,248.24,0.66,275.0,0.56,265.0,0.67,419.0
2026-01-07 06:32:44.410000+00:00,2026-01-07 06:32:41.919672+00:00,164.41,0.385,0.38,0.39,0.615,0.61,0.62,12.0,114.82,114.82,12.0,0.37,34.0,0.4,377.11,0.36,318.0,0.41,614.0,0.35,134.0,0.42,286.08,0.34,275.0,0.43,248.24,0.33,419.0,0.44,277.0,0.6,377.11,0.63,34.0,0.59,684.0,0.64,318.0,0.58,356.08,0.65,134.0,0.57,248.24,0.66,275.0,0.56,277.0,0.67,419.0
2026-01-07 06:32:45.493000+00:00,2026-01-07 06:32:42.926592+00:00,165.493,0.375,0.37,0.38,0.625,0.62,0.63,17.0,95.0,95.0,22.0,0.36,318.0,0.39,106.82,0.35,122.0,0.4,358.11,0.34,275.0,0.41,672.0,0.33,431.0,0.42,356.08,0.32,428.99,0.43,213.24,0.61,106.82,0.64,318.0,0.6,358.11,0.65,122.0,0.59,672.0,0.66,275.0,0.58,356.08,0.67,431.0,0.57,213.24,0.68,428.99
2026-01-07 06:32:46.374000+00:00,2026-01-07 06:32:43.949314+00:00,166.374,0.375,0.37,0.38,0.625,0.62,0.63,10.0,95.0,95.0,10.0,0.36,306.0,0.39,166.82,0.35,146.0,0.4,213.11,0.34,287.0,0.41,684.0,0.33,431.0,0.42,344.08,0.32,440.99,0.43,225.24,0.61,130.82,0.64,294.0,0.6,213.11,0.65,146.0,0.59,684.0,0.66,275.0,0.58,344.08,0.67,419.0,0.57,225.24,0.68,428.99
2026-01-07 06:32:47.404000+00:00,2026-01-07 06:32:44.955020+00:00,167.404,0.375,0.37,0.38,0.625,0.62,0.63,10.0,110.0,115.0,10.0,0.36,306.0,0.39,146.82,0.35,146.0,0.4,213.11,0.34,287.0,0.41,684.0,0.33,431.0,0.42,344.08,0.32,440.99,0.43,225.24,0.61,134.82,0.64,306.0,0.6,213.11,0.65,122.0,0.59,672.0,0.66,263.0,0.58,344.08,0.67,419.0,0.57,225.24,0.68,440.99
2026-01-07 06:32:48.498000+00:00,2026-01-07 06:32:45.964366+00:00,168.498,0.365,0.36,0.37,0.635,0.63,0.64,260.0,130.0,130.0,260.0,0.35,146.0,0.38,90.0,0.34,263.0,0.39,159.43,0.33,431.0,0.4,213.11,0.32,440.99,0.41,672.0,0.31,484.0,0.42,321.08,0.62,90.0,0.65,146.0,0.61,159.43,0.66,263.0,0.6,283.11,0.67,431.0,0.59,672.0,0.68,440.99,0.58,321.08,0.69,484.0
2026-01-07 06:32:49.472000+00:00,2026-01-07 06:32:46.971561+00:00,169.472,0.365,0.36,0.37,0.635,0.63,0.64,248.0,125.0,125.0,236.0,0.35,29.0,0.38,90.0,0.34,312.0,0.39,412.43,0.33,411.0,0.4,283.11,0.32,440.99,0.41,563.0,0.31,484.0,0.42,309.08,0.62,90.0,0.65,41.0,0.61,400.43,0.66,300.0,0.6,283.11,0.67,399.0,0.59,563.0,0.68,452.99,0.58,309.08,0.69,484.0
2026-01-07 06:32:50.368000+00:00,2026-01-07 06:32:47.978369+00:00,170.368,0.365,0.36,0.37,0.635,0.63,0.64,201.35,130.0,115.0,201.35,0.35,53.0,0.38,126.0,0.34,117.0,0.39,376.43,0.33,411.0,0.4,283.11,0.32,452.99,0.41,563.0,0.31,484.0,0.42,321.08,0.62,126.0,0.65,53.0,0.61,376.43,0.66,117.0,0.6,283.11,0.67,411.0,0.59,563.0,0.68,452.99,0.58,321.08,0.69,484.0
2026-01-07 06:32:51.573000+00:00,2026-01-07 06:32:48.983781+00:00,171.573,0.365,0.36,0.37,0.645,0.64,0.65,201.35,123.0,68.0,17.0,0.35,53.0,0.38,126.0,0.34,12.0,0.39,364.43,0.33,331.0,0.4,283.11,0.32,417.99,0.41,563.0,0.31,449.0,0.42,321.08,0.63,162.0,0.66,36.0,0.62,317.0,0.67,343.0,0.61,340.43,0.68,440.99,0.6,260.11,0.69,471.0,0.59,413.0,0.7,525.0
2026-01-07 06:32:52.571000+00:00,2026-01-07 06:32:49.989602+00:00,172.571,0.355,0.35,0.36,0.645,0.64,0.65,5.0,100.0,93.75,5.0,0.34,36.0,0.37,191.0,0.33,343.0,0.38,377.0,0.32,370.99,0.39,340.43,0.31,471.0,0.4,295.11,0.3,537.0,0.41,425.0,0.63,203.0,0.66,36.0,0.62,357.0,0.67,343.0,0.61,340.43,0.68,370.99,0.6,295.11,0.69,471.0,0.59,425.0,0.7,537.0
2026-01-07 06:32:53.547000+00:00,2026-01-07 06:32:50.996449+00:00,173.547,0.355,0.35,0.36,0.645,0.64,0.65,5.0,113.75,113.75,17.0,0.34,64.0,0.37,167.0,0.33,331.0,0.38,357.0,0.32,358.99,0.39,340.43,0.31,459.0,0.4,295.11,0.3,525.0,0.41,413.0,0.63,167.0,0.66,76.0,0.62,393.0,0.67,343.0,0.61,340.43,0.68,370.99,0.6,295.11,0.69,471.0,0.59,413.0,0.7,525.0
2026-01-07 06:32:54.590000+00:00,2026-01-07 06:32:52.003085+00:00,174.59,0.355,0.35,0.36,0.645,0.64,0.65,322.0,73.75,73.75,383.0,0.34,290.0,0.37,110.0,0.33,441.0,0.38,60.0,0.32,408.99,0.39,87.43,0.31,539.73,0.4,285.11,0.3,570.0,0.41,672.0,0.63,110.0,0.66,421.0,0.62,60.0,0.67,511.0,0.61,87.43,0.68,478.99,0.6,164.1,0.69,539.73,0.59,374.0,0.7,653.0
2026-01-07 06:32:55.582000+00:00,2026-01-07 06:32:52.994671+00:00,175.582,0.365,0.36,0.37,0.635,0.63,0.64,487.25,20.0,100.0,666.1,0.35,403.0,0.38,60.0,0.34,483.0,0.39,76.43,0.33,446.0,0.4,105.1,0.32,458.99,0.41,45.0,0.31,489.73,0.42,115.08,0.62,62.0,0.65,425.0,0.61,112.43,0.66,448.0,0.6,57.1,0.67,471.0,0.59,45.0,0.68,455.99,0.58,150.08,0.69,489.73
2026-01-07 06:32:56.606000+00:00,2026-01-07 06:32:54.006277+00:00,176.606,0.395,0.39,0.4,0.605,0.6,0.61,161.0,17.1,12.1,221.0,0.38,328.0,0.42,12.08,0.37,327.84,0.43,61.0,0.36,260.1,0.44,183.0,0.35,379.0,0.45,304.0,0.34,374.0,0.46,304.0,0.58,12.08,0.62,459.0,0.57,61.0,0.63,447.84,0.56,183.0,0.64,330.1,0.55,304.0,0.65,414.0,0.54,304.0,0.66,374.0
2026-01-07 06:32:57.611000+00:00,2026-01-07 06:32:55.027374+00:00,177.611,0.485,0.48,0.49,0.515,0.51,0.52,5.0,649.28,624.28,5.0,0.47,61.0,0.5,409.0,0.46,61.0,0.51,414.0,0.45,61.0,0.52,459.0,0.44,188.0,0.53,459.0,0.43,304.0,0.54,379.0,0.5,359.0,0.53,61.0,0.49,465.0,0.54,61.0,0.48,529.0,0.55,61.0,0.47,529.0,0.56,183.0,0.46,449.0,0.57,339.0
2026-01-07 06:32:58.602000+00:00,2026-01-07 06:32:56.035341+00:00,178.602,0.415,0.41,0.42,0.585,0.58,0.59,5.0,100.0,100.0,5.0,0.4,469.0,0.43,69.0,0.39,289.0,0.44,121.0,0.38,396.0,0.45,238.0,0.37,307.84,0.46,263.0,0.36,225.1,0.47,250.0,0.57,69.0,0.6,469.0,0.56,121.0,0.61,289.0,0.55,250.0,0.62,396.0,0.54,263.0,0.63,307.84,0.53,250.0,0.64,225.1
2026-01-07 06:32:59.638000+00:00,2026-01-07 06:32:57.060233+00:00,179.638,0.415,0.41,0.42,0.585,0.58,0.59,47.0,100.0,100.0,47.0,0.4,544.0,0.43,50.0,0.39,264.0,0.44,104.0,0.38,384.0,0.45,250.0,0.37,342.84,0.46,263.0,0.36,225.1,0.47,238.0,0.57,50.0,0.6,544.0,0.56,104.0,0.61,264.0,0.55,262.0,0.62,384.0,0.54,275.0,0.63,342.84,0.53,238.0,0.64,225.1
2026-01-07 06:33:00.657000+00:00,2026-01-07 06:32:58.067094+00:00,180.657,0.43,0.42,0.44,0.565,0.56,0.57,50.0,106.0,85.0,45.0,0.41,37.66,0.45,315.0,0.4,516.0,0.46,399.59,0.39,309.0,0.47,287.98,0.38,454.0,0.48,416.0,0.37,412.84,0.49,559.28,0.55,369.0,0.58,45.0,0.54,368.6,0.59,109.66,0.53,334.98,0.6,504.0,0.52,404.0,0.61,297.0,0.51,559.28,0.62,454.0
2026-01-07 06:33:01.668000+00:00,2026-01-07 06:32:59.077930+00:00,181.668,0.435,0.43,0.44,0.565,0.56,0.57,50.0,63.0,78.0,50.0,0.42,45.0,0.45,327.0,0.41,37.66,0.46,325.0,0.4,505.0,0.47,308.0,0.39,287.0,0.48,404.0,0.38,439.0,0.49,335.28,0.55,317.0,0.58,45.0,0.54,325.0,0.59,37.66,0.53,308.0,0.6,529.0,0.52,404.0,0.61,299.0,0.51,335.28,0.62,439.0
2026-01-07 06:33:02.662000+00:00,2026-01-07 06:33:00.085336+00:00,182.662,0.435,0.43,0.44,0.565,0.56,0.57,43.95,76.0,76.0,43.95,0.42,45.0,0.45,359.0,0.41,144.66,0.46,372.0,0.4,479.0,0.47,320.0,0.39,322.0,0.48,439.0,0.38,439.0,0.49,335.28,0.55,351.0,0.58,45.0,0.54,372.0,0.59,156.66,0.53,320.0,0.6,479.0,0.52,439.0,0.61,322.0,0.51,335.28,0.62,439.0
2026-01-07 06:33:03.671000+00:00,2026-01-07 06:33:01.107923+00:00,183.671,0.435,0.43,0.44,0.565,0.56,0.57,43.95,76.0,76.0,43.95,0.42,81.0,0.45,315.0,0.41,132.66,0.46,396.0,0.4,537.0,0.47,320.0,0.39,322.0,0.48,451.0,0.38,439.0,0.49,335.28,0.55,315.0,0.58,81.0,0.54,396.0,0.59,132.66,0.53,320.0,0.6,537.0,0.52,451.0,0.61,322.0,0.51,335.28,0.62,439.0
2026-01-07 06:33:04.639000+00:00,2026-01-07 06:33:02.112868+00:00,184.639,0.435,0.43,0.44,0.565,0.56,0.57,43.95,70.0,70.0,43.95,0.42,81.0,0.45,315.0,0.41,202.66,0.46,396.0,0.4,537.0,0.47,320.0,0.39,322.0,0.48,451.0,0.38,439.0,0.49,335.28,0.55,315.0,0.58,81.0,0.54,396.0,0.59,190.66,0.53,320.0,0.6,537.0,0.52,451.0,0.61,322.0,0.51,335.28,0.62,439.0
2026-01-07 06:33:05.707000+00:00,2026-01-07 06:33:03.139023+00:00,185.707,0.435,0.43,0.44,0.565,0.56,0.57,43.95,110.0,110.0,43.95,0.42,93.0,0.45,385.0,0.41,190.66,0.46,620.0,0.4,537.0,0.47,320.0,0.39,322.0,0.48,451.0,0.38,439.0,0.49,335.28,0.55,392.63,0.58,93.0,0.54,620.0,0.59,190.66,0.53,320.0,0.6,537.0,0.52,451.0,0.61,322.0,0.51,335.28,0.62,439.0
2026-01-07 06:33:06.657000+00:00,2026-01-07 06:33:04.145826+00:00,186.657,0.425,0.42,0.43,0.575,0.57,0.58,55.0,54.0,79.0,55.0,0.41,121.66,0.44,149.99,0.4,62.0,0.45,439.44,0.39,201.0,0.46,345.0,0.38,414.0,0.47,320.0,0.37,377.84,0.48,404.0,0.56,149.99,0.59,121.66,0.55,439.44,0.6,62.0,0.54,345.0,0.61,201.0,0.53,320.0,0.62,414.0,0.52,404.0,0.63,377.84
2026-01-07 06:33:07.736000+00:00,2026-01-07 06:33:05.152681+00:00,187.736,0.405,0.4,0.41,0.595,0.59,0.6,5.0,539.83,553.79,5.0,0.39,15.0,0.42,257.0,0.37,242.84,0.43,448.0,0.36,230.1,0.44,591.1,0.35,371.0,0.45,497.46,0.34,630.0,0.46,419.0,0.58,378.0,0.61,15.0,0.57,448.0,0.63,242.84,0.56,546.1,0.64,225.1,0.55,542.46,0.65,371.0,0.54,419.0,0.66,665.0
2026-01-07 06:33:08.734000+00:00,2026-01-07 06:33:06.158969+00:00,188.734,0.355,0.35,0.36,0.645,0.64,0.65,55.0,50.0,50.0,60.0,0.34,320.0,0.37,122.64,0.33,417.0,0.38,138.0,0.32,345.99,0.39,299.0,0.31,479.0,0.4,263.0,0.3,465.0,0.41,465.96,0.63,122.64,0.66,315.0,0.62,138.0,0.67,417.0,0.61,299.0,0.68,345.99,0.6,263.0,0.69,479.0,0.59,465.96,0.7,465.0
2026-01-07 06:33:09.723000+00:00,2026-01-07 06:33:07.165270+00:00,189.723,0.345,0.34,0.35,0.655,0.65,0.66,77.0,85.0,85.0,77.0,0.33,102.0,0.36,135.0,0.32,370.99,0.37,119.0,0.31,454.0,0.38,299.0,0.3,465.0,0.39,287.0,0.29,465.0,0.4,228.0,0.64,135.0,0.67,102.0,0.63,119.0,0.68,370.99,0.62,311.0,0.69,454.0,0.61,275.0,0.7,465.0,0.6,228.0,0.71,465.0
2026-01-07 06:33:10.761000+00:00,2026-01-07 06:33:08.168279+00:00,190.761,0.335,0.33,0.34,0.665,0.66,0.67,15.0,150.0,150.0,15.0,0.32,385.99,0.35,232.98,0.31,531.0,0.36,238.0,0.3,442.0,0.37,229.0,0.29,465.0,0.38,608.0,0.28,474.0,0.39,349.0,0.65,237.98,0.68,385.99,0.64,238.0,0.69,461.0,0.63,229.0,0.7,367.0,0.62,608.0,0.71,465.0,0.61,349.0,0.72,474.0
2026-01-07 06:33:11.790000+00:00,2026-01-07 06:33:09.173032+00:00,191.79,0.335,0.33,0.34,0.665,0.66,0.67,218.6,55.0,40.0,279.6,0.32,287.99,0.35,20.0,0.31,648.0,0.36,211.99,0.3,244.0,0.37,391.98,0.29,465.0,0.38,569.0,0.28,499.0,0.39,419.0,0.65,20.0,0.68,323.99,0.64,161.99,0.69,648.0,0.63,381.0,0.7,365.0,0.62,596.0,0.71,465.0,0.61,419.0,0.72,499.0
2026-01-07 06:33:12.676000+00:00,2026-01-07 06:33:10.180252+00:00,192.676,0.345,0.34,0.35,0.655,0.65,0.66,122.27,40.0,40.0,101.96,0.33,269.92,0.36,129.99,0.32,383.99,0.37,345.0,0.31,623.0,0.38,620.0,0.3,460.0,0.39,357.0,0.29,535.0,0.4,404.0,0.64,129.99,0.67,269.92,0.63,345.0,0.68,383.99,0.62,620.0,0.69,623.0,0.61,345.0,0.7,460.0,0.6,404.0,0.71,535.0
2026-01-07 06:33:13.776000+00:00,2026-01-07 06:33:11.199691+00:00,193.776,0.345,0.34,0.35,0.655,0.65,0.66,49.27,80.0,80.0,49.27,0.33,310.92,0.36,124.99,0.32,395.99,0.37,396.0,0.31,623.0,0.38,557.0,0.3,460.0,0.39,333.0,0.29,535.0,0.4,404.0,0.64,124.99,0.67,310.92,0.63,396.0,0.68,395.99,0.62,557.0,0.69,623.0,0.61,333.0,0.7,460.0,0.6,404.0,0.71,535.0
2026-01-07 06:33:14.678000+00:00,2026-01-07 06:33:12.204254+00:00,194.678,0.345,0.34,0.35,0.655,0.65,0.66,49.27,80.0,80.0,49.27,0.33,286.92,0.36,136.99,0.32,489.99,0.37,408.0,0.31,693.0,0.38,569.0,0.3,460.0,0.39,333.0,0.29,535.0,0.4,404.0,0.64,136.99,0.67,286.92,0.63,408.0,0.68,489.99,0.62,569.0,0.69,693.0,0.61,333.0,0.7,460.0,0.6,404.0,0.71,535.0
2026-01-07 06:33:15.806000+00:00,2026-01-07 06:33:13.212438+00:00,195.806,0.35,0.34,0.36,0.655,0.65,0.66,74.26,150.0,15.0,74.26,0.33,269.92,0.37,300.1,0.32,430.99,0.38,557.0,0.31,424.0,0.39,333.0,0.3,425.0,0.4,439.0,0.29,535.0,0.41,397.96,0.64,150.0,0.67,304.92,0.63,300.1,0.68,440.99,0.62,557.0,0.69,459.0,0.61,333.0,0.7,460.0,0.6,439.0,0.71,535.0
2026-01-07 06:33:16.774000+00:00,2026-01-07 06:33:14.231801+00:00,196.774,0.35,0.34,0.36,0.655,0.65,0.66,94.26,150.0,15.0,94.26,0.33,340.92,0.37,312.1,0.32,440.99,0.38,569.0,0.31,459.0,0.39,345.0,0.3,460.0,0.4,439.0,0.29,535.0,0.41,397.96,0.64,150.0,0.67,340.92,0.63,312.1,0.68,440.99,0.62,569.0,0.69,459.0,0.61,345.0,0.7,460.0,0.6,439.0,0.71,535.0
2026-01-07 06:33:17.841000+00:00,2026-01-07 06:33:15.251623+00:00,197.841,0.345,0.34,0.35,0.655,0.65,0.66,5.0,85.0,85.0,5.0,0.33,212.92,0.36,110.0,0.32,334.99,0.37,312.1,0.31,459.0,0.38,581.0,0.3,460.0,0.39,357.0,0.29,535.0,0.4,439.0,0.64,110.0,0.67,212.92,0.63,312.1,0.68,334.99,0.62,581.0,0.69,459.0,0.61,357.0,0.7,460.0,0.6,439.0,0.71,535.0
2026-01-07 06:33:18.802000+00:00,2026-01-07 06:33:16.242338+00:00,198.802,0.345,0.34,0.35,0.655,0.65,0.66,5.0,105.0,70.0,31.99,0.33,197.92,0.36,125.0,0.32,334.99,0.37,297.1,0.31,459.0,0.38,581.0,0.3,460.0,0.39,357.0,0.29,535.0,0.4,439.0,0.64,110.0,0.67,180.92,0.63,312.1,0.68,334.99,0.62,569.0,0.69,459.0,0.61,369.0,0.7,460.0,0.6,439.0,0.71,535.0
2026-01-07 06:33:19.835000+00:00,2026-01-07 06:33:17.249790+00:00,199.835,0.335,0.33,0.34,0.665,0.66,0.67,49.07,70.0,105.0,44.0,0.32,661.98,0.35,100.0,0.31,471.0,0.36,136.0,0.3,460.0,0.37,298.1,0.29,535.0,0.38,593.0,0.28,464.0,0.39,333.0,0.65,80.0,0.68,651.98,0.64,126.0,0.69,446.0,0.63,298.1,0.7,460.0,0.62,593.0,0.71,535.0,0.61,298.0,0.72,464.0
2026-01-07 06:33:20.705000+00:00,2026-01-07 06:33:18.255581+00:00,200.705,0.335,0.33,0.34,0.665,0.66,0.67,126.0,50.0,15.0,126.0,0.32,631.99,0.35,120.0,0.31,434.0,0.36,195.0,0.3,460.0,0.37,334.1,0.29,535.0,0.38,593.0,0.28,499.0,0.39,298.0,0.65,110.0,0.68,596.99,0.64,160.0,0.69,424.0,0.63,299.1,0.7,425.0,0.62,593.0,0.71,535.0,0.61,298.0,0.72,464.0
2026-01-07 06:33:21.714000+00:00,2026-01-07 06:33:19.263715+00:00,201.714,0.335,0.33,0.34,0.665,0.66,0.67,161.0,15.0,20.0,161.0,0.32,606.99,0.35,125.0,0.31,459.0,0.36,195.0,0.3,460.0,0.37,309.1,0.29,535.0,0.38,593.0,0.28,464.0,0.39,333.0,0.65,125.0,0.68,606.99,0.64,160.0,0.69,459.0,0.63,299.1,0.7,460.0,0.62,593.0,0.71,535.0,0.61,333.0,0.72,464.0
2026-01-07 06:33:22.822000+00:00,2026-01-07 06:33:20.272654+00:00,202.822,0.335,0.33,0.34,0.665,0.66,0.67,131.0,30.0,30.0,131.0,0.32,621.98,0.35,160.0,0.31,459.0,0.36,170.0,0.3,460.0,0.37,334.1,0.29,535.0,0.38,593.0,0.28,464.0,0.39,333.0,0.65,160.0,0.68,621.98,0.64,170.0,0.69,459.0,0.63,334.1,0.7,460.0,0.62,593.0,0.71,535.0,0.61,333.0,0.72,464.0
2026-01-07 06:33:23.849000+00:00,2026-01-07 06:33:21.279419+00:00,203.849,0.335,0.33,0.34,0.665,0.66,0.67,141.0,55.0,30.0,141.0,0.32,626.99,0.35,120.0,0.31,459.0,0.36,170.0,0.3,460.0,0.37,334.1,0.29,535.0,0.38,593.0,0.28,464.0,0.39,333.0,0.65,120.0,0.68,626.99,0.64,170.0,0.69,459.0,0.63,334.1,0.7,460.0,0.62,593.0,0.71,535.0,0.61,333.0,0.72,464.0
2026-01-07 06:33:24.336000+00:00,2026-01-07 06:33:22.287616+00:00,204.336,0.335,0.33,0.34,0.665,0.66,0.67,141.0,45.0,10.0,176.0,0.32,626.99,0.35,120.0,0.31,459.0,0.36,170.0,0.3,460.0,0.37,334.1,0.29,535.0,0.38,593.0,0.28,464.0,0.39,333.0,0.65,140.0,0.68,606.99,0.64,155.0,0.69,459.0,0.63,349.1,0.7,460.0,0.62,593.0,0.71,535.0,0.61,333.0,0.72,464.0
2026-01-07 06:33:25.721000+00:00,2026-01-07 06:33:23.307072+00:00,205.721,0.33999999999999997,0.33,0.35,0.66,0.65,0.67,234.0,139.34,139.34,234.0,0.32,558.99,0.36,155.0,0.31,459.0,0.37,313.1,0.3,460.0,0.38,593.0,0.29,535.0,0.39,369.0,0.28,464.0,0.4,404.0,0.64,155.0,0.68,558.99,0.63,313.1,0.69,459.0,0.62,593.0,0.7,460.0,0.61,369.0,0.71,535.0,0.6,404.0,0.72,464.0
2026-01-07 06:33:26.780000+00:00,2026-01-07 06:33:24.313834+00:00,206.78,0.33999999999999997,0.33,0.35,0.66,0.65,0.67,234.0,134.34,134.34,234.0,0.32,558.99,0.36,160.0,0.31,459.0,0.37,349.1,0.3,460.0,0.38,569.0,0.29,535.0,0.39,357.0,0.28,553.0,0.4,404.0,0.64,160.0,0.68,558.99,0.63,349.1,0.69,459.0,0.62,569.0,0.7,460.0,0.61,357.0,0.71,535.0,0.6,404.0,0.72,553.0
2026-01-07 06:33:27.911000+00:00,2026-01-07 06:33:25.321055+00:00,207.911,0.335,0.33,0.34,0.665,0.66,0.67,35.0,85.0,85.0,40.0,0.32,678.98,0.35,64.34,0.31,459.0,0.36,207.0,0.3,460.0,0.37,261.1,0.29,535.0,0.38,581.0,0.28,464.0,0.39,333.0,0.65,64.34,0.68,673.98,0.64,243.0,0.69,483.0,0.63,273.1,0.7,460.0,0.62,581.0,0.71,535.0,0.61,333.0,0.72,464.0
2026-01-07 06:33:28.901000+00:00,2026-01-07 06:33:26.309888+00:00,208.901,0.325,0.32,0.33,0.675,0.67,0.68,209.99,15.0,68.0,197.99,0.31,353.0,0.34,162.0,0.3,456.99,0.35,201.34,0.29,500.0,0.36,303.0,0.28,553.0,0.37,251.1,0.27,471.0,0.38,333.0,0.66,193.0,0.69,349.0,0.65,218.34,0.7,561.99,0.64,326.0,0.71,559.0,0.63,286.1,0.72,499.0,0.62,333.0,0.73,506.0
2026-01-07 06:33:29.865000+00:00,2026-01-07 06:33:27.316347+00:00,209.865,0.325,0.32,0.33,0.675,0.67,0.68,211.98,15.0,15.0,211.98,0.31,109.0,0.34,145.0,0.3,395.0,0.35,322.34,0.29,460.0,0.36,426.0,0.28,499.0,0.37,298.1,0.27,599.0,0.38,357.0,0.66,145.0,0.69,109.0,0.65,337.34,0.7,395.0,0.64,411.0,0.71,460.0,0.63,298.1,0.72,499.0,0.62,357.0,0.73,599.0
2026-01-07 06:33:30.899000+00:00,2026-01-07 06:33:28.323139+00:00,210.899,0.325,0.32,0.33,0.675,0.67,0.68,211.98,15.0,15.0,211.98,0.31,109.0,0.34,105.0,0.3,395.0,0.35,328.0,0.29,460.0,0.36,426.0,0.28,499.0,0.37,298.1,0.27,599.0,0.38,357.0,0.66,105.0,0.69,109.0,0.65,328.0,0.7,395.0,0.64,426.0,0.71,460.0,0.63,298.1,0.72,499.0,0.62,357.0,0.73,599.0
2026-01-07 06:33:31.833000+00:00,2026-01-07 06:33:29.331391+00:00,211.833,0.325,0.32,0.33,0.675,0.67,0.68,33.16,123.51,123.51,31.01,0.31,145.0,0.34,148.0,0.3,479.0,0.35,350.0,0.29,472.0,0.36,387.0,0.28,499.0,0.37,286.1,0.27,506.0,0.38,333.0,0.66,148.0,0.69,145.0,0.65,350.0,0.7,479.0,0.64,387.0,0.71,472.0,0.63,286.1,0.72,499.0,0.62,333.0,0.73,506.0
2026-01-07 06:33:32.933000+00:00,2026-01-07 06:33:30.355982+00:00,212.933,0.325,0.32,0.33,0.675,0.67,0.68,31.01,83.51,83.51,29.5,0.31,140.0,0.34,148.0,0.3,773.0,0.35,350.0,0.29,472.0,0.36,387.0,0.28,499.0,0.37,286.1,0.27,506.0,0.38,333.0,0.66,148.0,0.69,140.0,0.65,350.0,0.7,773.0,0.64,387.0,0.71,472.0,0.63,286.1,0.72,499.0,0.62,333.0,0.73,506.0
2026-01-07 06:33:33.883000+00:00,2026-01-07 06:33:31.362543+00:00,213.883,0.325,0.32,0.33,0.675,0.67,0.68,60.0,105.0,105.0,60.0,0.31,213.66,0.34,45.0,0.3,731.0,0.35,411.0,0.29,460.0,0.36,350.0,0.28,499.0,0.37,310.1,0.27,564.0,0.38,333.0,0.66,45.0,0.69,213.66,0.65,411.0,0.7,731.0,0.64,350.0,0.71,460.0,0.63,310.1,0.72,499.0,0.62,333.0,0.73,564.0
2026-01-07 06:33:34.810000+00:00,2026-01-07 06:33:32.350953+00:00,214.81,0.325,0.32,0.33,0.675,0.67,0.68,253.5,20.0,20.0,253.5,0.31,86.18,0.34,85.0,0.3,699.0,0.35,348.0,0.29,460.0,0.36,377.0,0.28,499.0,0.37,310.1,0.27,579.0,0.38,369.0,0.66,85.0,0.69,86.18,0.65,348.0,0.7,699.0,0.64,377.0,0.71,460.0,0.63,310.1,0.72,499.0,0.62,369.0,0.73,579.0
2026-01-07 06:33:35.936000+00:00,2026-01-07 06:33:33.357701+00:00,215.936,0.325,0.32,0.33,0.675,0.67,0.68,60.0,105.0,105.0,75.0,0.31,213.66,0.34,45.0,0.3,711.0,0.35,387.0,0.29,460.0,0.36,362.0,0.28,499.0,0.37,322.1,0.27,579.0,0.38,333.0,0.66,45.0,0.69,213.66,0.65,387.0,0.7,716.0,0.64,362.0,0.71,460.0,0.63,322.1,0.72,499.0,0.62,333.0,0.73,579.0
2026-01-07 06:33:36.890000+00:00,2026-01-07 06:33:34.382292+00:00,216.89,0.325,0.32,0.33,0.675,0.67,0.68,60.0,105.0,105.0,60.0,0.31,213.66,0.34,45.0,0.3,716.0,0.35,204.0,0.29,460.0,0.36,362.0,0.28,499.0,0.37,546.1,0.27,579.0,0.38,333.0,0.66,45.0,0.69,213.66,0.65,204.0,0.7,716.0,0.64,362.0,0.71,460.0,0.63,546.1,0.72,499.0,0.62,333.0,0.73,579.0
2026-01-07 06:33:37.661000+00:00,2026-01-07 06:33:35.386844+00:00,217.661,0.325,0.32,0.33,0.675,0.67,0.68,60.0,105.0,105.0,60.0,0.31,213.66,0.34,45.0,0.3,716.0,0.35,204.0,0.29,460.0,0.36,362.0,0.28,499.0,0.37,546.1,0.27,486.0,0.38,333.0,0.66,45.0,0.69,213.66,0.65,204.0,0.7,716.0,0.64,362.0,0.71,460.0,0.63,546.1,0.72,499.0,0.62,333.0,0.73,486.0
2026-01-07 06:33:38.811000+00:00,2026-01-07 06:33:36.393713+00:00,218.811,0.325,0.32,0.33,0.675,0.67,0.68,45.0,160.0,160.0,45.0,0.31,123.18,0.34,60.0,0.3,780.5,0.35,189.0,0.29,460.0,0.36,362.0,0.28,424.0,0.37,546.1,0.27,486.0,0.38,333.0,0.66,60.0,0.69,123.18,0.65,189.0,0.7,780.5,0.64,362.0,0.71,460.0,0.63,546.1,0.72,424.0,0.62,333.0,0.73,486.0
2026-01-07 06:33:39.966000+00:00,2026-01-07 06:33:37.398156+00:00,219.966,0.325,0.32,0.33,0.675,0.67,0.68,45.0,120.0,120.0,45.0,0.31,123.18,0.34,60.0,0.3,780.5,0.35,189.0,0.29,460.0,0.36,362.0,0.28,424.0,0.37,546.1,0.27,486.0,0.38,333.0,0.66,60.0,0.69,128.18,0.65,189.0,0.7,775.5,0.64,362.0,0.71,460.0,0.63,546.1,0.72,424.0,0.62,333.0,0.73,486.0
2026-01-07 06:33:40.878000+00:00,2026-01-07 06:33:38.407153+00:00,220.878,0.325,0.32,0.33,0.675,0.67,0.68,45.0,120.0,120.0,45.0,0.31,218.66,0.34,60.0,0.3,711.0,0.35,189.0,0.29,460.0,0.36,362.0,0.28,424.0,0.37,322.1,0.27,486.0,0.38,333.0,0.66,60.0,0.69,213.66,0.65,189.0,0.7,711.0,0.64,362.0,0.71,460.0,0.63,322.1,0.72,424.0,0.62,333.0,0.73,486.0
2026-01-07 06:33:41.886000+00:00,2026-01-07 06:33:39.414223+00:00,221.886,0.325,0.32,0.33,0.675,0.67,0.68,60.0,105.0,105.0,60.0,0.31,213.66,0.34,45.0,0.3,716.0,0.35,204.0,0.29,460.0,0.36,362.0,0.28,424.0,0.37,322.1,0.27,486.0,0.38,333.0,0.66,45.0,0.69,213.66,0.65,204.0,0.7,716.0,0.64,362.0,0.71,460.0,0.63,322.1,0.72,424.0,0.62,333.0,0.73,486.0
2026-01-07 06:33:42.884000+00:00,2026-01-07 06:33:40.421231+00:00,222.884,0.325,0.32,0.33,0.675,0.67,0.68,15.0,125.0,145.0,15.0,0.31,179.53,0.34,55.0,0.3,686.0,0.35,204.0,0.29,460.0,0.36,387.0,0.28,424.0,0.37,322.1,0.27,521.0,0.38,298.0,0.66,55.0,0.69,179.53,0.65,204.0,0.7,686.0,0.64,387.0,0.71,460.0,0.63,322.1,0.72,424.0,0.62,298.0,0.73,521.0
2026-01-07 06:33:43.970000+00:00,2026-01-07 06:33:41.430011+00:00,223.97,0.32,0.31,0.33,0.6799999999999999,0.67,0.69,200.2,134.33,134.33,200.2,0.3,508.0,0.34,67.0,0.29,460.0,0.35,387.0,0.28,424.0,0.36,375.0,0.27,521.0,0.37,322.1,0.26,490.85,0.38,298.0,0.66,94.0,0.7,503.0,0.65,372.0,0.71,460.0,0.64,375.0,0.72,424.0,0.63,310.1,0.73,521.0,0.62,298.0,0.74,490.85
2026-01-07 06:33:45.008000+00:00,2026-01-07 06:33:42.440260+00:00,225.008,0.32,0.31,0.33,0.675,0.67,0.68,205.2,149.33,134.33,15.0,0.3,539.0,0.34,94.0,0.29,460.0,0.35,372.0,0.28,424.0,0.36,611.0,0.27,521.0,0.37,310.1,0.26,490.85,0.38,298.0,0.66,79.0,0.69,205.2,0.65,387.0,0.7,661.0,0.64,611.0,0.71,460.0,0.63,310.1,0.72,439.0,0.62,298.0,0.73,506.0
2026-01-07 06:33:46+00:00,2026-01-07 06:33:43.451566+00:00,226.0,0.32,0.31,0.33,0.6799999999999999,0.67,0.69,156.15,151.33,151.33,156.15,0.3,751.0,0.34,94.0,0.29,484.0,0.35,372.0,0.28,439.0,0.36,623.0,0.27,506.0,0.37,286.1,0.26,490.85,0.38,298.0,0.66,94.0,0.7,751.0,0.65,372.0,0.71,484.0,0.64,623.0,0.72,439.0,0.63,286.1,0.73,506.0,0.62,298.0,0.74,490.85
2026-01-07 06:33:47.043000+00:00,2026-01-07 06:33:44.455267+00:00,227.043,0.32,0.31,0.33,0.6799999999999999,0.67,0.69,180.15,151.33,139.33,180.15,0.3,568.0,0.34,94.0,0.29,460.0,0.35,360.0,0.28,439.0,0.36,635.0,0.27,506.0,0.37,286.1,0.26,490.85,0.38,298.0,0.66,82.0,0.7,556.0,0.65,360.0,0.71,460.0,0.64,635.0,0.72,439.0,0.63,286.1,0.73,506.0,0.62,298.0,0.74,490.85
2026-01-07 06:33:48.049000+00:00,2026-01-07 06:33:45.479851+00:00,228.049,0.32,0.31,0.33,0.6799999999999999,0.67,0.69,197.15,139.33,119.33,197.15,0.3,556.0,0.34,94.0,0.29,460.0,0.35,372.0,0.28,439.0,0.36,635.0,0.27,506.0,0.37,286.1,0.26,490.85,0.38,298.0,0.66,94.0,0.7,556.0,0.65,372.0,0.71,460.0,0.64,635.0,0.72,439.0,0.63,286.1,0.73,506.0,0.62,298.0,0.74,490.85
2026-01-07 06:33:49.543000+00:00,2026-01-07 06:33:47.497101+00:00,229.543,0.315,0.31,0.32,0.685,0.68,0.69,233.15,20.0,20.0,233.15,0.3,520.0,0.33,114.33,0.29,460.0,0.34,130.0,0.28,439.0,0.35,399.0,0.27,506.0,0.36,611.0,0.26,490.85,0.37,322.1,0.67,119.33,0.7,520.0,0.66,140.0,0.71,460.0,0.65,372.0,0.72,439.0,0.64,611.0,0.73,506.0,0.63,310.1,0.74,490.85
2026-01-07 06:33:50.647000+00:00,2026-01-07 06:33:48.504373+00:00,230.647,0.315,0.31,0.32,0.685,0.68,0.69,197.15,20.0,20.0,197.15,0.3,544.0,0.33,119.33,0.29,472.0,0.34,164.0,0.28,439.0,0.35,372.0,0.27,506.0,0.36,635.0,0.26,490.85,0.37,286.1,0.67,119.33,0.7,544.0,0.66,164.0,0.71,472.0,0.65,372.0,0.72,439.0,0.64,635.0,0.73,506.0,0.63,286.1,0.74,490.85
2026-01-07 06:33:52.074000+00:00,2026-01-07 06:33:49.511007+00:00,232.074,0.315,0.31,0.32,0.685,0.68,0.69,197.15,20.0,20.0,162.15,0.3,544.0,0.33,119.33,0.29,472.0,0.34,164.0,0.28,439.0,0.35,372.0,0.27,506.0,0.36,635.0,0.26,490.85,0.37,286.1,0.67,119.33,0.7,534.0,0.66,164.0,0.71,437.0,0.65,372.0,0.72,404.0,0.64,635.0,0.73,506.0,0.63,286.1,0.74,490.85
2026-01-07 06:33:53.050000+00:00,2026-01-07 06:33:50.515978+00:00,233.05,0.315,0.31,0.32,0.685,0.68,0.69,157.15,20.0,20.0,157.15,0.3,569.0,0.33,119.33,0.29,447.0,0.34,164.0,0.28,439.0,0.35,372.0,0.27,506.0,0.36,635.0,0.26,525.85,0.37,286.1,0.67,119.33,0.7,569.0,0.66,164.0,0.71,447.0,0.65,372.0,0.72,439.0,0.64,635.0,0.73,506.0,0.63,286.1,0.74,525.85
2026-01-07 06:33:54.981000+00:00,2026-01-07 06:33:52.515061+00:00,234.981,0.315,0.31,0.32,0.685,0.68,0.69,79.67,105.0,105.0,79.67,0.3,650.5,0.33,64.33,0.29,447.0,0.34,176.0,0.28,439.0,0.35,372.0,0.27,506.0,0.36,623.0,0.26,525.85,0.37,286.1,0.67,64.33,0.7,628.5,0.66,176.0,0.71,459.0,0.65,372.0,0.72,439.0,0.64,623.0,0.73,506.0,0.63,286.1,0.74,525.85
2026-01-07 06:33:56.046000+00:00,2026-01-07 06:33:53.520476+00:00,236.046,0.315,0.31,0.32,0.685,0.68,0.69,118.22,105.0,105.0,118.22,0.3,608.5,0.33,64.33,0.29,484.0,0.34,176.0,0.28,439.0,0.35,372.0,0.27,506.0,0.36,623.0,0.26,490.85,0.37,286.1,0.67,64.33,0.7,608.5,0.66,176.0,0.71,484.0,0.65,372.0,0.72,439.0,0.64,623.0,0.73,506.0,0.63,286.1,0.74,490.85
2026-01-07 06:33:57.047000+00:00,2026-01-07 06:33:54.512919+00:00,237.047,0.315,0.31,0.32,0.685,0.68,0.69,88.22,105.0,105.0,88.22,0.3,608.5,0.33,64.33,0.29,484.0,0.34,176.0,0.28,439.0,0.35,372.0,0.27,506.0,0.36,623.0,0.26,490.85,0.37,286.1,0.67,64.33,0.7,608.5,0.66,176.0,0.71,484.0,0.65,372.0,0.72,439.0,0.64,623.0,0.73,506.0,0.63,286.1,0.74,490.85
2026-01-07 06:33:58.106000+00:00,2026-01-07 06:33:55.519419+00:00,238.106,0.315,0.31,0.32,0.685,0.68,0.69,26.22,126.0,140.98,26.22,0.3,645.5,0.33,64.33,0.29,459.0,0.34,176.0,0.28,439.0,0.35,372.0,0.27,506.0,0.36,623.0,0.26,525.85,0.37,286.1,0.67,79.33,0.7,536.0,0.66,161.0,0.71,519.48,0.65,372.0,0.72,439.0,0.64,623.0,0.73,521.0,0.63,286.1,0.74,525.85
2026-01-07 06:33:59.104000+00:00,2026-01-07 06:33:56.526705+00:00,239.104,0.305,0.3,0.31,0.695,0.69,0.7,26.0,121.0,140.0,66.0,0.29,21.0,0.32,363.0,0.28,485.47,0.33,351.33,0.27,410.0,0.34,333.0,0.26,465.85,0.35,348.0,0.25,461.0,0.36,449.0,0.68,347.0,0.71,130.51,0.67,336.33,0.72,497.0,0.66,369.0,0.73,420.0,0.65,348.0,0.74,450.85,0.64,449.0,0.75,461.0
2026-01-07 06:34:00.124000+00:00,2026-01-07 06:33:57.533349+00:00,240.124,0.305,0.3,0.31,0.695,0.69,0.7,21.0,199.0,251.0,21.0,0.29,26.0,0.32,332.0,0.28,487.99,0.33,324.33,0.27,429.0,0.34,369.0,0.26,465.85,0.35,348.0,0.25,461.0,0.36,449.0,0.68,332.0,0.71,26.0,0.67,348.33,0.72,509.47,0.66,333.0,0.73,429.0,0.65,348.0,0.74,489.85,0.64,449.0,0.75,461.0
2026-01-07 06:34:01.124000+00:00,2026-01-07 06:33:58.538686+00:00,241.124,0.305,0.3,0.31,0.695,0.69,0.7,11.22,199.0,184.0,11.22,0.29,38.0,0.32,347.0,0.28,388.47,0.33,324.33,0.27,225.0,0.34,369.0,0.26,450.85,0.35,348.0,0.25,461.0,0.36,449.0,0.68,347.0,0.71,38.0,0.67,324.33,0.72,412.47,0.66,369.0,0.73,237.0,0.65,348.0,0.74,450.85,0.64,449.0,0.75,461.0
2026-01-07 06:34:02.975000+00:00,2026-01-07 06:34:00.551270+00:00,242.975,0.305,0.3,0.31,0.695,0.69,0.7,11.22,160.0,160.0,11.22,0.29,207.51,0.32,332.0,0.28,413.0,0.33,351.33,0.27,268.0,0.34,569.0,0.26,450.85,0.35,384.0,0.25,461.0,0.36,449.0,0.68,332.0,0.71,207.51,0.67,351.33,0.72,413.0,0.66,569.0,0.73,268.0,0.65,384.0,0.74,450.85,0.64,449.0,0.75,461.0
2026-01-07 06:34:04.140000+00:00,2026-01-07 06:34:01.575254+00:00,244.14,0.305,0.3,0.31,0.695,0.69,0.7,11.22,160.0,160.0,11.22,0.29,207.51,0.32,332.0,0.28,413.0,0.33,351.33,0.27,268.0,0.34,569.0,0.26,450.85,0.35,384.0,0.25,461.0,0.36,449.0,0.68,332.0,0.71,207.51,0.67,351.33,0.72,413.0,0.66,569.0,0.73,268.0,0.65,384.0,0.74,450.85,0.64,449.0,0.75,461.0
2026-01-07 06:34:05.142000+00:00,2026-01-07 06:34:02.580206+00:00,245.142,0.305,0.3,0.31,0.695,0.69,0.7,11.22,180.16,180.16,11.22,0.29,104.17,0.32,365.0,0.28,470.47,0.33,324.33,0.27,295.0,0.34,605.0,0.26,450.85,0.35,348.0,0.25,461.0,0.36,449.0,0.68,365.0,0.71,104.17,0.67,324.33,0.72,470.47,0.66,605.0,0.73,295.0,0.65,348.0,0.74,450.85,0.64,449.0,0.75,461.0
2026-01-07 06:34:06.097000+00:00,2026-01-07 06:34:04.581042+00:00,246.097,0.305,0.3,0.31,0.695,0.69,0.7,9.24,155.16,155.16,9.24,0.29,210.68,0.32,350.0,0.28,410.0,0.33,351.33,0.27,295.0,0.34,605.0,0.26,450.85,0.35,348.0,0.25,461.0,0.36,449.0,0.68,365.0,0.71,210.68,0.67,336.33,0.72,410.0,0.66,605.0,0.73,295.0,0.65,348.0,0.74,450.85,0.64,449.0,0.75,461.0
2026-01-07 06:34:08.131000+00:00,2026-01-07 06:34:05.587098+00:00,248.131,0.305,0.3,0.31,0.695,0.69,0.7,9.24,151.41,151.41,9.24,0.29,210.68,0.32,365.0,0.28,410.0,0.33,336.33,0.27,295.0,0.34,605.0,0.26,450.85,0.35,348.0,0.25,461.0,0.36,449.0,0.68,365.0,0.71,210.68,0.67,336.33,0.72,410.0,0.66,605.0,0.73,295.0,0.65,348.0,0.74,450.85,0.64,449.0,0.75,461.0
2026-01-07 06:34:09.169000+00:00,2026-01-07 06:34:06.593229+00:00,249.169,0.305,0.3,0.31,0.695,0.69,0.7,6.38,151.41,151.41,6.38,0.29,234.68,0.32,332.0,0.28,398.0,0.33,369.33,0.27,283.0,0.34,569.0,0.26,450.85,0.35,384.0,0.25,461.0,0.36,449.0,0.68,332.0,0.71,234.68,0.67,369.33,0.72,398.0,0.66,569.0,0.73,283.0,0.65,384.0,0.74,450.85,0.64,449.0,0.75,461.0
2026-01-07 06:34:10.916000+00:00,2026-01-07 06:34:08.598625+00:00,250.916,0.305,0.3,0.31,0.695,0.69,0.7,6.38,148.73,148.73,6.38,0.29,186.68,0.32,367.0,0.28,449.0,0.33,339.33,0.27,280.0,0.34,593.0,0.26,450.85,0.35,348.0,0.25,461.0,0.36,449.0,0.68,367.0,0.71,186.68,0.67,339.33,0.72,449.0,0.66,593.0,0.73,280.0,0.65,348.0,0.74,450.85,0.64,449.0,0.75,461.0
2026-01-07 06:34:12.208000+00:00,2026-01-07 06:34:09.618627+00:00,252.208,0.305,0.3,0.31,0.695,0.69,0.7,6.38,153.73,193.73,6.38,0.29,210.68,0.32,365.0,0.28,410.0,0.33,336.33,0.27,295.0,0.34,593.0,0.26,450.85,0.35,348.0,0.25,461.0,0.36,449.0,0.68,365.0,0.71,110.0,0.67,324.33,0.72,457.63,0.66,593.0,0.73,295.0,0.65,348.0,0.74,450.85,0.64,449.0,0.75,461.0
2026-01-07 06:34:13.168000+00:00,2026-01-07 06:34:10.620761+00:00,253.168,0.305,0.3,0.31,0.695,0.69,0.7,6.38,153.73,153.73,6.38,0.29,186.68,0.32,365.0,0.28,410.0,0.33,312.33,0.27,283.0,0.34,581.0,0.26,450.85,0.35,348.0,0.25,461.0,0.36,449.0,0.68,365.0,0.71,186.68,0.67,312.33,0.72,410.0,0.66,593.0,0.73,283.0,0.65,348.0,0.74,450.85,0.64,449.0,0.75,461.0
2026-01-07 06:34:14.205000+00:00,2026-01-07 06:34:11.629337+00:00,254.205,0.305,0.3,0.31,0.695,0.69,0.7,6.38,175.0,208.0,6.38,0.29,100.51,0.32,377.0,0.28,492.62,0.33,324.33,0.27,319.0,0.34,605.0,0.26,450.85,0.35,348.0,0.25,461.0,0.36,449.0,0.68,347.0,0.71,26.0,0.67,336.33,0.72,498.62,0.66,569.0,0.73,331.0,0.65,348.0,0.74,450.85,0.64,449.0,0.75,461.0
2026-01-07 06:34:15+00:00,2026-01-07 06:34:12.633785+00:00,255.0,0.305,0.3,0.31,0.695,0.69,0.7,6.38,210.0,160.0,18.38,0.29,26.0,0.32,347.0,0.28,486.62,0.33,360.33,0.27,343.0,0.34,557.0,0.26,462.85,0.35,348.0,0.25,461.0,0.36,449.0,0.68,353.0,0.71,174.68,0.67,336.33,0.72,446.0,0.66,593.0,0.73,283.0,0.65,360.0,0.74,450.85,0.64,449.0,0.75,461.0
2026-01-07 06:34:16.186000+00:00,2026-01-07 06:34:13.652988+00:00,256.186,0.305,0.3,0.31,0.695,0.69,0.7,18.38,160.0,160.0,18.38,0.29,210.68,0.32,338.0,0.28,425.0,0.33,351.33,0.27,268.0,0.34,569.0,0.26,450.85,0.35,372.0,0.25,461.0,0.36,449.0,0.68,338.0,0.71,210.68,0.67,351.33,0.72,425.0,0.66,569.0,0.73,268.0,0.65,384.0,0.74,450.85,0.64,449.0,0.75,461.0
2026-01-07 06:34:17.110000+00:00,2026-01-07 06:34:14.657187+00:00,257.11,0.305,0.3,0.31,0.695,0.69,0.7,18.38,160.0,160.0,18.38,0.29,198.68,0.32,326.0,0.28,389.0,0.33,339.33,0.27,268.0,0.34,569.0,0.26,450.85,0.35,384.0,0.25,461.0,0.36,461.0,0.68,326.0,0.71,198.68,0.67,339.33,0.72,389.0,0.66,569.0,0.73,268.0,0.65,384.0,0.74,450.85,0.64,461.0,0.75,461.0
2026-01-07 06:34:18.560000+00:00,2026-01-07 06:34:17.691617+00:00,258.56,0.305,0.3,0.31,0.695,0.69,0.7,6.38,343.0,343.0,6.38,0.29,186.68,0.32,365.0,0.28,446.0,0.33,336.33,0.27,283.0,0.34,593.0,0.26,267.85,0.35,360.0,0.25,461.0,0.36,449.0,0.68,365.0,0.71,186.68,0.67,336.33,0.72,446.0,0.66,593.0,0.73,283.0,0.65,360.0,0.74,267.85,0.64,449.0,0.75,461.0
2026-01-07 06:34:21.076000+00:00,2026-01-07 06:34:18.696746+00:00,261.076,0.305,0.3,0.31,0.695,0.69,0.7,0.45,343.0,343.0,0.45,0.29,174.68,0.32,377.0,0.28,446.0,0.33,324.33,0.27,295.0,0.34,605.0,0.26,267.85,0.35,348.0,0.25,461.0,0.36,449.0,0.68,377.0,0.71,174.68,0.67,324.33,0.72,446.0,0.66,605.0,0.73,295.0,0.65,348.0,0.74,267.85,0.64,449.0,0.75,461.0
2026-01-07 06:34:22.171000+00:00,2026-01-07 06:34:19.701605+00:00,262.171,0.305,0.3,0.31,0.695,0.69,0.7,0.45,343.0,343.0,0.45,0.29,174.68,0.32,377.0,0.28,446.0,0.33,324.33,0.27,295.0,0.34,605.0,0.26,267.85,0.35,348.0,0.25,461.0,0.36,449.0,0.68,377.0,0.71,179.68,0.67,324.33,0.72,446.0,0.66,605.0,0.73,295.0,0.65,348.0,0.74,267.85,0.64,449.0,0.75,461.0
2026-01-07 06:34:23.117000+00:00,2026-01-07 06:34:20.707409+00:00,263.117,0.305,0.3,0.31,0.695,0.69,0.7,0.45,343.0,343.0,0.45,0.29,203.68,0.32,362.0,0.28,449.0,0.33,339.33,0.27,268.0,0.34,581.0,0.26,267.85,0.35,372.0,0.25,461.0,0.36,449.0,0.68,362.0,0.71,203.68,0.67,339.33,0.72,449.0,0.66,581.0,0.73,268.0,0.65,372.0,0.74,267.85,0.64,449.0,0.75,461.0
2026-01-07 06:34:24.898000+00:00,2026-01-07 06:34:22.718704+00:00,264.898,0.305,0.3,0.31,0.695,0.69,0.7,0.45,339.77,339.77,0.45,0.29,161.68,0.32,365.0,0.28,452.0,0.33,336.33,0.27,307.0,0.34,605.0,0.26,267.85,0.35,348.0,0.25,461.0,0.36,449.0,0.68,365.0,0.71,149.68,0.67,336.33,0.72,452.0,0.66,605.0,0.73,307.0,0.65,348.0,0.74,267.85,0.64,449.0,0.75,461.0
2026-01-07 06:34:26.124000+00:00,2026-01-07 06:34:23.725781+00:00,266.124,0.305,0.3,0.31,0.695,0.69,0.7,204.07,239.77,239.77,189.07,0.29,142.0,0.32,381.0,0.28,389.0,0.33,351.33,0.27,268.0,0.34,581.0,0.26,267.85,0.35,372.0,0.25,461.0,0.36,473.0,0.68,381.0,0.71,142.0,0.67,351.33,0.72,389.0,0.66,581.0,0.73,268.0,0.65,372.0,0.74,267.85,0.64,473.0,0.75,461.0
2026-01-07 06:34:27.375000+00:00,2026-01-07 06:34:24.734730+00:00,267.375,0.305,0.3,0.31,0.695,0.69,0.7,149.07,239.77,239.77,124.07,0.29,142.0,0.32,405.0,0.28,437.0,0.33,351.33,0.27,268.0,0.34,593.0,0.26,267.85,0.35,360.0,0.25,461.0,0.36,449.0,0.68,405.0,0.71,142.0,0.67,351.33,0.72,437.0,0.66,593.0,0.73,268.0,0.65,360.0,0.74,267.85,0.64,449.0,0.75,461.0
2026-01-07 06:34:28.241000+00:00,2026-01-07 06:34:25.745981+00:00,268.241,0.305,0.3,0.31,0.695,0.69,0.7,116.07,239.77,251.77,116.07,0.29,118.0,0.32,393.0,0.28,425.0,0.33,327.33,0.27,268.0,0.34,581.0,0.26,267.85,0.35,348.0,0.25,461.0,0.36,449.0,0.68,417.0,0.71,118.0,0.67,339.33,0.72,437.0,0.66,593.0,0.73,292.0,0.65,348.0,0.74,267.85,0.64,449.0,0.75,461.0
2026-01-07 06:34:29.199000+00:00,2026-01-07 06:34:26.749565+00:00,269.199,0.305,0.3,0.31,0.695,0.69,0.7,116.07,251.77,251.77,116.07,0.29,142.0,0.32,393.0,0.28,437.0,0.33,351.33,0.27,268.0,0.34,593.0,0.26,267.85,0.35,360.0,0.25,461.0,0.36,449.0,0.68,393.0,0.71,137.0,0.67,351.33,0.72,437.0,0.66,593.0,0.73,268.0,0.65,360.0,0.74,267.85,0.64,449.0,0.75,461.0
2026-01-07 06:34:30.159000+00:00,2026-01-07 06:34:27.755820+00:00,270.159,0.305,0.3,0.31,0.695,0.69,0.7,116.07,239.77,239.77,116.07,0.29,157.0,0.32,405.0,0.28,422.0,0.33,336.33,0.27,268.0,0.34,608.0,0.26,267.85,0.35,360.0,0.25,461.0,0.36,449.0,0.68,405.0,0.71,157.0,0.67,336.33,0.72,422.0,0.66,608.0,0.73,268.0,0.65,360.0,0.74,267.85,0.64,449.0,0.75,461.0
2026-01-07 06:34:31.968000+00:00,2026-01-07 06:34:29.768302+00:00,271.968,0.31,0.3,0.32,0.69,0.68,0.7,118.92,430.0,430.0,118.92,0.29,199.0,0.33,311.33,0.28,385.0,0.34,608.0,0.27,293.0,0.35,360.0,0.26,450.85,0.36,484.0,0.25,461.0,0.37,372.1,0.67,311.33,0.71,199.0,0.66,608.0,0.72,385.0,0.65,360.0,0.73,293.0,0.64,484.0,0.74,450.85,0.63,372.1,0.75,461.0
2026-01-07 06:34:32.997000+00:00,2026-01-07 06:34:30.772776+00:00,272.997,0.31,0.3,0.32,0.69,0.68,0.7,118.92,237.0,237.0,118.92,0.29,184.0,0.33,311.33,0.28,400.0,0.34,608.0,0.27,476.0,0.35,360.0,0.26,450.85,0.36,484.0,0.25,461.0,0.37,372.1,0.67,311.33,0.71,184.0,0.66,608.0,0.72,400.0,0.65,360.0,0.73,476.0,0.64,484.0,0.74,450.85,0.63,372.1,0.75,461.0
2026-01-07 06:34:34.335000+00:00,2026-01-07 06:34:31.779905+00:00,274.335,0.31,0.3,0.32,0.69,0.68,0.7,128.92,237.0,237.0,128.92,0.29,269.0,0.33,311.33,0.28,385.0,0.34,608.0,0.27,476.0,0.35,360.0,0.26,450.85,0.36,484.0,0.25,461.0,0.37,372.1,0.67,311.33,0.71,269.0,0.66,608.0,0.72,385.0,0.65,360.0,0.73,476.0,0.64,484.0,0.74,450.85,0.63,372.1,0.75,461.0
2026-01-07 06:34:35.306000+00:00,2026-01-07 06:34:32.785642+00:00,275.306,0.31,0.3,0.32,0.69,0.68,0.7,126.92,237.0,359.0,118.92,0.29,264.0,0.33,311.33,0.28,385.0,0.34,584.0,0.27,476.0,0.35,360.0,0.26,450.85,0.36,484.0,0.25,461.0,0.37,372.1,0.67,311.33,0.71,264.0,0.66,584.0,0.72,390.0,0.65,384.0,0.73,476.0,0.64,484.0,0.74,450.85,0.63,372.1,0.75,461.0
2026-01-07 06:34:36.369000+00:00,2026-01-07 06:34:33.791524+00:00,276.369,0.31,0.3,0.32,0.69,0.68,0.7,118.92,420.0,420.0,118.92,0.29,249.0,0.33,311.33,0.28,400.0,0.34,584.0,0.27,293.0,0.35,384.0,0.26,267.85,0.36,484.0,0.25,461.0,0.37,372.1,0.67,311.33,0.71,254.0,0.66,584.0,0.72,400.0,0.65,384.0,0.73,293.0,0.64,484.0,0.74,267.85,0.63,372.1,0.75,461.0
2026-01-07 06:34:37.324000+00:00,2026-01-07 06:34:34.800098+00:00,277.324,0.305,0.3,0.31,0.695,0.69,0.7,10.48,80.0,80.0,10.48,0.29,315.51,0.32,385.0,0.28,418.0,0.33,326.33,0.27,293.0,0.34,569.0,0.26,267.85,0.35,384.0,0.25,461.0,0.36,484.0,0.68,385.0,0.71,315.51,0.67,326.33,0.72,418.0,0.66,569.0,0.73,293.0,0.65,384.0,0.74,267.85,0.64,484.0,0.75,461.0
2026-01-07 06:34:38.981000+00:00,2026-01-07 06:34:36.801187+00:00,278.981,0.305,0.3,0.31,0.695,0.69,0.7,5.0,132.0,132.0,5.0,0.29,250.51,0.32,362.0,0.28,420.0,0.33,299.33,0.27,356.0,0.34,593.0,0.26,267.85,0.35,348.0,0.25,461.0,0.36,484.0,0.68,362.0,0.71,250.51,0.67,299.33,0.72,420.0,0.66,593.0,0.73,356.0,0.65,348.0,0.74,267.85,0.64,484.0,0.75,461.0
2026-01-07 06:34:40.391000+00:00,2026-01-07 06:34:37.821657+00:00,280.391,0.3,0.29,0.31,0.7,0.69,0.71,289.51,113.0,108.55,270.48,0.28,415.0,0.32,347.0,0.27,308.0,0.33,326.33,0.26,267.85,0.34,569.0,0.25,461.0,0.35,384.0,0.24,469.0,0.36,484.0,0.68,347.0,0.72,415.0,0.67,326.33,0.73,308.0,0.66,569.0,0.74,267.85,0.65,384.0,0.75,461.0,0.64,484.0,0.76,469.0
2026-01-07 06:34:41.375000+00:00,2026-01-07 06:34:38.829049+00:00,281.375,0.31,0.3,0.32,0.69,0.68,0.7,187.79,416.0,416.0,172.79,0.29,218.97,0.33,326.33,0.28,364.0,0.34,581.0,0.27,293.0,0.35,360.0,0.26,267.85,0.36,505.0,0.25,461.0,0.37,372.1,0.67,326.33,0.71,218.97,0.66,581.0,0.72,364.0,0.65,360.0,0.73,293.0,0.64,505.0,0.74,267.85,0.63,372.1,0.75,461.0
2026-01-07 06:34:42.294000+00:00,2026-01-07 06:34:39.831272+00:00,282.294,0.31,0.3,0.32,0.69,0.68,0.7,132.79,420.68,432.68,132.79,0.29,218.97,0.33,314.33,0.28,388.0,0.34,569.0,0.27,293.0,0.35,384.0,0.26,267.85,0.36,481.0,0.25,461.0,0.37,372.1,0.67,326.33,0.71,242.97,0.66,569.0,0.72,388.0,0.65,384.0,0.73,293.0,0.64,469.0,0.74,267.85,0.63,372.1,0.75,461.0
2026-01-07 06:34:43.360000+00:00,2026-01-07 06:34:40.851174+00:00,283.36,0.305,0.3,0.31,0.695,0.69,0.7,132.79,16.76,16.76,132.79,0.29,213.97,0.32,439.68,0.28,417.0,0.33,326.33,0.27,293.0,0.34,581.0,0.26,267.85,0.35,372.0,0.25,461.0,0.36,469.0,0.68,439.68,0.71,213.97,0.67,326.33,0.72,412.0,0.66,581.0,0.73,293.0,0.65,372.0,0.74,267.85,0.64,469.0,0.75,461.0
2026-01-07 06:34:44.415000+00:00,2026-01-07 06:34:41.859651+00:00,284.415,0.305,0.3,0.31,0.695,0.69,0.7,130.79,16.76,16.76,165.79,0.29,218.97,0.32,439.68,0.28,412.0,0.33,311.33,0.27,293.0,0.34,596.0,0.26,267.85,0.35,372.0,0.25,461.0,0.36,469.0,0.68,439.68,0.71,188.97,0.67,311.33,0.72,437.0,0.66,596.0,0.73,293.0,0.65,372.0,0.74,267.85,0.64,469.0,0.75,426.0
2026-01-07 06:34:45.448000+00:00,2026-01-07 06:34:42.867720+00:00,285.448,0.305,0.3,0.31,0.695,0.69,0.7,35.0,198.76,198.76,35.0,0.29,207.48,0.32,366.68,0.28,445.0,0.33,299.33,0.27,356.0,0.34,593.0,0.26,267.85,0.35,348.0,0.25,426.0,0.36,469.0,0.68,366.68,0.71,207.48,0.67,299.33,0.72,445.0,0.66,593.0,0.73,356.0,0.65,348.0,0.74,267.85,0.64,469.0,0.75,426.0
2026-01-07 06:34:46.468000+00:00,2026-01-07 06:34:43.875508+00:00,286.468,0.305,0.3,0.31,0.695,0.69,0.7,35.0,149.76,149.76,35.0,0.29,231.48,0.32,378.68,0.28,445.0,0.33,311.33,0.27,332.0,0.34,593.0,0.26,267.85,0.35,348.0,0.25,426.0,0.36,469.0,0.68,378.68,0.71,231.48,0.67,311.33,0.72,440.0,0.66,593.0,0.73,332.0,0.65,348.0,0.74,267.85,0.64,469.0,0.75,426.0
2026-01-07 06:34:47.330000+00:00,2026-01-07 06:34:44.882445+00:00,287.33,0.305,0.3,0.31,0.695,0.69,0.7,35.0,271.76,271.76,35.0,0.29,236.48,0.32,366.68,0.28,416.0,0.33,299.33,0.27,308.0,0.34,569.0,0.26,267.85,0.35,469.0,0.25,426.0,0.36,469.0,0.68,366.68,0.71,236.48,0.67,299.33,0.72,416.0,0.66,569.0,0.73,308.0,0.65,469.0,0.74,267.85,0.64,469.0,0.75,426.0
2026-01-07 06:34:48.284000+00:00,2026-01-07 06:34:45.872641+00:00,288.284,0.295,0.29,0.3,0.705,0.7,0.71,180.48,148.0,148.0,180.48,0.28,440.0,0.31,367.76,0.27,162.0,0.32,341.68,0.26,267.85,0.33,336.33,0.25,278.0,0.34,581.0,0.24,504.0,0.35,493.0,0.69,367.76,0.72,440.0,0.68,341.68,0.73,162.0,0.67,336.33,0.74,267.85,0.66,581.0,0.75,278.0,0.65,493.0,0.76,504.0
2026-01-07 06:34:49.894000+00:00,2026-01-07 06:34:47.886809+00:00,289.894,0.295,0.29,0.3,0.705,0.7,0.71,132.48,148.0,148.0,132.48,0.28,440.0,0.31,391.76,0.27,210.0,0.32,341.68,0.26,267.85,0.33,324.33,0.25,278.0,0.34,593.0,0.24,504.0,0.35,469.0,0.69,391.76,0.72,440.0,0.68,341.68,0.73,210.0,0.67,324.33,0.74,267.85,0.66,593.0,0.75,278.0,0.65,469.0,0.76,504.0
2026-01-07 06:34:51.475000+00:00,2026-01-07 06:34:48.891759+00:00,291.475,0.295,0.29,0.3,0.705,0.7,0.71,127.48,153.0,153.0,127.48,0.28,445.0,0.31,386.76,0.27,210.0,0.32,341.68,0.26,267.85,0.33,324.33,0.25,278.0,0.34,593.0,0.24,504.0,0.35,469.0,0.69,386.76,0.72,445.0,0.68,341.68,0.73,210.0,0.67,324.33,0.74,267.85,0.66,593.0,0.75,278.0,0.65,469.0,0.76,504.0
2026-01-07 06:34:52.486000+00:00,2026-01-07 06:34:49.899138+00:00,292.486,0.295,0.29,0.3,0.705,0.7,0.71,76.15,137.93,142.93,106.15,0.28,440.0,0.31,386.76,0.27,210.0,0.32,341.68,0.26,267.85,0.33,324.33,0.25,278.0,0.34,593.0,0.24,504.0,0.35,469.0,0.69,386.76,0.72,440.0,0.68,341.68,0.73,210.0,0.67,324.33,0.74,267.85,0.66,593.0,0.75,278.0,0.65,469.0,0.76,504.0
2026-01-07 06:34:53.480000+00:00,2026-01-07 06:34:50.906480+00:00,293.48,0.295,0.29,0.3,0.705,0.7,0.71,106.15,142.93,142.93,106.15,0.28,440.0,0.31,386.76,0.27,210.0,0.32,341.68,0.26,267.85,0.33,324.33,0.25,278.0,0.34,593.0,0.24,504.0,0.35,469.0,0.69,386.76,0.72,440.0,0.68,341.68,0.73,210.0,0.67,324.33,0.74,267.85,0.66,593.0,0.75,278.0,0.65,469.0,0.76,504.0
2026-01-07 06:34:54.102000+00:00,2026-01-07 06:34:51.927320+00:00,294.102,0.295,0.29,0.3,0.705,0.7,0.71,104.74,142.93,142.93,104.74,0.28,440.0,0.31,386.76,0.27,210.0,0.32,341.68,0.26,267.85,0.33,324.33,0.25,278.0,0.34,593.0,0.24,504.0,0.35,469.0,0.69,386.76,0.72,440.0,0.68,341.68,0.73,210.0,0.67,324.33,0.74,267.85,0.66,593.0,0.75,278.0,0.65,469.0,0.76,504.0
2026-01-07 06:34:55.444000+00:00,2026-01-07 06:34:52.934499+00:00,295.444,0.295,0.29,0.3,0.705,0.7,0.71,99.74,142.93,142.93,99.74,0.28,440.0,0.31,386.76,0.27,210.0,0.32,341.68,0.26,267.85,0.33,324.33,0.25,278.0,0.34,593.0,0.24,504.0,0.35,469.0,0.69,386.76,0.72,445.0,0.68,341.68,0.73,210.0,0.67,324.33,0.74,267.85,0.66,593.0,0.75,278.0,0.65,469.0,0.76,504.0
2026-01-07 06:34:56.220000+00:00,2026-01-07 06:34:53.940008+00:00,296.22,0.295,0.29,0.3,0.705,0.7,0.71,104.74,142.93,142.93,104.74,0.28,440.0,0.31,386.76,0.27,210.0,0.32,341.68,0.26,267.85,0.33,324.33,0.25,278.0,0.34,593.0,0.24,504.0,0.35,469.0,0.69,386.76,0.72,440.0,0.68,341.68,0.73,210.0,0.67,324.33,0.74,267.85,0.66,593.0,0.75,278.0,0.65,469.0,0.76,504.0
2026-01-07 06:34:57.481000+00:00,2026-01-07 06:34:54.949216+00:00,297.481,0.295,0.29,0.3,0.705,0.7,0.71,94.74,142.93,137.93,194.83,0.28,450.0,0.31,386.76,0.27,210.0,0.32,341.68,0.26,267.85,0.33,324.33,0.25,278.0,0.34,593.0,0.24,504.0,0.35,469.0,0.69,199.76,0.72,369.0,0.68,388.0,0.73,293.0,0.67,341.33,0.74,389.85,0.66,595.98,0.75,400.0,0.65,481.0,0.76,469.0
2026-01-07 06:34:58.542000+00:00,2026-01-07 06:34:55.956097+00:00,298.542,0.3,0.29,0.31,0.7,0.69,0.71,189.51,156.76,131.76,189.51,0.28,400.0,0.32,390.0,0.27,305.0,0.33,326.33,0.26,450.85,0.34,605.0,0.25,461.0,0.35,348.0,0.24,469.0,0.36,469.0,0.68,390.0,0.72,424.0,0.67,326.33,0.73,317.0,0.66,605.0,0.74,450.85,0.65,348.0,0.75,461.0,0.64,469.0,0.76,469.0
2026-01-07 06:34:59.243000+00:00,2026-01-07 06:34:56.964124+00:00,299.243,0.3,0.29,0.31,0.7,0.69,0.71,154.51,155.76,155.76,172.51,0.28,435.0,0.32,390.0,0.27,341.0,0.33,314.33,0.26,450.85,0.34,593.0,0.25,461.0,0.35,348.0,0.24,469.0,0.36,469.0,0.68,390.0,0.72,417.0,0.67,314.33,0.73,341.0,0.66,593.0,0.74,450.85,0.65,348.0,0.75,461.0,0.64,469.0,0.76,469.0
2026-01-07 06:35:00.509000+00:00,2026-01-07 06:34:57.970705+00:00,300.509,0.305,0.3,0.31,0.695,0.69,0.7,166.47,66.76,66.76,166.47,0.29,106.0,0.32,378.0,0.28,401.0,0.33,381.33,0.27,268.0,0.34,569.0,0.26,450.85,0.35,396.0,0.25,461.0,0.36,434.0,0.68,378.0,0.71,111.0,0.67,381.33,0.72,401.0,0.66,569.0,0.73,268.0,0.65,396.0,0.74,450.85,0.64,434.0,0.75,461.0
2026-01-07 06:35:01.472000+00:00,2026-01-07 06:34:58.991810+00:00,301.472,0.305,0.3,0.31,0.695,0.69,0.7,152.33,66.76,66.76,152.33,0.29,118.0,0.32,383.87,0.28,406.0,0.33,381.33,0.27,268.0,0.34,569.0,0.26,450.85,0.35,396.0,0.25,461.0,0.36,434.0,0.68,401.87,0.71,106.0,0.67,363.33,0.72,406.0,0.66,557.0,0.73,268.0,0.65,372.0,0.74,450.85,0.64,434.0,0.75,461.0
2026-01-07 06:35:02.585000+00:00,2026-01-07 06:34:59.998014+00:00,302.585,0.305,0.3,0.31,0.695,0.69,0.7,53.0,130.3,142.3,41.95,0.29,146.51,0.32,370.87,0.28,430.0,0.33,351.33,0.27,268.0,0.34,581.0,0.26,450.85,0.35,360.0,0.25,461.0,0.36,434.0,0.68,382.87,0.71,146.51,0.67,339.33,0.72,442.0,0.66,593.0,0.73,292.0,0.65,348.0,0.74,450.85,0.64,434.0,0.75,461.0
2026-01-07 06:35:03.461000+00:00,2026-01-07 06:35:01.018275+00:00,303.461,0.3,0.29,0.31,0.7,0.69,0.71,156.51,187.3,187.3,156.51,0.28,442.0,0.32,382.87,0.27,292.0,0.33,339.33,0.26,450.85,0.34,593.0,0.25,461.0,0.35,348.0,0.24,504.0,0.36,434.0,0.68,382.87,0.72,442.0,0.67,339.33,0.73,292.0,0.66,593.0,0.74,450.85,0.65,348.0,0.75,461.0,0.64,434.0,0.76,504.0
2026-01-07 06:35:04.613000+00:00,2026-01-07 06:35:02.025495+00:00,304.613,0.3,0.29,0.31,0.7,0.69,0.71,156.51,181.83,181.83,156.51,0.28,442.0,0.32,382.87,0.27,292.0,0.33,339.33,0.26,450.85,0.34,593.0,0.25,461.0,0.35,348.0,0.24,504.0,0.36,434.0,0.68,370.87,0.72,442.0,0.67,339.33,0.73,292.0,0.66,593.0,0.74,450.85,0.65,348.0,0.75,461.0,0.64,434.0,0.76,504.0
2026-01-07 06:35:05.545000+00:00,2026-01-07 06:35:03.030425+00:00,305.545,0.305,0.3,0.31,0.695,0.69,0.7,45.0,124.83,124.83,45.0,0.29,146.51,0.32,382.87,0.28,437.0,0.33,339.33,0.27,292.0,0.34,605.0,0.26,450.85,0.35,348.0,0.25,461.0,0.36,434.0,0.68,382.87,0.71,146.51,0.67,339.33,0.72,437.0,0.66,605.0,0.73,292.0,0.65,348.0,0.74,450.85,0.64,434.0,0.75,461.0
2026-01-07 06:35:06.625000+00:00,2026-01-07 06:35:04.035065+00:00,306.625,0.305,0.3,0.31,0.655,0.65,0.66,563.47,15.0,15.0,127.34,0.29,353.0,0.32,5.87,0.28,459.0,0.35,30.0,0.27,476.0,0.36,15.0,0.26,450.85,0.38,333.0,0.25,526.0,0.39,340.0,0.64,15.0,0.69,129.09,0.63,115.0,0.7,524.48,0.62,95.0,0.71,404.0,0.61,355.0,0.72,429.0,0.6,335.0,0.73,426.0
2026-01-07 06:35:07.613000+00:00,2026-01-07 06:35:05.041865+00:00,307.613,0.355,0.35,0.36,0.645,0.64,0.65,111.0,254.0,212.0,106.0,0.34,304.0,0.37,82.0,0.33,563.0,0.38,253.0,0.32,338.0,0.39,338.0,0.31,531.5,0.4,444.0,0.3,408.0,0.41,402.96,0.63,106.0,0.66,309.0,0.62,217.0,0.67,563.0,0.61,338.0,0.68,314.0,0.6,444.0,0.69,519.5,0.59,402.96,0.7,408.0
