timestamp,collected_at,seconds,mid,bid,ask,asset
2026-01-06 08:45:00+00:00,2026-01-06 08:51:34.490078+00:00,0.0,3217.311,3217.18,3217.39,ETH
2026-01-06 08:45:01+00:00,2026-01-06 08:51:35.490230+00:00,1.0,3217.321,3217.18,3217.36,ETH
2026-01-06 08:45:02+00:00,2026-01-06 08:51:36.498881+00:00,2.0,3217.191,3217.14,3217.37,ETH
2026-01-06 08:45:03+00:00,2026-01-06 08:51:37.503010+00:00,3.0,3217.351,3217.31,3217.39,ETH
2026-01-06 08:45:04+00:00,2026-01-06 08:51:38.598486+00:00,4.0,3217.371,3217.33,3217.41,ETH
2026-01-06 08:45:05+00:00,2026-01-06 08:51:39.606722+00:00,5.0,3217.351,3217.31,3217.39,ETH
2026-01-06 08:45:06+00:00,2026-01-06 08:51:40.622113+00:00,6.0,3217.341,3217.3,3217.37,ETH
2026-01-06 08:45:07+00:00,2026-01-06 08:51:41.623425+00:00,7.0,3217.371,3217.33,3217.4,ETH
2026-01-06 08:45:08+00:00,2026-01-06 08:51:42.632116+00:00,8.0,3217.371,3217.36,3217.48,ETH
2026-01-06 08:45:09+00:00,2026-01-06 08:51:43.617784+00:00,9.0,3217.371,3217.36,3217.52,ETH
2026-01-06 08:45:10+00:00,2026-01-06 08:51:44.622028+00:00,10.0,3217.371,3217.36,3217.55,ETH
2026-01-06 08:45:11+00:00,2026-01-06 08:51:45.634084+00:00,11.0,3217.361,3217.36,3217.54,ETH
2026-01-06 08:45:12+00:00,2026-01-06 08:51:46.627143+00:00,12.0,3217.351,3217.31,3217.39,ETH
2026-01-06 08:45:13+00:00,2026-01-06 08:51:47.642475+00:00,13.0,3217.351,3217.33,3217.42,ETH
2026-01-06 08:45:14+00:00,2026-01-06 08:51:48.632485+00:00,14.0,3217.351,3217.34,3217.4,ETH
2026-01-06 08:45:15+00:00,2026-01-06 08:51:49.639304+00:00,15.0,3217.261,3217.23,3217.35,ETH
2026-01-06 08:45:16+00:00,2026-01-06 08:51:50.731871+00:00,16.0,3217.191,3217.15,3217.34,ETH
2026-01-06 08:45:17+00:00,2026-01-06 08:51:51.691694+00:00,17.0,3217.131,3217.09,3217.33,ETH
2026-01-06 08:45:18+00:00,2026-01-06 08:51:52.691794+00:00,18.0,3217.101,3217.06,3217.33,ETH
2026-01-06 08:45:19+00:00,2026-01-06 08:51:53.691520+00:00,19.0,3217.081,3217.04,3217.25,ETH
2026-01-06 08:45:20+00:00,2026-01-06 08:51:54.701441+00:00,20.0,3217.051,3217.01,3217.13,ETH
2026-01-06 08:45:21+00:00,2026-01-06 08:51:55.702204+00:00,21.0,3216.981,3216.9,3217.02,ETH
2026-01-06 08:45:22+00:00,2026-01-06 08:51:56.700496+00:00,22.0,3216.891,3216.81,3217.0,ETH
2026-01-06 08:45:23+00:00,2026-01-06 08:51:57.712771+00:00,23.0,3216.861,3216.83,3217.04,ETH
2026-01-06 08:45:24+00:00,2026-01-06 08:51:58.723618+00:00,24.0,3216.651,3216.59,3216.91,ETH
2026-01-06 08:45:25+00:00,2026-01-06 08:51:59.719209+00:00,25.0,3216.601,3216.59,3216.92,ETH
2026-01-06 08:45:26+00:00,2026-01-06 08:52:00.722059+00:00,26.0,3216.461,3216.45,3216.7,ETH
2026-01-06 08:45:27+00:00,2026-01-06 08:52:01.735389+00:00,27.0,3216.251,3216.19,3216.67,ETH
2026-01-06 08:45:28+00:00,2026-01-06 08:52:02.733875+00:00,28.0,3216.241,3216.19,3216.64,ETH
2026-01-06 08:45:29+00:00,2026-01-06 08:52:03.737627+00:00,29.0,3216.341,3216.19,3216.64,ETH
2026-01-06 08:45:30+00:00,2026-01-06 08:52:04.759701+00:00,30.0,3216.311,3216.19,3216.63,ETH
2026-01-06 08:45:31+00:00,2026-01-06 08:52:05.775824+00:00,31.0,3216.271,3216.19,3216.6,ETH
2026-01-06 08:45:32+00:00,2026-01-06 08:52:06.774596+00:00,32.0,3216.291,3216.19,3216.68,ETH
2026-01-06 08:45:33+00:00,2026-01-06 08:52:07.761151+00:00,33.0,3216.191,3216.19,3216.62,ETH
2026-01-06 08:45:34+00:00,2026-01-06 08:52:08.769094+00:00,34.0,3216.191,3216.19,3216.57,ETH
2026-01-06 08:45:35+00:00,2026-01-06 08:52:09.776009+00:00,35.0,3216.271,3216.19,3216.57,ETH
2026-01-06 08:45:36+00:00,2026-01-06 08:52:10.773964+00:00,36.0,3216.301,3216.19,3216.62,ETH
2026-01-06 08:45:37+00:00,2026-01-06 08:52:11.773282+00:00,37.0,3216.291,3216.19,3216.56,ETH
2026-01-06 08:45:38+00:00,2026-01-06 08:52:12.805690+00:00,38.0,3216.281,3216.19,3216.46,ETH
2026-01-06 08:45:39+00:00,2026-01-06 08:52:13.790271+00:00,39.0,3216.291,3216.19,3216.57,ETH
2026-01-06 08:45:40+00:00,2026-01-06 08:52:14.803651+00:00,40.0,3216.301,3216.19,3216.57,ETH
2026-01-06 08:45:41+00:00,2026-01-06 08:52:15.819578+00:00,41.0,3216.341,3216.19,3216.6,ETH
2026-01-06 08:45:42+00:00,2026-01-06 08:52:16.817411+00:00,42.0,3216.341,3216.19,3216.59,ETH
2026-01-06 08:45:43+00:00,2026-01-06 08:52:17.818762+00:00,43.0,3216.351,3216.19,3216.52,ETH
2026-01-06 08:45:44+00:00,2026-01-06 08:52:18.827415+00:00,44.0,3216.351,3216.19,3216.53,ETH
2026-01-06 08:45:45+00:00,2026-01-06 08:52:19.849284+00:00,45.0,3216.261,3216.17,3216.53,ETH
2026-01-06 08:45:46+00:00,2026-01-06 08:52:20.842890+00:00,46.0,3216.261,3216.17,3216.54,ETH
2026-01-06 08:45:47+00:00,2026-01-06 08:52:21.879335+00:00,47.0,3216.261,3216.19,3216.54,ETH
2026-01-06 08:45:48+00:00,2026-01-06 08:52:22.877233+00:00,48.0,3216.261,3216.19,3216.52,ETH
2026-01-06 08:45:49+00:00,2026-01-06 08:52:23.875820+00:00,49.0,3216.211,3216.19,3216.53,ETH
2026-01-06 08:45:50+00:00,2026-01-06 08:52:24.875398+00:00,50.0,3216.221,3216.19,3216.53,ETH
2026-01-06 08:45:51+00:00,2026-01-06 08:52:25.881944+00:00,51.0,3216.231,3216.19,3216.51,ETH
2026-01-06 08:45:52+00:00,2026-01-06 08:52:26.866524+00:00,52.0,3216.221,3216.16,3216.51,ETH
2026-01-06 08:45:53+00:00,2026-01-06 08:52:27.884547+00:00,53.0,3216.201,3216.19,3216.54,ETH
2026-01-06 08:45:54+00:00,2026-01-06 08:52:28.883533+00:00,54.0,3216.211,3216.19,3216.56,ETH
2026-01-06 08:45:55+00:00,2026-01-06 08:52:29.887592+00:00,55.0,3216.191,3216.19,3216.51,ETH
2026-01-06 08:45:56+00:00,2026-01-06 08:52:30.887623+00:00,56.0,3216.291,3216.18,3216.48,ETH
2026-01-06 08:45:57+00:00,2026-01-06 08:52:31.904361+00:00,57.0,3216.131,3216.0,3216.18,ETH
2026-01-06 08:45:58+00:00,2026-01-06 08:52:32.930086+00:00,58.0,3215.931,3215.85,3216.2,ETH
2026-01-06 08:45:59+00:00,2026-01-06 08:52:33.939523+00:00,59.0,3215.891,3215.85,3216.21,ETH
2026-01-06 08:46:00+00:00,2026-01-06 08:52:34.955051+00:00,60.0,3215.911,3215.89,3216.24,ETH
2026-01-06 08:46:01+00:00,2026-01-06 08:52:35.966310+00:00,61.0,3215.901,3215.89,3216.22,ETH
2026-01-06 08:46:02+00:00,2026-01-06 08:52:36.974107+00:00,62.0,3215.901,3215.89,3216.22,ETH
2026-01-06 08:46:03+00:00,2026-01-06 08:52:37.971415+00:00,63.0,3215.991,3215.99,3216.21,ETH
2026-01-06 08:46:04+00:00,2026-01-06 08:52:39.003288+00:00,64.0,3215.991,3215.99,3216.23,ETH
2026-01-06 08:46:05+00:00,2026-01-06 08:52:40.009117+00:00,65.0,3215.991,3215.99,3216.21,ETH
2026-01-06 08:46:06+00:00,2026-01-06 08:52:41.017593+00:00,66.0,3215.991,3215.99,3216.25,ETH
2026-01-06 08:46:07+00:00,2026-01-06 08:52:42.006622+00:00,67.0,3215.991,3215.99,3216.16,ETH
2026-01-06 08:46:08+00:00,2026-01-06 08:52:43.026602+00:00,68.0,3215.991,3215.99,3216.15,ETH
2026-01-06 08:46:09+00:00,2026-01-06 08:52:44.019570+00:00,69.0,3215.991,3215.99,3216.13,ETH
2026-01-06 08:46:10+00:00,2026-01-06 08:52:45.019741+00:00,70.0,3215.991,3215.99,3216.14,ETH
2026-01-06 08:46:11+00:00,2026-01-06 08:52:47.020952+00:00,71.0,3215.991,3215.99,3216.17,ETH
2026-01-06 08:46:12+00:00,2026-01-06 08:52:48.023329+00:00,72.0,3215.941,3215.93,3216.16,ETH
2026-01-06 08:46:13+00:00,2026-01-06 08:52:49.018523+00:00,73.0,3215.891,3215.88,3216.14,ETH
2026-01-06 08:46:14+00:00,2026-01-06 08:52:50.018414+00:00,74.0,3215.881,3215.88,3216.12,ETH
2026-01-06 08:46:15+00:00,2026-01-06 08:52:51.022016+00:00,75.0,3215.881,3215.88,3216.13,ETH
2026-01-06 08:46:16+00:00,2026-01-06 08:52:52.022377+00:00,76.0,3215.881,3215.88,3216.08,ETH
2026-01-06 08:46:17+00:00,2026-01-06 08:52:53.038371+00:00,77.0,3215.881,3215.88,3216.05,ETH
2026-01-06 08:46:18+00:00,2026-01-06 08:52:54.025620+00:00,78.0,3215.881,3215.88,3216.06,ETH
2026-01-06 08:46:19+00:00,2026-01-06 08:52:55.035273+00:00,79.0,3215.901,3215.88,3216.07,ETH
2026-01-06 08:46:20+00:00,2026-01-06 08:52:56.035663+00:00,80.0,3215.921,3215.88,3216.09,ETH
2026-01-06 08:46:21+00:00,2026-01-06 08:52:57.034591+00:00,81.0,3215.921,3215.88,3216.08,ETH
2026-01-06 08:46:22+00:00,2026-01-06 08:52:58.031585+00:00,82.0,3215.931,3215.88,3216.06,ETH
2026-01-06 08:46:23+00:00,2026-01-06 08:52:59.033871+00:00,83.0,3215.931,3215.88,3216.05,ETH
2026-01-06 08:46:24+00:00,2026-01-06 08:53:00.036926+00:00,84.0,3215.831,3215.64,3215.91,ETH
2026-01-06 08:46:25+00:00,2026-01-06 08:53:01.017771+00:00,85.0,3215.721,3215.51,3215.85,ETH
2026-01-06 08:46:26+00:00,2026-01-06 08:53:02.021991+00:00,86.0,3215.741,3215.66,3215.91,ETH
2026-01-06 08:46:27+00:00,2026-01-06 08:53:03.038516+00:00,87.0,3215.881,3215.72,3216.02,ETH
2026-01-06 08:46:28+00:00,2026-01-06 08:53:04.033461+00:00,88.0,3216.011,3215.84,3216.23,ETH
2026-01-06 08:46:29+00:00,2026-01-06 08:53:05.034417+00:00,89.0,3216.061,3215.96,3216.31,ETH
2026-01-06 08:46:30+00:00,2026-01-06 08:53:06.052069+00:00,90.0,3216.081,3215.97,3216.25,ETH
2026-01-06 08:46:31+00:00,2026-01-06 08:53:07.062770+00:00,91.0,3216.081,3215.98,3216.21,ETH
2026-01-06 08:46:32+00:00,2026-01-06 08:53:08.049998+00:00,92.0,3216.081,3215.98,3216.2,ETH
2026-01-06 08:46:33+00:00,2026-01-06 08:53:09.066700+00:00,93.0,3216.081,3215.98,3216.21,ETH
2026-01-06 08:46:34+00:00,2026-01-06 08:53:10.073442+00:00,94.0,3216.081,3215.97,3216.29,ETH
2026-01-06 08:46:35+00:00,2026-01-06 08:53:11.067160+00:00,95.0,3216.081,3215.97,3216.36,ETH
2026-01-06 08:46:36+00:00,2026-01-06 08:53:12.111385+00:00,96.0,3215.911,3215.57,3216.0,ETH
2026-01-06 08:46:37+00:00,2026-01-06 08:53:13.132168+00:00,97.0,3215.551,3215.55,3215.68,ETH
2026-01-06 08:46:38+00:00,2026-01-06 08:53:14.195946+00:00,98.0,3215.411,3215.38,3215.66,ETH
2026-01-06 08:46:39+00:00,2026-01-06 08:53:15.210420+00:00,99.0,3215.271,3215.25,3215.62,ETH
2026-01-06 08:46:40+00:00,2026-01-06 08:53:16.195972+00:00,100.0,3215.261,3215.23,3215.63,ETH
2026-01-06 08:46:41+00:00,2026-01-06 08:53:17.201143+00:00,101.0,3215.271,3215.21,3215.48,ETH
2026-01-06 08:46:42+00:00,2026-01-06 08:53:18.241866+00:00,102.0,3215.271,3215.21,3215.36,ETH
2026-01-06 08:46:43+00:00,2026-01-06 08:53:19.201539+00:00,103.0,3215.261,3215.21,3215.43,ETH
2026-01-06 08:46:44+00:00,2026-01-06 08:53:20.211454+00:00,104.0,3215.261,3215.23,3215.52,ETH
2026-01-06 08:46:45+00:00,2026-01-06 08:53:21.205442+00:00,105.0,3215.261,3215.25,3215.52,ETH
2026-01-06 08:46:46+00:00,2026-01-06 08:53:22.230186+00:00,106.0,3215.261,3215.25,3215.55,ETH
2026-01-06 08:46:47+00:00,2026-01-06 08:53:23.234410+00:00,107.0,3215.271,3215.24,3215.56,ETH
2026-01-06 08:46:48+00:00,2026-01-06 08:53:24.246721+00:00,108.0,3215.311,3215.24,3215.52,ETH
2026-01-06 08:46:49+00:00,2026-01-06 08:53:25.246103+00:00,109.0,3215.381,3215.25,3215.5,ETH
2026-01-06 08:46:50+00:00,2026-01-06 08:53:26.270192+00:00,110.0,3215.391,3215.25,3215.45,ETH
2026-01-06 08:46:51+00:00,2026-01-06 08:53:27.273083+00:00,111.0,3215.351,3215.25,3215.4,ETH
2026-01-06 08:46:52+00:00,2026-01-06 08:53:28.282755+00:00,112.0,3215.341,3215.25,3215.5,ETH
2026-01-06 08:46:53+00:00,2026-01-06 08:53:29.283552+00:00,113.0,3215.311,3215.25,3215.61,ETH
2026-01-06 08:46:54+00:00,2026-01-06 08:53:30.288882+00:00,114.0,3215.271,3215.25,3215.53,ETH
2026-01-06 08:46:55+00:00,2026-01-06 08:53:31.304103+00:00,115.0,3215.261,3215.25,3215.45,ETH
2026-01-06 08:46:56+00:00,2026-01-06 08:53:32.320517+00:00,116.0,3215.281,3215.25,3215.42,ETH
2026-01-06 08:46:57+00:00,2026-01-06 08:53:33.324463+00:00,117.0,3215.301,3215.25,3215.36,ETH
2026-01-06 08:46:58+00:00,2026-01-06 08:53:34.337289+00:00,118.0,3215.291,3215.25,3215.34,ETH
2026-01-06 08:46:59+00:00,2026-01-06 08:53:35.337353+00:00,119.0,3215.281,3215.25,3215.49,ETH
2026-01-06 08:47:00+00:00,2026-01-06 08:53:36.347399+00:00,120.0,3215.281,3215.27,3215.61,ETH
2026-01-06 08:47:01+00:00,2026-01-06 08:53:37.350297+00:00,121.0,3215.291,3215.29,3215.62,ETH
2026-01-06 08:47:02+00:00,2026-01-06 08:53:38.347645+00:00,122.0,3215.291,3215.29,3215.63,ETH
2026-01-06 08:47:03+00:00,2026-01-06 08:53:39.349607+00:00,123.0,3215.291,3215.29,3215.61,ETH
2026-01-06 08:47:04+00:00,2026-01-06 08:53:40.348676+00:00,124.0,3215.291,3215.29,3215.63,ETH
2026-01-06 08:47:05+00:00,2026-01-06 08:53:41.350376+00:00,125.0,3215.321,3215.29,3215.53,ETH
2026-01-06 08:47:06+00:00,2026-01-06 08:53:42.370214+00:00,126.0,3215.321,3215.29,3215.44,ETH
2026-01-06 08:47:07+00:00,2026-01-06 08:53:43.367296+00:00,127.0,3215.441,3215.37,3215.56,ETH
2026-01-06 08:47:08+00:00,2026-01-06 08:53:44.365103+00:00,128.0,3215.611,3215.49,3215.67,ETH
2026-01-06 08:47:09+00:00,2026-01-06 08:53:45.364006+00:00,129.0,3215.641,3215.57,3215.95,ETH
2026-01-06 08:47:10+00:00,2026-01-06 08:53:46.370338+00:00,130.0,3215.811,3215.64,3216.25,ETH
2026-01-06 08:47:11+00:00,2026-01-06 08:53:47.403367+00:00,131.0,3216.001,3215.73,3216.21,ETH
2026-01-06 08:47:12+00:00,2026-01-06 08:53:48.405813+00:00,132.0,3216.071,3215.81,3216.27,ETH
2026-01-06 08:47:13+00:00,2026-01-06 08:53:49.417401+00:00,133.0,3216.421,3216.13,3216.66,ETH
2026-01-06 08:47:14+00:00,2026-01-06 08:53:50.416582+00:00,134.0,3216.741,3216.53,3216.92,ETH
2026-01-06 08:47:15+00:00,2026-01-06 08:53:51.435562+00:00,135.0,3216.831,3216.71,3216.95,ETH
2026-01-06 08:47:16+00:00,2026-01-06 08:53:52.431118+00:00,136.0,3216.921,3216.82,3216.97,ETH
2026-01-06 08:47:17+00:00,2026-01-06 08:53:53.452346+00:00,137.0,3216.941,3216.83,3217.17,ETH
2026-01-06 08:47:18+00:00,2026-01-06 08:53:54.475550+00:00,138.0,3216.951,3216.83,3217.4,ETH
2026-01-06 08:47:19+00:00,2026-01-06 08:53:55.479223+00:00,139.0,3216.961,3216.83,3217.45,ETH
2026-01-06 08:47:20+00:00,2026-01-06 08:53:56.500849+00:00,140.0,3216.961,3216.83,3217.32,ETH
2026-01-06 08:47:21+00:00,2026-01-06 08:53:57.516901+00:00,141.0,3216.961,3216.84,3217.18,ETH
2026-01-06 08:47:22+00:00,2026-01-06 08:53:58.519140+00:00,142.0,3216.951,3216.84,3217.16,ETH
2026-01-06 08:47:23+00:00,2026-01-06 08:53:59.538304+00:00,143.0,3216.971,3216.89,3217.08,ETH
2026-01-06 08:47:24+00:00,2026-01-06 08:54:00.563275+00:00,144.0,3217.081,3216.89,3217.44,ETH
2026-01-06 08:47:25+00:00,2026-01-06 08:54:01.550828+00:00,145.0,3217.061,3216.89,3217.29,ETH
2026-01-06 08:47:26+00:00,2026-01-06 08:54:02.550958+00:00,146.0,3217.041,3216.89,3217.08,ETH
2026-01-06 08:47:27+00:00,2026-01-06 08:54:03.547331+00:00,147.0,3216.681,3216.67,3217.19,ETH
2026-01-06 08:47:28+00:00,2026-01-06 08:54:04.566986+00:00,148.0,3216.681,3216.67,3217.14,ETH
2026-01-06 08:47:29+00:00,2026-01-06 08:54:05.565339+00:00,149.0,3216.791,3216.67,3217.12,ETH
2026-01-06 08:47:30+00:00,2026-01-06 08:54:06.566941+00:00,150.0,3216.891,3216.71,3217.12,ETH
2026-01-06 08:47:31+00:00,2026-01-06 08:54:07.580208+00:00,151.0,3216.851,3216.78,3216.9,ETH
2026-01-06 08:47:32+00:00,2026-01-06 08:54:08.578228+00:00,152.0,3216.891,3216.78,3217.35,ETH
2026-01-06 08:47:33+00:00,2026-01-06 08:54:09.597545+00:00,153.0,3216.891,3216.78,3217.39,ETH
2026-01-06 08:47:34+00:00,2026-01-06 08:54:10.597718+00:00,154.0,3216.901,3216.85,3217.42,ETH
2026-01-06 08:47:35+00:00,2026-01-06 08:54:11.602938+00:00,155.0,3216.971,3216.84,3217.07,ETH
2026-01-06 08:47:36+00:00,2026-01-06 08:54:12.615742+00:00,156.0,3216.901,3216.83,3217.32,ETH
2026-01-06 08:47:37+00:00,2026-01-06 08:54:13.613894+00:00,157.0,3216.901,3216.82,3217.34,ETH
2026-01-06 08:47:38+00:00,2026-01-06 08:54:14.617151+00:00,158.0,3216.901,3216.82,3217.34,ETH
2026-01-06 08:47:39+00:00,2026-01-06 08:54:15.611508+00:00,159.0,3216.901,3216.83,3217.36,ETH
2026-01-06 08:47:40+00:00,2026-01-06 08:54:16.618731+00:00,160.0,3216.901,3216.83,3217.38,ETH
2026-01-06 08:47:41+00:00,2026-01-06 08:54:17.629916+00:00,161.0,3216.901,3216.83,3217.39,ETH
2026-01-06 08:47:42+00:00,2026-01-06 08:54:18.649824+00:00,162.0,3216.891,3216.83,3217.34,ETH
2026-01-06 08:47:43+00:00,2026-01-06 08:54:19.661870+00:00,163.0,3216.881,3216.79,3217.24,ETH
2026-01-06 08:47:44+00:00,2026-01-06 08:54:20.680601+00:00,164.0,3216.651,3216.5,3217.15,ETH
2026-01-06 08:47:45+00:00,2026-01-06 08:54:21.743875+00:00,165.0,3216.511,3216.5,3216.8,ETH
2026-01-06 08:47:46+00:00,2026-01-06 08:54:22.735997+00:00,166.0,3216.511,3216.5,3216.73,ETH
2026-01-06 08:47:47+00:00,2026-01-06 08:54:23.729794+00:00,167.0,3216.501,3216.5,3216.66,ETH
2026-01-06 08:47:48+00:00,2026-01-06 08:54:24.748779+00:00,168.0,3216.511,3216.46,3216.72,ETH
2026-01-06 08:47:49+00:00,2026-01-06 08:54:25.747137+00:00,169.0,3216.511,3216.46,3216.7,ETH
2026-01-06 08:47:50+00:00,2026-01-06 08:54:26.764867+00:00,170.0,3216.511,3216.46,3216.69,ETH
2026-01-06 08:47:51+00:00,2026-01-06 08:54:27.750528+00:00,171.0,3216.451,3216.37,3216.63,ETH
2026-01-06 08:47:52+00:00,2026-01-06 08:54:28.763566+00:00,172.0,3216.461,3216.34,3216.65,ETH
2026-01-06 08:47:53+00:00,2026-01-06 08:54:29.767798+00:00,173.0,3216.451,3216.32,3216.67,ETH
2026-01-06 08:47:54+00:00,2026-01-06 08:54:30.767344+00:00,174.0,3216.161,3216.13,3216.47,ETH
2026-01-06 08:47:55+00:00,2026-01-06 08:54:31.786610+00:00,175.0,3215.881,3215.7,3216.27,ETH
2026-01-06 08:47:56+00:00,2026-01-06 08:54:32.781157+00:00,176.0,3215.891,3215.62,3216.14,ETH
2026-01-06 08:47:57+00:00,2026-01-06 08:54:33.781183+00:00,177.0,3215.791,3215.6,3216.12,ETH
2026-01-06 08:47:58+00:00,2026-01-06 08:54:34.801039+00:00,178.0,3215.791,3215.6,3216.1,ETH
2026-01-06 08:47:59+00:00,2026-01-06 08:54:35.797235+00:00,179.0,3215.801,3215.5,3215.92,ETH
2026-01-06 08:48:00+00:00,2026-01-06 08:54:36.815913+00:00,180.0,3215.601,3215.5,3215.86,ETH
2026-01-06 08:48:01+00:00,2026-01-06 08:54:37.833415+00:00,181.0,3215.771,3215.71,3215.98,ETH
2026-01-06 08:48:02+00:00,2026-01-06 08:54:38.840469+00:00,182.0,3215.901,3215.76,3216.08,ETH
2026-01-06 08:48:03+00:00,2026-01-06 08:54:39.836654+00:00,183.0,3215.921,3215.76,3215.96,ETH
2026-01-06 08:48:04+00:00,2026-01-06 08:54:40.847344+00:00,184.0,3215.761,3215.76,3215.99,ETH
2026-01-06 08:48:05+00:00,2026-01-06 08:54:41.853266+00:00,185.0,3215.661,3215.4,3216.02,ETH
2026-01-06 08:48:06+00:00,2026-01-06 08:54:42.851463+00:00,186.0,3215.411,3215.4,3215.85,ETH
2026-01-06 08:48:07+00:00,2026-01-06 08:54:43.853193+00:00,187.0,3215.411,3215.31,3215.85,ETH
2026-01-06 08:48:08+00:00,2026-01-06 08:54:44.852030+00:00,188.0,3215.411,3215.31,3215.86,ETH
2026-01-06 08:48:09+00:00,2026-01-06 08:54:45.852094+00:00,189.0,3215.411,3215.39,3216.01,ETH
2026-01-06 08:48:10+00:00,2026-01-06 08:54:46.852147+00:00,190.0,3215.411,3215.38,3215.8,ETH
2026-01-06 08:48:11+00:00,2026-01-06 08:54:47.848469+00:00,191.0,3215.411,3215.37,3215.59,ETH
2026-01-06 08:48:12+00:00,2026-01-06 08:54:48.868273+00:00,192.0,3215.411,3215.37,3215.46,ETH
2026-01-06 08:48:13+00:00,2026-01-06 08:54:49.863673+00:00,193.0,3215.411,3215.39,3215.47,ETH
2026-01-06 08:48:14+00:00,2026-01-06 08:54:50.850912+00:00,194.0,3215.411,3215.4,3215.49,ETH
2026-01-06 08:48:15+00:00,2026-01-06 08:54:51.865204+00:00,195.0,3215.411,3215.38,3215.47,ETH
2026-01-06 08:48:16+00:00,2026-01-06 08:54:52.848521+00:00,196.0,3215.411,3215.39,3215.57,ETH
2026-01-06 08:48:17+00:00,2026-01-06 08:54:53.850278+00:00,197.0,3215.411,3215.4,3215.67,ETH
2026-01-06 08:48:18+00:00,2026-01-06 08:54:54.846717+00:00,198.0,3215.751,3215.43,3215.8,ETH
2026-01-06 08:48:19+00:00,2026-01-06 08:54:55.894902+00:00,199.0,3215.841,3215.69,3215.99,ETH
2026-01-06 08:48:20+00:00,2026-01-06 08:54:56.900705+00:00,200.0,3215.851,3215.73,3216.02,ETH
2026-01-06 08:48:21+00:00,2026-01-06 08:54:57.900616+00:00,201.0,3215.861,3215.76,3216.05,ETH
2026-01-06 08:48:22+00:00,2026-01-06 08:54:58.916668+00:00,202.0,3215.931,3215.76,3215.97,ETH
2026-01-06 08:48:23+00:00,2026-01-06 08:54:59.902841+00:00,203.0,3215.921,3215.76,3215.96,ETH
2026-01-06 08:48:24+00:00,2026-01-06 08:55:00.916782+00:00,204.0,3215.881,3215.76,3215.99,ETH
2026-01-06 08:48:25+00:00,2026-01-06 08:55:01.918493+00:00,205.0,3215.881,3215.8,3215.92,ETH
2026-01-06 08:48:26+00:00,2026-01-06 08:55:02.933661+00:00,206.0,3215.951,3215.8,3215.99,ETH
2026-01-06 08:48:27+00:00,2026-01-06 08:55:03.944051+00:00,207.0,3215.961,3215.8,3216.01,ETH
2026-01-06 08:48:28+00:00,2026-01-06 08:55:04.946579+00:00,208.0,3215.931,3215.79,3216.0,ETH
2026-01-06 08:48:29+00:00,2026-01-06 08:55:05.945621+00:00,209.0,3215.901,3215.79,3215.99,ETH
2026-01-06 08:48:30+00:00,2026-01-06 08:55:06.947860+00:00,210.0,3215.911,3215.74,3215.96,ETH
2026-01-06 08:48:31+00:00,2026-01-06 08:55:07.962709+00:00,211.0,3215.911,3215.75,3215.99,ETH
2026-01-06 08:48:32+00:00,2026-01-06 08:55:08.983641+00:00,212.0,3215.911,3215.75,3215.95,ETH
2026-01-06 08:48:33+00:00,2026-01-06 08:55:09.985443+00:00,213.0,3215.921,3215.75,3215.96,ETH
2026-01-06 08:48:34+00:00,2026-01-06 08:55:10.998707+00:00,214.0,3215.931,3215.75,3215.97,ETH
2026-01-06 08:48:35+00:00,2026-01-06 08:55:11.999551+00:00,215.0,3215.921,3215.76,3215.96,ETH
2026-01-06 08:48:36+00:00,2026-01-06 08:55:14.015924+00:00,216.0,3215.991,3215.83,3216.04,ETH
2026-01-06 08:48:37+00:00,2026-01-06 08:55:15.016392+00:00,217.0,3216.011,3215.87,3216.04,ETH
2026-01-06 08:48:38+00:00,2026-01-06 08:55:16.011585+00:00,218.0,3216.311,3216.24,3216.49,ETH
2026-01-06 08:48:39+00:00,2026-01-06 08:55:17.021895+00:00,219.0,3216.651,3216.6,3216.93,ETH
2026-01-06 08:48:40+00:00,2026-01-06 08:55:18.044832+00:00,220.0,3216.721,3216.61,3216.92,ETH
2026-01-06 08:48:41+00:00,2026-01-06 08:55:19.049099+00:00,221.0,3216.791,3216.62,3216.91,ETH
2026-01-06 08:48:42+00:00,2026-01-06 08:55:20.121916+00:00,222.0,3216.801,3216.63,3216.86,ETH
2026-01-06 08:48:43+00:00,2026-01-06 08:55:21.125572+00:00,223.0,3216.781,3216.65,3216.83,ETH
2026-01-06 08:48:45+00:00,2026-01-06 08:55:22.207294+00:00,225.0,3216.771,3216.65,3216.82,ETH
2026-01-06 08:48:46+00:00,2026-01-06 08:55:23.122664+00:00,226.0,3216.781,3216.65,3216.82,ETH
2026-01-06 08:48:47+00:00,2026-01-06 08:55:24.166637+00:00,227.0,3216.861,3216.65,3217.24,ETH
2026-01-06 08:48:48+00:00,2026-01-06 08:55:25.207138+00:00,228.0,3216.851,3216.65,3217.21,ETH
2026-01-06 08:48:49+00:00,2026-01-06 08:55:26.177794+00:00,229.0,3216.861,3216.65,3217.21,ETH
2026-01-06 08:48:50+00:00,2026-01-06 08:55:27.174416+00:00,230.0,3216.831,3216.65,3217.08,ETH
2026-01-06 08:48:51+00:00,2026-01-06 08:55:28.171122+00:00,231.0,3216.811,3216.65,3217.08,ETH
2026-01-06 08:48:52+00:00,2026-01-06 08:55:29.174696+00:00,232.0,3216.851,3216.68,3217.25,ETH
2026-01-06 08:48:53+00:00,2026-01-06 08:55:30.188846+00:00,233.0,3216.851,3216.68,3216.94,ETH
2026-01-06 08:48:54+00:00,2026-01-06 08:55:31.200061+00:00,234.0,3216.881,3216.68,3216.91,ETH
2026-01-06 08:48:55+00:00,2026-01-06 08:55:32.195787+00:00,235.0,3216.871,3216.69,3217.08,ETH
2026-01-06 08:48:56+00:00,2026-01-06 08:55:33.217492+00:00,236.0,3216.871,3216.68,3217.23,ETH
2026-01-06 08:48:57+00:00,2026-01-06 08:55:35.251162+00:00,237.0,3216.781,3216.68,3217.25,ETH
2026-01-06 08:48:58+00:00,2026-01-06 08:55:36.243395+00:00,238.0,3216.781,3216.69,3217.24,ETH
2026-01-06 08:48:59+00:00,2026-01-06 08:55:37.265312+00:00,239.0,3216.791,3216.7,3217.24,ETH
2026-01-06 08:49:00+00:00,2026-01-06 08:55:38.268075+00:00,240.0,3216.801,3216.7,3217.11,ETH
2026-01-06 08:49:01+00:00,2026-01-06 08:55:39.282113+00:00,241.0,3216.711,3216.57,3216.89,ETH
2026-01-06 08:49:02+00:00,2026-01-06 08:55:40.285977+00:00,242.0,3216.491,3216.37,3216.62,ETH
2026-01-06 08:49:03+00:00,2026-01-06 08:55:41.297423+00:00,243.0,3216.401,3216.24,3216.48,ETH
2026-01-06 08:49:04+00:00,2026-01-06 08:55:42.298293+00:00,244.0,3216.441,3216.18,3216.52,ETH
2026-01-06 08:49:05+00:00,2026-01-06 08:55:43.292389+00:00,245.0,3216.441,3216.19,3216.59,ETH
2026-01-06 08:49:06+00:00,2026-01-06 08:55:44.313854+00:00,246.0,3216.481,3216.28,3216.61,ETH
2026-01-06 08:49:07+00:00,2026-01-06 08:55:45.314289+00:00,247.0,3216.521,3216.36,3216.57,ETH
2026-01-06 08:49:08+00:00,2026-01-06 08:55:46.327818+00:00,248.0,3216.511,3216.36,3216.55,ETH
2026-01-06 08:49:09+00:00,2026-01-06 08:55:47.339619+00:00,249.0,3216.501,3216.37,3216.53,ETH
2026-01-06 08:49:10+00:00,2026-01-06 08:55:48.344610+00:00,250.0,3216.511,3216.37,3216.59,ETH
2026-01-06 08:49:11+00:00,2026-01-06 08:55:49.346272+00:00,251.0,3216.551,3216.37,3216.77,ETH
2026-01-06 08:49:12+00:00,2026-01-06 08:55:50.344869+00:00,252.0,3216.531,3216.37,3216.86,ETH
2026-01-06 08:49:13+00:00,2026-01-06 08:55:51.344447+00:00,253.0,3216.521,3216.37,3216.84,ETH
2026-01-06 08:49:14+00:00,2026-01-06 08:55:52.332548+00:00,254.0,3216.481,3216.33,3216.65,ETH
2026-01-06 08:49:15+00:00,2026-01-06 08:55:53.397688+00:00,255.0,3216.411,3216.3,3216.52,ETH
2026-01-06 08:49:16+00:00,2026-01-06 08:55:54.397482+00:00,256.0,3216.391,3216.31,3216.56,ETH
2026-01-06 08:49:17+00:00,2026-01-06 08:55:55.397625+00:00,257.0,3216.341,3216.23,3216.56,ETH
2026-01-06 08:49:18+00:00,2026-01-06 08:55:56.429875+00:00,258.0,3216.251,3216.15,3216.52,ETH
2026-01-06 08:49:19+00:00,2026-01-06 08:55:57.426208+00:00,259.0,3216.191,3216.15,3216.47,ETH
2026-01-06 08:49:20+00:00,2026-01-06 08:55:58.429690+00:00,260.0,3216.171,3216.15,3216.4,ETH
2026-01-06 08:49:21+00:00,2026-01-06 08:55:59.446215+00:00,261.0,3216.161,3216.14,3216.27,ETH
2026-01-06 08:49:22+00:00,2026-01-06 08:56:00.445056+00:00,262.0,3216.181,3216.15,3216.25,ETH
2026-01-06 08:49:23+00:00,2026-01-06 08:56:01.459122+00:00,263.0,3216.191,3216.17,3216.27,ETH
2026-01-06 08:49:24+00:00,2026-01-06 08:56:02.500064+00:00,264.0,3216.191,3216.18,3216.28,ETH
2026-01-06 08:49:25+00:00,2026-01-06 08:56:03.544010+00:00,265.0,3216.191,3216.18,3216.32,ETH
2026-01-06 08:49:26+00:00,2026-01-06 08:56:04.550173+00:00,266.0,3216.151,3216.08,3216.28,ETH
2026-01-06 08:49:27+00:00,2026-01-06 08:56:05.561974+00:00,267.0,3216.111,3216.04,3216.23,ETH
2026-01-06 08:49:28+00:00,2026-01-06 08:56:06.582855+00:00,268.0,3216.121,3216.1,3216.28,ETH
2026-01-06 08:49:29+00:00,2026-01-06 08:56:07.583070+00:00,269.0,3216.181,3216.07,3216.32,ETH
2026-01-06 08:49:30+00:00,2026-01-06 08:56:08.595992+00:00,270.0,3216.251,3216.09,3216.29,ETH
2026-01-06 08:49:31+00:00,2026-01-06 08:56:09.625220+00:00,271.0,3216.261,3216.17,3216.29,ETH
2026-01-06 08:49:32+00:00,2026-01-06 08:56:10.622733+00:00,272.0,3216.261,3216.18,3216.29,ETH
2026-01-06 08:49:33+00:00,2026-01-06 08:56:11.627000+00:00,273.0,3216.261,3216.19,3216.29,ETH
2026-01-06 08:49:34+00:00,2026-01-06 08:56:12.626107+00:00,274.0,3216.291,3216.23,3216.33,ETH
2026-01-06 08:49:35+00:00,2026-01-06 08:56:13.632752+00:00,275.0,3216.301,3216.25,3216.38,ETH
2026-01-06 08:49:36+00:00,2026-01-06 08:56:14.630938+00:00,276.0,3216.291,3216.26,3216.51,ETH
2026-01-06 08:49:37+00:00,2026-01-06 08:56:15.646719+00:00,277.0,3216.301,3216.26,3216.63,ETH
2026-01-06 08:49:38+00:00,2026-01-06 08:56:16.655996+00:00,278.0,3216.301,3216.25,3216.67,ETH
2026-01-06 08:49:39+00:00,2026-01-06 08:56:17.655811+00:00,279.0,3216.331,3216.26,3216.66,ETH
2026-01-06 08:49:40+00:00,2026-01-06 08:56:18.673487+00:00,280.0,3216.381,3216.3,3216.53,ETH
2026-01-06 08:49:41+00:00,2026-01-06 08:56:19.678882+00:00,281.0,3216.591,3216.45,3216.69,ETH
2026-01-06 08:49:42+00:00,2026-01-06 08:56:20.680856+00:00,282.0,3216.821,3216.58,3216.93,ETH
2026-01-06 08:49:43+00:00,2026-01-06 08:56:21.695900+00:00,283.0,3216.801,3216.58,3216.99,ETH
2026-01-06 08:49:44+00:00,2026-01-06 08:56:22.694513+00:00,284.0,3216.761,3216.58,3217.0,ETH
2026-01-06 08:49:45+00:00,2026-01-06 08:56:23.708973+00:00,285.0,3216.781,3216.58,3216.96,ETH
2026-01-06 08:49:46+00:00,2026-01-06 08:56:24.713349+00:00,286.0,3216.781,3216.58,3216.98,ETH
2026-01-06 08:49:47+00:00,2026-01-06 08:56:25.719452+00:00,287.0,3216.761,3216.58,3216.92,ETH
2026-01-06 08:49:48+00:00,2026-01-06 08:56:26.730418+00:00,288.0,3216.771,3216.58,3216.84,ETH
2026-01-06 08:49:49+00:00,2026-01-06 08:56:27.746352+00:00,289.0,3216.791,3216.59,3216.84,ETH
2026-01-06 08:49:50+00:00,2026-01-06 08:56:28.746625+00:00,290.0,3216.841,3216.62,3216.93,ETH
2026-01-06 08:49:51+00:00,2026-01-06 08:56:29.764907+00:00,291.0,3216.921,3216.72,3217.03,ETH
2026-01-06 08:49:52+00:00,2026-01-06 08:56:30.781767+00:00,292.0,3216.981,3216.8,3217.05,ETH
2026-01-06 08:49:53+00:00,2026-01-06 08:56:31.793241+00:00,293.0,3217.031,3216.81,3217.08,ETH
2026-01-06 08:49:54+00:00,2026-01-06 08:56:32.813497+00:00,294.0,3217.041,3216.84,3217.09,ETH
2026-01-06 08:49:55+00:00,2026-01-06 08:56:33.809953+00:00,295.0,3217.041,3216.88,3217.09,ETH
2026-01-06 08:49:56+00:00,2026-01-06 08:56:34.845711+00:00,296.0,3217.041,3216.91,3217.1,ETH
2026-01-06 08:49:57+00:00,2026-01-06 08:56:35.841516+00:00,297.0,3217.051,3216.93,3217.11,ETH
2026-01-06 08:49:58+00:00,2026-01-06 08:56:36.845540+00:00,298.0,3217.031,3216.93,3217.1,ETH
2026-01-06 08:49:59+00:00,2026-01-06 08:56:37.859804+00:00,299.0,3217.041,3216.94,3217.09,ETH
2026-01-06 08:50:00+00:00,2026-01-06 08:56:38.857604+00:00,300.0,3217.041,3216.94,3217.09,ETH
2026-01-06 08:50:01+00:00,2026-01-06 08:56:39.861063+00:00,301.0,3217.101,3216.93,3217.17,ETH
2026-01-06 08:50:02+00:00,2026-01-06 08:56:40.861425+00:00,302.0,3217.171,3217.01,3217.28,ETH
2026-01-06 08:50:03+00:00,2026-01-06 08:56:41.876880+00:00,303.0,3217.171,3217.11,3217.3,ETH
2026-01-06 08:50:04+00:00,2026-01-06 08:56:42.875304+00:00,304.0,3217.171,3217.12,3217.29,ETH
2026-01-06 08:50:05+00:00,2026-01-06 08:56:43.877268+00:00,305.0,3217.171,3217.1,3217.3,ETH
2026-01-06 08:50:06+00:00,2026-01-06 08:56:44.876886+00:00,306.0,3217.171,3217.1,3217.31,ETH
2026-01-06 08:50:07+00:00,2026-01-06 08:56:45.876733+00:00,307.0,3217.171,3217.11,3217.3,ETH
2026-01-06 08:50:08+00:00,2026-01-06 08:56:46.883730+00:00,308.0,3217.171,3217.11,3217.24,ETH
2026-01-06 08:50:09+00:00,2026-01-06 08:56:47.887504+00:00,309.0,3217.171,3217.1,3217.23,ETH
2026-01-06 08:50:10+00:00,2026-01-06 08:56:48.911150+00:00,310.0,3217.171,3217.1,3217.27,ETH
2026-01-06 08:50:11+00:00,2026-01-06 08:56:49.906439+00:00,311.0,3217.171,3217.1,3217.27,ETH
2026-01-06 08:50:12+00:00,2026-01-06 08:56:50.931763+00:00,312.0,3217.171,3217.1,3217.27,ETH
2026-01-06 08:50:13+00:00,2026-01-06 08:56:51.923811+00:00,313.0,3217.171,3217.1,3217.28,ETH
2026-01-06 08:50:14+00:00,2026-01-06 08:56:52.930148+00:00,314.0,3217.171,3217.1,3217.27,ETH
2026-01-06 08:50:15+00:00,2026-01-06 08:56:53.925466+00:00,315.0,3217.171,3217.1,3217.26,ETH
2026-01-06 08:50:16+00:00,2026-01-06 08:56:54.923533+00:00,316.0,3217.171,3217.09,3217.27,ETH
2026-01-06 08:50:17+00:00,2026-01-06 08:56:55.929746+00:00,317.0,3217.171,3217.09,3217.28,ETH
2026-01-06 08:50:18+00:00,2026-01-06 08:56:56.909071+00:00,318.0,3217.171,3217.09,3217.27,ETH
2026-01-06 08:50:19+00:00,2026-01-06 08:56:57.928654+00:00,319.0,3217.171,3217.09,3217.25,ETH
2026-01-06 08:50:20+00:00,2026-01-06 08:56:58.910653+00:00,320.0,3217.171,3217.1,3217.27,ETH
2026-01-06 08:50:21+00:00,2026-01-06 08:56:59.909649+00:00,321.0,3217.171,3217.1,3217.28,ETH
2026-01-06 08:50:22+00:00,2026-01-06 08:57:00.912619+00:00,322.0,3217.171,3217.1,3217.27,ETH
2026-01-06 08:50:23+00:00,2026-01-06 08:57:01.893957+00:00,323.0,3217.171,3217.1,3217.28,ETH
2026-01-06 08:50:24+00:00,2026-01-06 08:57:02.895978+00:00,324.0,3217.171,3217.09,3217.27,ETH
2026-01-06 08:50:25+00:00,2026-01-06 08:57:03.896904+00:00,325.0,3217.171,3217.09,3217.27,ETH
2026-01-06 08:50:26+00:00,2026-01-06 08:57:04.893110+00:00,326.0,3217.171,3217.09,3217.24,ETH
2026-01-06 08:50:27+00:00,2026-01-06 08:57:05.886759+00:00,327.0,3217.171,3217.09,3217.24,ETH
2026-01-06 08:50:28+00:00,2026-01-06 08:57:06.896392+00:00,328.0,3217.131,3217.06,3217.22,ETH
2026-01-06 08:50:29+00:00,2026-01-06 08:57:07.911673+00:00,329.0,3217.131,3217.06,3217.22,ETH
2026-01-06 08:50:30+00:00,2026-01-06 08:57:08.925941+00:00,330.0,3217.171,3217.09,3217.27,ETH
2026-01-06 08:50:31+00:00,2026-01-06 08:57:09.944379+00:00,331.0,3217.171,3217.09,3217.27,ETH
2026-01-06 08:50:32+00:00,2026-01-06 08:57:10.942610+00:00,332.0,3217.171,3217.09,3217.28,ETH
2026-01-06 08:50:33+00:00,2026-01-06 08:57:11.958727+00:00,333.0,3217.171,3217.09,3217.27,ETH
2026-01-06 08:50:34+00:00,2026-01-06 08:57:12.962162+00:00,334.0,3217.171,3217.09,3217.27,ETH
2026-01-06 08:50:35+00:00,2026-01-06 08:57:13.962129+00:00,335.0,3217.171,3217.09,3217.3,ETH
2026-01-06 08:50:36+00:00,2026-01-06 08:57:14.960904+00:00,336.0,3217.171,3217.09,3217.28,ETH
2026-01-06 08:50:37+00:00,2026-01-06 08:57:15.972273+00:00,337.0,3217.171,3217.09,3217.3,ETH
2026-01-06 08:50:38+00:00,2026-01-06 08:57:16.974095+00:00,338.0,3217.171,3217.08,3217.25,ETH
2026-01-06 08:50:39+00:00,2026-01-06 08:57:17.988862+00:00,339.0,3217.171,3217.08,3217.22,ETH
2026-01-06 08:50:40+00:00,2026-01-06 08:57:18.990904+00:00,340.0,3217.171,3217.08,3217.26,ETH
2026-01-06 08:50:41+00:00,2026-01-06 08:57:19.988866+00:00,341.0,3217.171,3217.08,3217.26,ETH
2026-01-06 08:50:42+00:00,2026-01-06 08:57:21.008733+00:00,342.0,3217.171,3217.08,3217.24,ETH
2026-01-06 08:50:43+00:00,2026-01-06 08:57:22.009436+00:00,343.0,3217.171,3217.08,3217.26,ETH
2026-01-06 08:50:44+00:00,2026-01-06 08:57:23.023574+00:00,344.0,3217.171,3217.08,3217.26,ETH
2026-01-06 08:50:45+00:00,2026-01-06 08:57:24.025513+00:00,345.0,3217.171,3217.08,3217.25,ETH
2026-01-06 08:50:46+00:00,2026-01-06 08:57:25.043972+00:00,346.0,3217.171,3217.05,3217.27,ETH
2026-01-06 08:50:47+00:00,2026-01-06 08:57:26.054981+00:00,347.0,3217.171,3217.05,3217.26,ETH
2026-01-06 08:50:48+00:00,2026-01-06 08:57:27.054475+00:00,348.0,3217.171,3217.05,3217.26,ETH
2026-01-06 08:50:49+00:00,2026-01-06 08:57:28.057967+00:00,349.0,3217.171,3217.05,3217.28,ETH
2026-01-06 08:50:50+00:00,2026-01-06 08:57:29.071694+00:00,350.0,3217.171,3217.05,3217.22,ETH
2026-01-06 08:50:51+00:00,2026-01-06 08:57:30.082483+00:00,351.0,3217.161,3217.05,3217.18,ETH
2026-01-06 08:50:52+00:00,2026-01-06 08:57:31.093442+00:00,352.0,3217.171,3217.05,3217.22,ETH
2026-01-06 08:50:53+00:00,2026-01-06 08:57:32.097270+00:00,353.0,3217.171,3217.05,3217.21,ETH
2026-01-06 08:50:54+00:00,2026-01-06 08:57:33.167475+00:00,354.0,3217.161,3217.05,3217.21,ETH
2026-01-06 08:50:55+00:00,2026-01-06 08:57:34.173965+00:00,355.0,3217.161,3217.05,3217.27,ETH
2026-01-06 08:50:56+00:00,2026-01-06 08:57:35.170271+00:00,356.0,3217.161,3217.05,3217.22,ETH
2026-01-06 08:50:57+00:00,2026-01-06 08:57:36.225030+00:00,357.0,3217.121,3217.05,3217.19,ETH
2026-01-06 08:50:58+00:00,2026-01-06 08:57:37.218173+00:00,358.0,3217.121,3217.05,3217.22,ETH
2026-01-06 08:50:59+00:00,2026-01-06 08:57:38.220057+00:00,359.0,3217.161,3217.05,3217.28,ETH
2026-01-06 08:51:00+00:00,2026-01-06 08:57:39.217320+00:00,360.0,3217.151,3217.05,3217.28,ETH
2026-01-06 08:51:01+00:00,2026-01-06 08:57:40.222187+00:00,361.0,3217.141,3217.05,3217.28,ETH
2026-01-06 08:51:02+00:00,2026-01-06 08:57:41.210236+00:00,362.0,3217.131,3217.05,3217.24,ETH
2026-01-06 08:51:03+00:00,2026-01-06 08:57:42.210631+00:00,363.0,3217.171,3217.05,3217.26,ETH
2026-01-06 08:51:04+00:00,2026-01-06 08:57:43.223163+00:00,364.0,3217.121,3217.05,3217.18,ETH
2026-01-06 08:51:05+00:00,2026-01-06 08:57:44.219874+00:00,365.0,3217.141,3217.05,3217.17,ETH
2026-01-06 08:51:06+00:00,2026-01-06 08:57:45.203953+00:00,366.0,3217.161,3217.05,3217.2,ETH
2026-01-06 08:51:07+00:00,2026-01-06 08:57:46.222914+00:00,367.0,3217.161,3217.06,3217.23,ETH
2026-01-06 08:51:08+00:00,2026-01-06 08:57:47.275125+00:00,368.0,3217.161,3217.05,3217.23,ETH
2026-01-06 08:51:09+00:00,2026-01-06 08:57:48.273116+00:00,369.0,3217.161,3217.05,3217.25,ETH
2026-01-06 08:51:10+00:00,2026-01-06 08:57:49.290272+00:00,370.0,3217.161,3217.05,3217.26,ETH
2026-01-06 08:51:11+00:00,2026-01-06 08:57:50.273810+00:00,371.0,3217.161,3217.05,3217.26,ETH
2026-01-06 08:51:12+00:00,2026-01-06 08:57:51.273936+00:00,372.0,3217.161,3217.05,3217.26,ETH
2026-01-06 08:51:13+00:00,2026-01-06 08:57:52.319288+00:00,373.0,3217.161,3217.05,3217.23,ETH
2026-01-06 08:51:14+00:00,2026-01-06 08:57:53.283958+00:00,374.0,3217.161,3217.05,3217.23,ETH
2026-01-06 08:51:15+00:00,2026-01-06 08:57:54.281963+00:00,375.0,3217.141,3217.02,3217.24,ETH
2026-01-06 08:51:16+00:00,2026-01-06 08:57:55.299204+00:00,376.0,3217.121,3217.0,3217.2,ETH
2026-01-06 08:51:17+00:00,2026-01-06 08:57:56.273017+00:00,377.0,3217.121,3217.0,3217.21,ETH
2026-01-06 08:51:18+00:00,2026-01-06 08:57:57.283432+00:00,378.0,3217.111,3216.99,3217.18,ETH
2026-01-06 08:51:19+00:00,2026-01-06 08:57:58.276453+00:00,379.0,3217.081,3216.99,3217.12,ETH
2026-01-06 08:51:20+00:00,2026-01-06 08:57:59.278149+00:00,380.0,3217.061,3216.99,3217.11,ETH
2026-01-06 08:51:21+00:00,2026-01-06 08:58:00.297910+00:00,381.0,3217.061,3216.98,3217.11,ETH
2026-01-06 08:51:22+00:00,2026-01-06 08:58:01.284079+00:00,382.0,3217.061,3216.98,3217.11,ETH
2026-01-06 08:51:23+00:00,2026-01-06 08:58:02.297274+00:00,383.0,3217.071,3216.99,3217.15,ETH
2026-01-06 08:51:24+00:00,2026-01-06 08:58:03.309980+00:00,384.0,3217.071,3216.99,3217.19,ETH
2026-01-06 08:51:25+00:00,2026-01-06 08:58:04.306945+00:00,385.0,3217.071,3216.99,3217.19,ETH
2026-01-06 08:51:26+00:00,2026-01-06 08:58:05.330668+00:00,386.0,3217.071,3216.98,3217.15,ETH
2026-01-06 08:51:27+00:00,2026-01-06 08:58:06.317866+00:00,387.0,3217.071,3216.98,3217.12,ETH
2026-01-06 08:51:28+00:00,2026-01-06 08:58:07.323896+00:00,388.0,3217.071,3216.98,3217.17,ETH
2026-01-06 08:51:29+00:00,2026-01-06 08:58:08.324483+00:00,389.0,3217.071,3216.98,3217.15,ETH
2026-01-06 08:51:30+00:00,2026-01-06 08:58:09.325878+00:00,390.0,3217.081,3216.97,3217.17,ETH
2026-01-06 08:51:31+00:00,2026-01-06 08:58:10.338399+00:00,391.0,3217.091,3216.99,3217.18,ETH
2026-01-06 08:51:32+00:00,2026-01-06 08:58:11.359934+00:00,392.0,3217.361,3217.15,3217.54,ETH
2026-01-06 08:51:33+00:00,2026-01-06 08:58:12.359543+00:00,393.0,3217.491,3217.4,3217.54,ETH
2026-01-06 08:51:34+00:00,2026-01-06 08:58:13.355673+00:00,394.0,3217.601,3217.44,3217.72,ETH
2026-01-06 08:51:35+00:00,2026-01-06 08:58:14.376198+00:00,395.0,3217.651,3217.47,3217.7,ETH
2026-01-06 08:51:36+00:00,2026-01-06 08:58:15.388884+00:00,396.0,3217.711,3217.59,3217.83,ETH
2026-01-06 08:51:37+00:00,2026-01-06 08:58:16.404658+00:00,397.0,3217.841,3217.62,3217.92,ETH
2026-01-06 08:51:38+00:00,2026-01-06 08:58:17.405883+00:00,398.0,3217.881,3217.65,3217.96,ETH
2026-01-06 08:51:39+00:00,2026-01-06 08:58:18.425305+00:00,399.0,3217.881,3217.65,3217.96,ETH
2026-01-06 08:51:40+00:00,2026-01-06 08:58:19.437008+00:00,400.0,3217.911,3217.67,3217.95,ETH
2026-01-06 08:51:41+00:00,2026-01-06 08:58:20.442558+00:00,401.0,3217.891,3217.67,3218.0,ETH
2026-01-06 08:51:42+00:00,2026-01-06 08:58:21.442535+00:00,402.0,3217.891,3217.67,3218.0,ETH
2026-01-06 08:51:43+00:00,2026-01-06 08:58:22.450302+00:00,403.0,3217.931,3217.9,3218.25,ETH
2026-01-06 08:51:44+00:00,2026-01-06 08:58:23.455180+00:00,404.0,3218.251,3218.24,3218.44,ETH
2026-01-06 08:51:45+00:00,2026-01-06 08:58:24.456627+00:00,405.0,3218.871,3218.76,3219.13,ETH
2026-01-06 08:51:46+00:00,2026-01-06 08:58:25.472003+00:00,406.0,3219.081,3218.95,3219.39,ETH
2026-01-06 08:51:47+00:00,2026-01-06 08:58:26.477381+00:00,407.0,3219.291,3219.13,3219.64,ETH
2026-01-06 08:51:48+00:00,2026-01-06 08:58:27.471011+00:00,408.0,3219.321,3219.16,3219.68,ETH
2026-01-06 08:51:49+00:00,2026-01-06 08:58:28.477049+00:00,409.0,3219.371,3219.29,3219.7,ETH
2026-01-06 08:51:50+00:00,2026-01-06 08:58:29.491219+00:00,410.0,3219.551,3219.3,3219.73,ETH
2026-01-06 08:51:51+00:00,2026-01-06 08:58:30.535976+00:00,411.0,3219.351,3219.28,3219.39,ETH
2026-01-06 08:51:52+00:00,2026-01-06 08:58:31.515843+00:00,412.0,3219.341,3219.27,3219.47,ETH
2026-01-06 08:51:53+00:00,2026-01-06 08:58:32.509155+00:00,413.0,3219.331,3219.27,3219.36,ETH
2026-01-06 08:51:54+00:00,2026-01-06 08:58:33.530331+00:00,414.0,3219.131,3219.1,3219.17,ETH
2026-01-06 08:51:55+00:00,2026-01-06 08:58:34.525261+00:00,415.0,3219.061,3218.99,3219.21,ETH
2026-01-06 08:51:56+00:00,2026-01-06 08:58:35.527182+00:00,416.0,3219.021,3218.99,3219.2,ETH
2026-01-06 08:51:57+00:00,2026-01-06 08:58:36.539327+00:00,417.0,3219.001,3218.99,3219.13,ETH
2026-01-06 08:51:58+00:00,2026-01-06 08:58:37.556254+00:00,418.0,3219.001,3218.99,3219.09,ETH
2026-01-06 08:51:59+00:00,2026-01-06 08:58:38.572233+00:00,419.0,3218.991,3218.93,3219.05,ETH
2026-01-06 08:52:00+00:00,2026-01-06 08:58:39.575005+00:00,420.0,3218.991,3218.82,3219.04,ETH
2026-01-06 08:52:01+00:00,2026-01-06 08:58:40.574142+00:00,421.0,3218.801,3218.8,3218.9,ETH
2026-01-06 08:52:02+00:00,2026-01-06 08:58:41.590920+00:00,422.0,3218.641,3218.56,3218.69,ETH
2026-01-06 08:52:03+00:00,2026-01-06 08:58:42.609960+00:00,423.0,3218.611,3218.49,3218.69,ETH
2026-01-06 08:52:04+00:00,2026-01-06 08:58:43.606523+00:00,424.0,3218.591,3218.49,3218.69,ETH
2026-01-06 08:52:05+00:00,2026-01-06 08:58:44.609960+00:00,425.0,3218.581,3218.5,3218.69,ETH
2026-01-06 08:52:06+00:00,2026-01-06 08:58:45.627024+00:00,426.0,3218.611,3218.5,3218.69,ETH
2026-01-06 08:52:07+00:00,2026-01-06 08:58:46.643275+00:00,427.0,3218.681,3218.51,3218.74,ETH
2026-01-06 08:52:08+00:00,2026-01-06 08:58:47.657530+00:00,428.0,3218.661,3218.6,3218.69,ETH
2026-01-06 08:52:09+00:00,2026-01-06 08:58:48.673642+00:00,429.0,3218.631,3218.51,3218.69,ETH
2026-01-06 08:52:10+00:00,2026-01-06 08:58:49.673375+00:00,430.0,3218.681,3218.59,3218.69,ETH
2026-01-06 08:52:11+00:00,2026-01-06 08:58:50.702848+00:00,431.0,3218.891,3218.71,3219.01,ETH
2026-01-06 08:52:12+00:00,2026-01-06 08:58:51.689055+00:00,432.0,3219.171,3219.03,3219.26,ETH
2026-01-06 08:52:13+00:00,2026-01-06 08:58:52.711155+00:00,433.0,3219.271,3219.23,3219.46,ETH
2026-01-06 08:52:14+00:00,2026-01-06 08:58:53.707102+00:00,434.0,3219.511,3219.4,3219.56,ETH
2026-01-06 08:52:15+00:00,2026-01-06 08:58:54.718564+00:00,435.0,3219.461,3219.43,3219.48,ETH
2026-01-06 08:52:16+00:00,2026-01-06 08:58:55.726444+00:00,436.0,3219.591,3219.45,3219.63,ETH
2026-01-06 08:52:17+00:00,2026-01-06 08:58:56.721627+00:00,437.0,3219.611,3219.49,3219.64,ETH
2026-01-06 08:52:18+00:00,2026-01-06 08:58:57.741049+00:00,438.0,3219.611,3219.51,3219.64,ETH
2026-01-06 08:52:19+00:00,2026-01-06 08:58:58.739677+00:00,439.0,3219.631,3219.51,3219.66,ETH
2026-01-06 08:52:20+00:00,2026-01-06 08:58:59.739308+00:00,440.0,3219.611,3219.51,3219.65,ETH
2026-01-06 08:52:21+00:00,2026-01-06 08:59:00.883424+00:00,441.0,3219.601,3219.51,3219.62,ETH
2026-01-06 08:52:22+00:00,2026-01-06 08:59:01.892841+00:00,442.0,3219.701,3219.52,3219.72,ETH
2026-01-06 08:52:23+00:00,2026-01-06 08:59:02.903850+00:00,443.0,3219.711,3219.52,3219.72,ETH
2026-01-06 08:52:24+00:00,2026-01-06 08:59:03.904942+00:00,444.0,3219.711,3219.52,3219.72,ETH
2026-01-06 08:52:25+00:00,2026-01-06 08:59:05.651559+00:00,445.0,3219.711,3219.52,3219.72,ETH
2026-01-06 08:52:27+00:00,2026-01-06 08:59:06.737961+00:00,447.0,3219.831,3219.53,3220.05,ETH
2026-01-06 08:52:28+00:00,2026-01-06 08:59:07.754019+00:00,448.0,3220.011,3219.94,3220.13,ETH
2026-01-06 08:52:29+00:00,2026-01-06 08:59:08.753197+00:00,449.0,3220.051,3219.95,3220.15,ETH
2026-01-06 08:52:30+00:00,2026-01-06 08:59:09.765991+00:00,450.0,3220.091,3219.96,3220.15,ETH
2026-01-06 08:52:31+00:00,2026-01-06 08:59:10.788300+00:00,451.0,3220.061,3219.96,3220.11,ETH
2026-01-06 08:52:32+00:00,2026-01-06 08:59:11.786045+00:00,452.0,3220.101,3219.96,3220.14,ETH
2026-01-06 08:52:33+00:00,2026-01-06 08:59:12.825587+00:00,453.0,3220.081,3219.94,3220.11,ETH
2026-01-06 08:52:34+00:00,2026-01-06 08:59:13.806462+00:00,454.0,3220.111,3219.94,3220.3,ETH
2026-01-06 08:52:35+00:00,2026-01-06 08:59:14.853531+00:00,455.0,3220.111,3219.95,3220.29,ETH
2026-01-06 08:52:36+00:00,2026-01-06 08:59:15.865471+00:00,456.0,3220.111,3219.95,3220.35,ETH
2026-01-06 08:52:37+00:00,2026-01-06 08:59:16.870358+00:00,457.0,3220.131,3219.96,3220.38,ETH
2026-01-06 08:52:38+00:00,2026-01-06 08:59:17.879542+00:00,458.0,3220.121,3219.96,3220.17,ETH
2026-01-06 08:52:39+00:00,2026-01-06 08:59:18.873819+00:00,459.0,3220.091,3219.97,3220.16,ETH
2026-01-06 08:52:40+00:00,2026-01-06 08:59:19.872769+00:00,460.0,3220.001,3219.92,3220.16,ETH
2026-01-06 08:52:41+00:00,2026-01-06 08:59:20.885534+00:00,461.0,3220.021,3219.96,3220.16,ETH
2026-01-06 08:52:42+00:00,2026-01-06 08:59:21.903170+00:00,462.0,3220.031,3219.96,3220.15,ETH
2026-01-06 08:52:43+00:00,2026-01-06 08:59:22.920963+00:00,463.0,3220.031,3219.96,3220.15,ETH
2026-01-06 08:52:44+00:00,2026-01-06 08:59:23.936076+00:00,464.0,3220.131,3219.96,3220.18,ETH
2026-01-06 08:52:45+00:00,2026-01-06 08:59:24.953840+00:00,465.0,3220.131,3219.96,3220.37,ETH
2026-01-06 08:52:46+00:00,2026-01-06 08:59:25.951567+00:00,466.0,3220.131,3220.02,3220.44,ETH
2026-01-06 08:52:47+00:00,2026-01-06 08:59:26.954186+00:00,467.0,3220.141,3220.03,3220.42,ETH
2026-01-06 08:52:48+00:00,2026-01-06 08:59:27.970478+00:00,468.0,3220.191,3220.03,3220.24,ETH
2026-01-06 08:52:49+00:00,2026-01-06 08:59:28.975901+00:00,469.0,3220.341,3220.17,3220.44,ETH
2026-01-06 08:52:50+00:00,2026-01-06 08:59:29.987892+00:00,470.0,3220.341,3220.18,3220.43,ETH
2026-01-06 08:52:51+00:00,2026-01-06 08:59:31.003565+00:00,471.0,3220.331,3220.26,3220.7,ETH
2026-01-06 08:52:52+00:00,2026-01-06 08:59:32.003798+00:00,472.0,3220.331,3220.26,3220.66,ETH
2026-01-06 08:52:53+00:00,2026-01-06 08:59:33.020071+00:00,473.0,3220.371,3220.3,3220.6,ETH
2026-01-06 08:52:54+00:00,2026-01-06 08:59:34.038242+00:00,474.0,3220.371,3220.3,3220.64,ETH
2026-01-06 08:52:55+00:00,2026-01-06 08:59:35.036055+00:00,475.0,3220.371,3220.3,3220.69,ETH
2026-01-06 08:52:56+00:00,2026-01-06 08:59:36.036069+00:00,476.0,3220.401,3220.3,3220.52,ETH
2026-01-06 08:52:57+00:00,2026-01-06 08:59:37.039728+00:00,477.0,3220.531,3220.44,3220.66,ETH
2026-01-06 08:52:58+00:00,2026-01-06 08:59:38.043366+00:00,478.0,3220.631,3220.44,3220.79,ETH
2026-01-06 08:52:59+00:00,2026-01-06 08:59:39.049285+00:00,479.0,3220.741,3220.58,3220.78,ETH
2026-01-06 08:53:00+00:00,2026-01-06 08:59:40.053819+00:00,480.0,3220.681,3220.58,3220.78,ETH
2026-01-06 08:53:01+00:00,2026-01-06 08:59:41.069032+00:00,481.0,3220.711,3220.59,3220.83,ETH
2026-01-06 08:53:02+00:00,2026-01-06 08:59:43.101605+00:00,482.0,3221.061,3220.91,3221.17,ETH
2026-01-06 08:53:03+00:00,2026-01-06 08:59:44.103017+00:00,483.0,3221.351,3221.22,3221.42,ETH
2026-01-06 08:53:04+00:00,2026-01-06 08:59:45.104833+00:00,484.0,3221.291,3221.23,3221.41,ETH
2026-01-06 08:53:05+00:00,2026-01-06 08:59:46.103261+00:00,485.0,3221.221,3221.18,3221.39,ETH
2026-01-06 08:53:06+00:00,2026-01-06 08:59:47.111534+00:00,486.0,3221.251,3221.21,3221.39,ETH
2026-01-06 08:53:08+00:00,2026-01-06 08:59:48.180932+00:00,488.0,3221.291,3221.24,3221.39,ETH
2026-01-06 08:53:09+00:00,2026-01-06 08:59:49.150534+00:00,489.0,3221.291,3221.24,3221.41,ETH
2026-01-06 08:53:10+00:00,2026-01-06 08:59:50.191736+00:00,490.0,3221.291,3221.24,3221.43,ETH
2026-01-06 08:53:11+00:00,2026-01-06 08:59:51.229488+00:00,491.0,3221.351,3221.28,3221.44,ETH
2026-01-06 08:53:12+00:00,2026-01-06 08:59:52.214781+00:00,492.0,3221.371,3221.28,3221.48,ETH
2026-01-06 08:53:13+00:00,2026-01-06 08:59:53.233649+00:00,493.0,3221.481,3221.3,3221.49,ETH
2026-01-06 08:53:14+00:00,2026-01-06 08:59:54.273738+00:00,494.0,3221.431,3221.31,3221.49,ETH
2026-01-06 08:53:15+00:00,2026-01-06 08:59:55.286014+00:00,495.0,3221.461,3221.23,3221.55,ETH
2026-01-06 08:53:16+00:00,2026-01-06 08:59:56.286999+00:00,496.0,3221.461,3221.23,3221.55,ETH
2026-01-06 08:53:17+00:00,2026-01-06 08:59:57.286560+00:00,497.0,3221.511,3221.3,3221.57,ETH
2026-01-06 08:53:18+00:00,2026-01-06 08:59:58.298152+00:00,498.0,3221.511,3221.29,3221.57,ETH
2026-01-06 08:53:19+00:00,2026-01-06 08:59:59.305274+00:00,499.0,3221.281,3221.21,3221.55,ETH
2026-01-06 08:53:20+00:00,2026-01-06 09:00:00.326358+00:00,500.0,3220.651,3220.53,3220.82,ETH
2026-01-06 08:53:21+00:00,2026-01-06 09:00:01.389334+00:00,501.0,3220.651,3220.47,3220.77,ETH
2026-01-06 08:53:22+00:00,2026-01-06 09:00:02.412476+00:00,502.0,3220.461,3220.39,3220.51,ETH
2026-01-06 08:53:23+00:00,2026-01-06 09:00:03.414551+00:00,503.0,3220.401,3220.36,3220.51,ETH
2026-01-06 08:53:24+00:00,2026-01-06 09:00:04.418371+00:00,504.0,3220.451,3220.38,3220.51,ETH
2026-01-06 08:53:25+00:00,2026-01-06 09:00:06.438169+00:00,505.0,3220.351,3220.22,3220.4,ETH
2026-01-06 08:53:26+00:00,2026-01-06 09:00:07.451669+00:00,506.0,3220.211,3220.12,3220.39,ETH
2026-01-06 08:53:27+00:00,2026-01-06 09:00:08.454662+00:00,507.0,3220.061,3220.01,3220.35,ETH
2026-01-06 08:53:28+00:00,2026-01-06 09:00:09.453221+00:00,508.0,3220.021,3219.97,3220.35,ETH
2026-01-06 08:53:29+00:00,2026-01-06 09:00:10.467392+00:00,509.0,3219.951,3219.89,3220.2,ETH
2026-01-06 08:53:30+00:00,2026-01-06 09:00:11.468468+00:00,510.0,3219.901,3219.85,3220.06,ETH
2026-01-06 08:53:31+00:00,2026-01-06 09:00:12.468050+00:00,511.0,3219.901,3219.85,3220.06,ETH
2026-01-06 08:53:32+00:00,2026-01-06 09:00:13.473021+00:00,512.0,3219.891,3219.84,3220.06,ETH
2026-01-06 08:53:33+00:00,2026-01-06 09:00:14.483612+00:00,513.0,3219.881,3219.84,3220.06,ETH
2026-01-06 08:53:34+00:00,2026-01-06 09:00:15.484207+00:00,514.0,3219.891,3219.86,3220.06,ETH
2026-01-06 08:53:35+00:00,2026-01-06 09:00:16.488081+00:00,515.0,3219.911,3219.87,3220.06,ETH
2026-01-06 08:53:36+00:00,2026-01-06 09:00:17.486479+00:00,516.0,3219.921,3219.87,3220.06,ETH
2026-01-06 08:53:37+00:00,2026-01-06 09:00:18.488710+00:00,517.0,3219.921,3219.87,3220.06,ETH
2026-01-06 08:53:38+00:00,2026-01-06 09:00:19.484831+00:00,518.0,3219.921,3219.87,3220.06,ETH
2026-01-06 08:53:39+00:00,2026-01-06 09:00:20.487964+00:00,519.0,3219.961,3219.88,3220.06,ETH
2026-01-06 08:53:40+00:00,2026-01-06 09:00:21.520161+00:00,520.0,3220.001,3219.89,3220.06,ETH
2026-01-06 08:53:41+00:00,2026-01-06 09:00:22.518208+00:00,521.0,3219.981,3219.89,3220.06,ETH
2026-01-06 08:53:42+00:00,2026-01-06 09:00:23.522869+00:00,522.0,3219.991,3219.89,3220.06,ETH
2026-01-06 08:53:43+00:00,2026-01-06 09:00:24.519314+00:00,523.0,3220.001,3219.89,3220.06,ETH
2026-01-06 08:53:44+00:00,2026-01-06 09:00:25.536127+00:00,524.0,3220.001,3219.89,3220.06,ETH
2026-01-06 08:53:45+00:00,2026-01-06 09:00:26.536808+00:00,525.0,3220.011,3219.89,3220.06,ETH
2026-01-06 08:53:46+00:00,2026-01-06 09:00:27.533939+00:00,526.0,3219.991,3219.88,3220.06,ETH
2026-01-06 08:53:47+00:00,2026-01-06 09:00:28.550361+00:00,527.0,3219.961,3219.88,3220.06,ETH
2026-01-06 08:53:48+00:00,2026-01-06 09:00:29.546674+00:00,528.0,3219.971,3219.87,3220.06,ETH
2026-01-06 08:53:49+00:00,2026-01-06 09:00:30.545425+00:00,529.0,3219.971,3219.87,3220.06,ETH
2026-01-06 08:53:50+00:00,2026-01-06 09:00:31.551446+00:00,530.0,3220.031,3219.9,3220.17,ETH
2026-01-06 08:53:51+00:00,2026-01-06 09:00:32.567408+00:00,531.0,3220.011,3219.91,3220.17,ETH
2026-01-06 08:53:52+00:00,2026-01-06 09:00:33.572595+00:00,532.0,3220.001,3219.89,3220.17,ETH
2026-01-06 08:53:53+00:00,2026-01-06 09:00:34.569942+00:00,533.0,3220.041,3219.92,3220.17,ETH
2026-01-06 08:53:54+00:00,2026-01-06 09:00:35.570016+00:00,534.0,3220.061,3219.93,3220.17,ETH
2026-01-06 08:53:55+00:00,2026-01-06 09:00:36.559767+00:00,535.0,3220.081,3219.93,3220.17,ETH
2026-01-06 08:53:56+00:00,2026-01-06 09:00:37.589509+00:00,536.0,3220.081,3219.96,3220.14,ETH
2026-01-06 08:53:57+00:00,2026-01-06 09:00:38.593923+00:00,537.0,3220.071,3219.96,3220.1,ETH
2026-01-06 08:53:58+00:00,2026-01-06 09:00:39.613507+00:00,538.0,3220.071,3219.96,3220.11,ETH
2026-01-06 08:53:59+00:00,2026-01-06 09:00:40.622267+00:00,539.0,3220.051,3219.95,3220.07,ETH
2026-01-06 08:54:00+00:00,2026-01-06 09:00:41.648766+00:00,540.0,3220.101,3219.92,3220.15,ETH
2026-01-06 08:54:01+00:00,2026-01-06 09:00:42.645684+00:00,541.0,3220.531,3220.4,3220.57,ETH
2026-01-06 08:54:02+00:00,2026-01-06 09:00:43.648222+00:00,542.0,3220.491,3220.38,3220.63,ETH
2026-01-06 08:54:03+00:00,2026-01-06 09:00:44.657516+00:00,543.0,3220.461,3220.35,3220.69,ETH
2026-01-06 08:54:04+00:00,2026-01-06 09:00:45.744337+00:00,544.0,3220.521,3220.4,3220.64,ETH
2026-01-06 08:54:05+00:00,2026-01-06 09:00:46.738595+00:00,545.0,3220.481,3220.38,3220.57,ETH
2026-01-06 08:54:06+00:00,2026-01-06 09:00:47.737093+00:00,546.0,3220.471,3220.38,3220.55,ETH
2026-01-06 08:54:07+00:00,2026-01-06 09:00:48.756502+00:00,547.0,3220.461,3220.38,3220.52,ETH
2026-01-06 08:54:08+00:00,2026-01-06 09:00:49.747609+00:00,548.0,3220.461,3220.38,3220.53,ETH
2026-01-06 08:54:09+00:00,2026-01-06 09:00:50.796183+00:00,549.0,3220.351,3220.24,3220.41,ETH
2026-01-06 08:54:10+00:00,2026-01-06 09:00:51.777854+00:00,550.0,3220.171,3219.99,3220.27,ETH
2026-01-06 08:54:11+00:00,2026-01-06 09:00:52.786614+00:00,551.0,3220.101,3219.84,3220.24,ETH
2026-01-06 08:54:12+00:00,2026-01-06 09:00:53.869098+00:00,552.0,3220.081,3219.81,3220.17,ETH
2026-01-06 08:54:13+00:00,2026-01-06 09:00:54.885109+00:00,553.0,3220.061,3219.81,3220.11,ETH
2026-01-06 08:54:14+00:00,2026-01-06 09:00:55.901735+00:00,554.0,3220.061,3219.81,3220.11,ETH
2026-01-06 08:54:15+00:00,2026-01-06 09:00:56.905466+00:00,555.0,3220.061,3219.81,3220.11,ETH
2026-01-06 08:54:16+00:00,2026-01-06 09:00:57.903862+00:00,556.0,3220.061,3219.81,3220.11,ETH
2026-01-06 08:54:17+00:00,2026-01-06 09:00:58.921172+00:00,557.0,3220.081,3219.84,3220.11,ETH
2026-01-06 08:54:18+00:00,2026-01-06 09:00:59.933834+00:00,558.0,3220.081,3219.84,3220.12,ETH
2026-01-06 08:54:19+00:00,2026-01-06 09:01:00.946932+00:00,559.0,3220.081,3219.84,3220.12,ETH
2026-01-06 08:54:20+00:00,2026-01-06 09:01:01.935109+00:00,560.0,3220.081,3219.85,3220.11,ETH
2026-01-06 08:54:21+00:00,2026-01-06 09:01:02.947933+00:00,561.0,3220.091,3219.85,3220.12,ETH
2026-01-06 08:54:22+00:00,2026-01-06 09:01:03.967599+00:00,562.0,3220.081,3219.85,3220.11,ETH
2026-01-06 08:54:23+00:00,2026-01-06 09:01:04.985335+00:00,563.0,3220.061,3219.83,3220.11,ETH
2026-01-06 08:54:24+00:00,2026-01-06 09:01:05.998384+00:00,564.0,3219.901,3219.82,3219.94,ETH
2026-01-06 08:54:25+00:00,2026-01-06 09:01:07.017234+00:00,565.0,3219.851,3219.57,3219.9,ETH
2026-01-06 08:54:26+00:00,2026-01-06 09:01:08.020719+00:00,566.0,3219.851,3219.56,3220.1,ETH
2026-01-06 08:54:27+00:00,2026-01-06 09:01:09.028434+00:00,567.0,3219.801,3219.56,3219.9,ETH
2026-01-06 08:54:28+00:00,2026-01-06 09:01:10.053849+00:00,568.0,3219.791,3219.56,3219.9,ETH
2026-01-06 08:54:29+00:00,2026-01-06 09:01:11.046108+00:00,569.0,3219.771,3219.56,3219.9,ETH
2026-01-06 08:54:30+00:00,2026-01-06 09:01:12.067832+00:00,570.0,3219.661,3219.56,3219.79,ETH
2026-01-06 08:54:31+00:00,2026-01-06 09:01:13.046854+00:00,571.0,3219.601,3219.51,3219.77,ETH
2026-01-06 08:54:32+00:00,2026-01-06 09:01:14.047598+00:00,572.0,3219.601,3219.53,3219.72,ETH
2026-01-06 08:54:33+00:00,2026-01-06 09:01:15.048112+00:00,573.0,3219.301,3219.01,3219.38,ETH
2026-01-06 08:54:34+00:00,2026-01-06 09:01:16.070763+00:00,574.0,3219.281,3219.01,3219.32,ETH
2026-01-06 08:54:35+00:00,2026-01-06 09:01:17.079971+00:00,575.0,3219.301,3219.01,3219.38,ETH
2026-01-06 08:54:36+00:00,2026-01-06 09:01:18.089927+00:00,576.0,3219.171,3219.01,3219.3,ETH
2026-01-06 08:54:37+00:00,2026-01-06 09:01:19.086203+00:00,577.0,3219.171,3219.01,3219.3,ETH
2026-01-06 08:54:38+00:00,2026-01-06 09:01:20.083006+00:00,578.0,3219.131,3219.01,3219.3,ETH
2026-01-06 08:54:39+00:00,2026-01-06 09:01:21.101724+00:00,579.0,3219.181,3219.03,3219.22,ETH
2026-01-06 08:54:40+00:00,2026-01-06 09:01:22.097271+00:00,580.0,3219.171,3219.03,3219.21,ETH
2026-01-06 08:54:41+00:00,2026-01-06 09:01:23.112575+00:00,581.0,3219.171,3219.02,3219.21,ETH
2026-01-06 08:54:42+00:00,2026-01-06 09:01:24.115761+00:00,582.0,3219.171,3219.03,3219.21,ETH
2026-01-06 08:54:43+00:00,2026-01-06 09:01:25.118313+00:00,583.0,3219.151,3219.03,3219.19,ETH
2026-01-06 08:54:44+00:00,2026-01-06 09:01:26.134106+00:00,584.0,3219.151,3219.02,3219.19,ETH
2026-01-06 08:54:45+00:00,2026-01-06 09:01:27.128480+00:00,585.0,3219.081,3219.02,3219.15,ETH
2026-01-06 08:54:46+00:00,2026-01-06 09:01:28.118242+00:00,586.0,3219.151,3218.98,3219.27,ETH
2026-01-06 08:54:47+00:00,2026-01-06 09:01:29.132434+00:00,587.0,3219.091,3218.98,3219.15,ETH
2026-01-06 08:54:48+00:00,2026-01-06 09:01:30.129823+00:00,588.0,3219.091,3219.01,3219.15,ETH
2026-01-06 08:54:49+00:00,2026-01-06 09:01:31.145205+00:00,589.0,3218.911,3218.9,3219.05,ETH
2026-01-06 08:54:50+00:00,2026-01-06 09:01:32.142464+00:00,590.0,3218.911,3218.9,3219.06,ETH
2026-01-06 08:54:51+00:00,2026-01-06 09:01:33.147694+00:00,591.0,3218.911,3218.9,3219.11,ETH
2026-01-06 08:54:52+00:00,2026-01-06 09:01:34.138899+00:00,592.0,3218.911,3218.9,3219.04,ETH
2026-01-06 08:54:53+00:00,2026-01-06 09:01:35.139860+00:00,593.0,3218.911,3218.9,3219.03,ETH
2026-01-06 08:54:54+00:00,2026-01-06 09:01:36.147947+00:00,594.0,3218.861,3218.82,3218.91,ETH
2026-01-06 08:54:55+00:00,2026-01-06 09:01:37.151330+00:00,595.0,3218.901,3218.81,3219.17,ETH
2026-01-06 08:54:56+00:00,2026-01-06 09:01:38.147612+00:00,596.0,3218.851,3218.81,3218.9,ETH
2026-01-06 08:54:57+00:00,2026-01-06 09:01:39.146906+00:00,597.0,3218.771,3218.77,3218.91,ETH
2026-01-06 08:54:58+00:00,2026-01-06 09:01:40.148996+00:00,598.0,3218.631,3218.6,3218.84,ETH
2026-01-06 08:54:59+00:00,2026-01-06 09:01:41.153539+00:00,599.0,3218.451,3218.4,3218.71,ETH
2026-01-06 08:55:00+00:00,2026-01-06 09:01:43.163567+00:00,600.0,3218.461,3218.42,3218.7,ETH
2026-01-06 08:55:01+00:00,2026-01-06 09:01:44.167616+00:00,601.0,3218.421,3218.4,3218.58,ETH
2026-01-06 08:55:02+00:00,2026-01-06 09:01:45.168030+00:00,602.0,3218.441,3218.37,3218.56,ETH
2026-01-06 08:55:03+00:00,2026-01-06 09:01:46.183033+00:00,603.0,3218.661,3218.47,3218.89,ETH
2026-01-06 08:55:05+00:00,2026-01-06 09:01:47.248804+00:00,605.0,3218.801,3218.65,3218.82,ETH
2026-01-06 08:55:06+00:00,2026-01-06 09:01:48.251285+00:00,606.0,3218.781,3218.62,3218.93,ETH
2026-01-06 08:55:07+00:00,2026-01-06 09:01:49.231110+00:00,607.0,3218.781,3218.63,3218.83,ETH
2026-01-06 08:55:08+00:00,2026-01-06 09:01:50.235560+00:00,608.0,3218.851,3218.62,3218.89,ETH
2026-01-06 08:55:09+00:00,2026-01-06 09:01:51.255067+00:00,609.0,3218.781,3218.62,3218.86,ETH
2026-01-06 08:55:10+00:00,2026-01-06 09:01:52.250764+00:00,610.0,3218.771,3218.61,3218.83,ETH
2026-01-06 08:55:11+00:00,2026-01-06 09:01:53.241151+00:00,611.0,3218.691,3218.6,3218.76,ETH
2026-01-06 08:55:12+00:00,2026-01-06 09:01:54.265306+00:00,612.0,3218.691,3218.6,3218.77,ETH
2026-01-06 08:55:13+00:00,2026-01-06 09:01:55.262815+00:00,613.0,3218.731,3218.6,3218.8,ETH
2026-01-06 08:55:14+00:00,2026-01-06 09:01:56.258981+00:00,614.0,3218.771,3218.6,3218.84,ETH
2026-01-06 08:55:15+00:00,2026-01-06 09:01:57.257408+00:00,615.0,3218.771,3218.6,3218.84,ETH
2026-01-06 08:55:16+00:00,2026-01-06 09:01:58.261340+00:00,616.0,3218.751,3218.6,3218.82,ETH
2026-01-06 08:55:17+00:00,2026-01-06 09:01:59.267290+00:00,617.0,3218.751,3218.6,3218.82,ETH
2026-01-06 08:55:18+00:00,2026-01-06 09:02:00.267025+00:00,618.0,3218.771,3218.6,3218.84,ETH
2026-01-06 08:55:19+00:00,2026-01-06 09:02:01.283395+00:00,619.0,3218.781,3218.6,3218.84,ETH
2026-01-06 08:55:20+00:00,2026-01-06 09:02:02.299545+00:00,620.0,3218.731,3218.6,3218.86,ETH
2026-01-06 08:55:21+00:00,2026-01-06 09:02:03.294752+00:00,621.0,3218.731,3218.6,3218.86,ETH
2026-01-06 08:55:22+00:00,2026-01-06 09:02:04.333399+00:00,622.0,3218.721,3218.6,3218.85,ETH
2026-01-06 08:55:23+00:00,2026-01-06 09:02:05.315660+00:00,623.0,3218.731,3218.6,3218.85,ETH
2026-01-06 08:55:24+00:00,2026-01-06 09:02:06.325982+00:00,624.0,3218.761,3218.6,3218.86,ETH
2026-01-06 08:55:25+00:00,2026-01-06 09:02:07.347229+00:00,625.0,3218.761,3218.6,3218.85,ETH
2026-01-06 08:55:26+00:00,2026-01-06 09:02:08.346310+00:00,626.0,3218.761,3218.6,3218.85,ETH
2026-01-06 08:55:27+00:00,2026-01-06 09:02:10.364997+00:00,627.0,3218.771,3218.6,3218.89,ETH
2026-01-06 08:55:28+00:00,2026-01-06 09:02:11.368880+00:00,628.0,3218.781,3218.6,3218.9,ETH
2026-01-06 08:55:29+00:00,2026-01-06 09:02:12.382653+00:00,629.0,3218.831,3218.6,3218.97,ETH
2026-01-06 08:55:30+00:00,2026-01-06 09:02:13.376603+00:00,630.0,3218.881,3218.6,3219.06,ETH
2026-01-06 08:55:31+00:00,2026-01-06 09:02:14.368344+00:00,631.0,3218.951,3218.69,3219.1,ETH
2026-01-06 08:55:32+00:00,2026-01-06 09:02:15.362816+00:00,632.0,3219.011,3218.78,3219.11,ETH
2026-01-06 08:55:33+00:00,2026-01-06 09:02:16.384197+00:00,633.0,3219.011,3218.78,3219.11,ETH
2026-01-06 08:55:34+00:00,2026-01-06 09:02:17.379977+00:00,634.0,3219.011,3218.78,3219.11,ETH
2026-01-06 08:55:35+00:00,2026-01-06 09:02:18.383168+00:00,635.0,3219.011,3218.78,3219.2,ETH
2026-01-06 08:55:36+00:00,2026-01-06 09:02:19.377712+00:00,636.0,3219.011,3218.78,3219.28,ETH
2026-01-06 08:55:37+00:00,2026-01-06 09:02:20.379367+00:00,637.0,3219.011,3218.78,3219.29,ETH
2026-01-06 08:55:38+00:00,2026-01-06 09:02:21.381944+00:00,638.0,3218.971,3218.78,3219.3,ETH
2026-01-06 08:55:39+00:00,2026-01-06 09:02:22.379319+00:00,639.0,3218.961,3218.78,3219.3,ETH
2026-01-06 08:55:40+00:00,2026-01-06 09:02:23.397975+00:00,640.0,3218.961,3218.77,3219.3,ETH
2026-01-06 08:55:41+00:00,2026-01-06 09:02:24.392975+00:00,641.0,3218.981,3218.78,3219.3,ETH
2026-01-06 08:55:42+00:00,2026-01-06 09:02:25.401126+00:00,642.0,3219.011,3218.79,3219.3,ETH
2026-01-06 08:55:43+00:00,2026-01-06 09:02:26.397491+00:00,643.0,3219.011,3218.79,3219.31,ETH
2026-01-06 08:55:44+00:00,2026-01-06 09:02:27.423090+00:00,644.0,3219.011,3218.79,3219.33,ETH
2026-01-06 08:55:45+00:00,2026-01-06 09:02:28.416007+00:00,645.0,3219.011,3218.79,3219.22,ETH
2026-01-06 08:55:46+00:00,2026-01-06 09:02:29.434093+00:00,646.0,3218.991,3218.78,3219.08,ETH
2026-01-06 08:55:47+00:00,2026-01-06 09:02:30.448291+00:00,647.0,3218.971,3218.78,3219.09,ETH
2026-01-06 08:55:48+00:00,2026-01-06 09:02:31.462089+00:00,648.0,3218.931,3218.78,3219.16,ETH
2026-01-06 08:55:49+00:00,2026-01-06 09:02:32.479519+00:00,649.0,3218.901,3218.75,3219.18,ETH
2026-01-06 08:55:50+00:00,2026-01-06 09:02:33.480366+00:00,650.0,3218.901,3218.73,3219.17,ETH
2026-01-06 08:55:51+00:00,2026-01-06 09:02:34.478465+00:00,651.0,3218.901,3218.73,3219.05,ETH
2026-01-06 08:55:52+00:00,2026-01-06 09:02:35.491428+00:00,652.0,3218.901,3218.72,3219.09,ETH
2026-01-06 08:55:53+00:00,2026-01-06 09:02:36.481456+00:00,653.0,3218.901,3218.72,3219.08,ETH
2026-01-06 08:55:54+00:00,2026-01-06 09:02:37.496509+00:00,654.0,3218.901,3218.74,3219.24,ETH
2026-01-06 08:55:55+00:00,2026-01-06 09:02:38.494780+00:00,655.0,3218.901,3218.72,3219.08,ETH
2026-01-06 08:55:56+00:00,2026-01-06 09:02:39.513579+00:00,656.0,3218.901,3218.72,3219.1,ETH
2026-01-06 08:55:57+00:00,2026-01-06 09:02:40.516392+00:00,657.0,3218.901,3218.72,3219.08,ETH
2026-01-06 08:55:58+00:00,2026-01-06 09:02:41.514852+00:00,658.0,3218.961,3218.74,3219.22,ETH
2026-01-06 08:55:59+00:00,2026-01-06 09:02:42.532371+00:00,659.0,3218.961,3218.74,3219.09,ETH
2026-01-06 08:56:00+00:00,2026-01-06 09:02:43.546206+00:00,660.0,3218.771,3218.62,3218.98,ETH
2026-01-06 08:56:01+00:00,2026-01-06 09:02:44.560684+00:00,661.0,3218.841,3218.67,3219.12,ETH
2026-01-06 08:56:02+00:00,2026-01-06 09:02:45.547966+00:00,662.0,3218.941,3218.71,3219.1,ETH
2026-01-06 08:56:03+00:00,2026-01-06 09:02:46.578439+00:00,663.0,3218.951,3218.72,3219.09,ETH
2026-01-06 08:56:04+00:00,2026-01-06 09:02:47.581058+00:00,664.0,3219.001,3218.78,3219.06,ETH
2026-01-06 08:56:05+00:00,2026-01-06 09:02:48.589710+00:00,665.0,3219.011,3218.78,3219.14,ETH
2026-01-06 08:56:06+00:00,2026-01-06 09:02:49.595734+00:00,666.0,3219.131,3218.99,3219.32,ETH
2026-01-06 08:56:07+00:00,2026-01-06 09:02:50.583382+00:00,667.0,3219.051,3218.91,3219.18,ETH
2026-01-06 08:56:08+00:00,2026-01-06 09:02:51.606499+00:00,668.0,3219.021,3218.9,3219.34,ETH
2026-01-06 08:56:09+00:00,2026-01-06 09:02:52.611757+00:00,669.0,3219.021,3218.9,3219.33,ETH
2026-01-06 08:56:10+00:00,2026-01-06 09:02:53.616478+00:00,670.0,3219.081,3218.91,3219.19,ETH
2026-01-06 08:56:11+00:00,2026-01-06 09:02:54.630477+00:00,671.0,3219.021,3218.91,3219.11,ETH
2026-01-06 08:56:12+00:00,2026-01-06 09:02:55.631422+00:00,672.0,3219.031,3218.93,3219.32,ETH
2026-01-06 08:56:13+00:00,2026-01-06 09:02:56.640633+00:00,673.0,3219.051,3218.92,3219.36,ETH
2026-01-06 08:56:14+00:00,2026-01-06 09:02:57.646368+00:00,674.0,3219.041,3218.92,3219.32,ETH
2026-01-06 08:56:15+00:00,2026-01-06 09:02:58.720276+00:00,675.0,3219.011,3218.92,3219.33,ETH
2026-01-06 08:56:16+00:00,2026-01-06 09:02:59.714395+00:00,676.0,3218.991,3218.92,3219.29,ETH
2026-01-06 08:56:17+00:00,2026-01-06 09:03:00.731756+00:00,677.0,3218.991,3218.85,3219.24,ETH
2026-01-06 08:56:18+00:00,2026-01-06 09:03:01.733068+00:00,678.0,3218.951,3218.85,3219.28,ETH
2026-01-06 08:56:19+00:00,2026-01-06 09:03:02.720163+00:00,679.0,3218.951,3218.85,3219.14,ETH
2026-01-06 08:56:20+00:00,2026-01-06 09:03:03.728965+00:00,680.0,3218.841,3218.7,3219.12,ETH
2026-01-06 08:56:21+00:00,2026-01-06 09:03:04.736656+00:00,681.0,3218.701,3218.7,3218.99,ETH
2026-01-06 08:56:22+00:00,2026-01-06 09:03:05.756069+00:00,682.0,3218.691,3218.6,3218.9,ETH
2026-01-06 08:56:23+00:00,2026-01-06 09:03:06.758829+00:00,683.0,3218.701,3218.51,3218.8,ETH
2026-01-06 08:56:24+00:00,2026-01-06 09:03:07.782909+00:00,684.0,3218.701,3218.49,3218.83,ETH
2026-01-06 08:56:25+00:00,2026-01-06 09:03:08.797168+00:00,685.0,3218.631,3218.46,3218.7,ETH
2026-01-06 08:56:26+00:00,2026-01-06 09:03:09.799457+00:00,686.0,3218.701,3218.45,3218.84,ETH
2026-01-06 08:56:27+00:00,2026-01-06 09:03:10.793554+00:00,687.0,3218.701,3218.45,3218.83,ETH
2026-01-06 08:56:28+00:00,2026-01-06 09:03:11.815273+00:00,688.0,3218.701,3218.47,3218.84,ETH
2026-01-06 08:56:29+00:00,2026-01-06 09:03:12.809925+00:00,689.0,3218.701,3218.47,3218.82,ETH
2026-01-06 08:56:30+00:00,2026-01-06 09:03:13.816377+00:00,690.0,3218.701,3218.49,3218.86,ETH
2026-01-06 08:56:31+00:00,2026-01-06 09:03:14.811787+00:00,691.0,3218.701,3218.49,3218.85,ETH
2026-01-06 08:56:32+00:00,2026-01-06 09:03:15.830784+00:00,692.0,3218.701,3218.5,3218.87,ETH
2026-01-06 08:56:33+00:00,2026-01-06 09:03:16.847379+00:00,693.0,3218.671,3218.5,3218.71,ETH
2026-01-06 08:56:34+00:00,2026-01-06 09:03:17.846704+00:00,694.0,3218.311,3218.29,3218.74,ETH
2026-01-06 08:56:35+00:00,2026-01-06 09:03:18.846128+00:00,695.0,3218.311,3218.29,3218.74,ETH
2026-01-06 08:56:36+00:00,2026-01-06 09:03:19.862210+00:00,696.0,3218.301,3218.3,3218.44,ETH
2026-01-06 08:56:37+00:00,2026-01-06 09:03:20.862676+00:00,697.0,3218.301,3218.28,3218.44,ETH
2026-01-06 08:56:38+00:00,2026-01-06 09:03:21.863499+00:00,698.0,3218.301,3218.3,3218.48,ETH
2026-01-06 08:56:39+00:00,2026-01-06 09:03:23.862938+00:00,699.0,3218.301,3218.29,3218.45,ETH
2026-01-06 08:56:40+00:00,2026-01-06 09:03:24.876922+00:00,700.0,3218.301,3218.29,3218.46,ETH
2026-01-06 08:56:41+00:00,2026-01-06 09:03:25.875984+00:00,701.0,3218.301,3218.29,3218.44,ETH
2026-01-06 08:56:42+00:00,2026-01-06 09:03:26.877546+00:00,702.0,3218.301,3218.3,3218.4,ETH
2026-01-06 08:56:43+00:00,2026-01-06 09:03:27.881238+00:00,703.0,3218.301,3218.3,3218.41,ETH
2026-01-06 08:56:44+00:00,2026-01-06 09:03:28.883340+00:00,704.0,3218.301,3218.3,3218.43,ETH
2026-01-06 08:56:45+00:00,2026-01-06 09:03:29.862973+00:00,705.0,3218.301,3218.3,3218.4,ETH
2026-01-06 08:56:46+00:00,2026-01-06 09:03:30.864863+00:00,706.0,3218.301,3218.3,3218.38,ETH
2026-01-06 08:56:47+00:00,2026-01-06 09:03:31.847076+00:00,707.0,3218.231,3218.19,3218.34,ETH
2026-01-06 08:56:48+00:00,2026-01-06 09:03:32.859752+00:00,708.0,3218.231,3218.19,3218.34,ETH
2026-01-06 08:56:49+00:00,2026-01-06 09:03:33.874594+00:00,709.0,3218.301,3218.3,3218.4,ETH
2026-01-06 08:56:50+00:00,2026-01-06 09:03:34.863977+00:00,710.0,3218.301,3218.3,3218.41,ETH
2026-01-06 08:56:51+00:00,2026-01-06 09:03:35.874714+00:00,711.0,3218.371,3218.3,3218.61,ETH
2026-01-06 08:56:52+00:00,2026-01-06 09:03:36.878289+00:00,712.0,3218.721,3218.63,3218.93,ETH
2026-01-06 08:56:53+00:00,2026-01-06 09:03:37.883759+00:00,713.0,3218.841,3218.8,3218.89,ETH
2026-01-06 08:56:54+00:00,2026-01-06 09:03:38.891482+00:00,714.0,3218.661,3218.62,3218.72,ETH
2026-01-06 08:56:55+00:00,2026-01-06 09:03:39.896362+00:00,715.0,3218.621,3218.58,3218.71,ETH
2026-01-06 08:56:56+00:00,2026-01-06 09:03:40.913162+00:00,716.0,3218.641,3218.61,3218.73,ETH
2026-01-06 08:56:57+00:00,2026-01-06 09:03:41.931644+00:00,717.0,3218.681,3218.65,3218.75,ETH
2026-01-06 08:56:58+00:00,2026-01-06 09:03:42.910889+00:00,718.0,3218.711,3218.65,3218.83,ETH
2026-01-06 08:56:59+00:00,2026-01-06 09:03:44.007347+00:00,719.0,3218.761,3218.68,3218.88,ETH
2026-01-06 08:57:00+00:00,2026-01-06 09:03:44.995273+00:00,720.0,3218.791,3218.69,3218.85,ETH
2026-01-06 08:57:01+00:00,2026-01-06 09:03:46.007513+00:00,721.0,3218.791,3218.69,3218.81,ETH
2026-01-06 08:57:02+00:00,2026-01-06 09:03:46.994596+00:00,722.0,3218.761,3218.69,3218.78,ETH
2026-01-06 08:57:03+00:00,2026-01-06 09:03:48.010376+00:00,723.0,3218.751,3218.69,3218.78,ETH
2026-01-06 08:57:04+00:00,2026-01-06 09:03:49.023876+00:00,724.0,3218.751,3218.69,3218.78,ETH
2026-01-06 08:57:05+00:00,2026-01-06 09:03:50.039593+00:00,725.0,3218.751,3218.69,3218.79,ETH
2026-01-06 08:57:06+00:00,2026-01-06 09:03:51.041201+00:00,726.0,3218.751,3218.68,3218.78,ETH
2026-01-06 08:57:07+00:00,2026-01-06 09:03:52.058046+00:00,727.0,3218.781,3218.65,3218.88,ETH
2026-01-06 08:57:08+00:00,2026-01-06 09:03:53.074329+00:00,728.0,3218.781,3218.65,3219.0,ETH
2026-01-06 08:57:09+00:00,2026-01-06 09:03:54.092108+00:00,729.0,3218.741,3218.68,3218.78,ETH
2026-01-06 08:57:10+00:00,2026-01-06 09:03:55.105727+00:00,730.0,3218.741,3218.67,3218.78,ETH
2026-01-06 08:57:11+00:00,2026-01-06 09:03:56.112235+00:00,731.0,3218.731,3218.69,3218.78,ETH
2026-01-06 08:57:12+00:00,2026-01-06 09:03:57.124320+00:00,732.0,3218.781,3218.7,3218.89,ETH
2026-01-06 08:57:13+00:00,2026-01-06 09:03:58.140242+00:00,733.0,3218.831,3218.8,3218.87,ETH
2026-01-06 08:57:14+00:00,2026-01-06 09:03:59.195493+00:00,734.0,3218.821,3218.8,3218.87,ETH
2026-01-06 08:57:15+00:00,2026-01-06 09:04:00.193709+00:00,735.0,3218.811,3218.79,3218.87,ETH
2026-01-06 08:57:16+00:00,2026-01-06 09:04:01.194862+00:00,736.0,3218.811,3218.8,3218.87,ETH
2026-01-06 08:57:17+00:00,2026-01-06 09:04:02.190057+00:00,737.0,3218.811,3218.8,3218.87,ETH
2026-01-06 08:57:18+00:00,2026-01-06 09:04:03.186925+00:00,738.0,3218.811,3218.8,3218.89,ETH
2026-01-06 08:57:19+00:00,2026-01-06 09:04:04.192577+00:00,739.0,3218.821,3218.81,3218.89,ETH
2026-01-06 08:57:20+00:00,2026-01-06 09:04:05.204565+00:00,740.0,3218.851,3218.82,3218.97,ETH
2026-01-06 08:57:21+00:00,2026-01-06 09:04:06.200786+00:00,741.0,3218.921,3218.83,3219.06,ETH
2026-01-06 08:57:22+00:00,2026-01-06 09:04:07.201278+00:00,742.0,3218.941,3218.83,3219.01,ETH
2026-01-06 08:57:23+00:00,2026-01-06 09:04:08.206758+00:00,743.0,3218.931,3218.83,3218.98,ETH
2026-01-06 08:57:24+00:00,2026-01-06 09:04:09.219910+00:00,744.0,3218.911,3218.83,3218.95,ETH
2026-01-06 08:57:25+00:00,2026-01-06 09:04:10.237348+00:00,745.0,3218.871,3218.81,3218.88,ETH
2026-01-06 08:57:26+00:00,2026-01-06 09:04:11.237955+00:00,746.0,3218.841,3218.79,3218.85,ETH
2026-01-06 08:57:27+00:00,2026-01-06 09:04:12.237635+00:00,747.0,3218.841,3218.82,3218.92,ETH
2026-01-06 08:57:28+00:00,2026-01-06 09:04:13.238368+00:00,748.0,3218.841,3218.82,3218.9,ETH
2026-01-06 08:57:29+00:00,2026-01-06 09:04:14.237603+00:00,749.0,3218.841,3218.8,3218.89,ETH
2026-01-06 08:57:30+00:00,2026-01-06 09:04:15.239838+00:00,750.0,3218.841,3218.8,3218.9,ETH
2026-01-06 08:57:31+00:00,2026-01-06 09:04:16.237908+00:00,751.0,3218.841,3218.82,3218.9,ETH
2026-01-06 08:57:32+00:00,2026-01-06 09:04:17.250948+00:00,752.0,3218.891,3218.84,3218.92,ETH
2026-01-06 08:57:33+00:00,2026-01-06 09:04:18.259729+00:00,753.0,3218.851,3218.81,3218.9,ETH
2026-01-06 08:57:34+00:00,2026-01-06 09:04:19.266371+00:00,754.0,3218.891,3218.84,3218.93,ETH
2026-01-06 08:57:35+00:00,2026-01-06 09:04:20.277806+00:00,755.0,3218.921,3218.85,3218.93,ETH
2026-01-06 08:57:36+00:00,2026-01-06 09:04:21.276608+00:00,756.0,3218.921,3218.84,3218.96,ETH
2026-01-06 08:57:37+00:00,2026-01-06 09:04:22.271492+00:00,757.0,3218.921,3218.84,3218.93,ETH
2026-01-06 08:57:38+00:00,2026-01-06 09:04:23.277814+00:00,758.0,3218.891,3218.81,3218.93,ETH
2026-01-06 08:57:39+00:00,2026-01-06 09:04:24.272814+00:00,759.0,3218.891,3218.81,3218.93,ETH
2026-01-06 08:57:40+00:00,2026-01-06 09:04:25.278118+00:00,760.0,3218.891,3218.81,3218.94,ETH
2026-01-06 08:57:41+00:00,2026-01-06 09:04:26.310732+00:00,761.0,3218.881,3218.8,3218.91,ETH
2026-01-06 08:57:42+00:00,2026-01-06 09:04:27.310566+00:00,762.0,3218.881,3218.78,3218.92,ETH
2026-01-06 08:57:43+00:00,2026-01-06 09:04:28.311543+00:00,763.0,3218.881,3218.78,3218.92,ETH
2026-01-06 08:57:44+00:00,2026-01-06 09:04:29.307550+00:00,764.0,3218.891,3218.78,3218.98,ETH
2026-01-06 08:57:45+00:00,2026-01-06 09:04:30.325618+00:00,765.0,3218.881,3218.8,3218.93,ETH
2026-01-06 08:57:46+00:00,2026-01-06 09:04:31.342693+00:00,766.0,3218.861,3218.81,3218.93,ETH
2026-01-06 08:57:47+00:00,2026-01-06 09:04:32.325802+00:00,767.0,3218.841,3218.61,3218.9,ETH
2026-01-06 08:57:48+00:00,2026-01-06 09:04:33.338535+00:00,768.0,3218.841,3218.61,3218.87,ETH
2026-01-06 08:57:49+00:00,2026-01-06 09:04:34.343031+00:00,769.0,3218.751,3218.69,3218.78,ETH
2026-01-06 08:57:50+00:00,2026-01-06 09:04:36.342808+00:00,770.0,3218.761,3218.69,3218.8,ETH
2026-01-06 08:57:51+00:00,2026-01-06 09:04:37.346102+00:00,771.0,3218.761,3218.69,3218.79,ETH
2026-01-06 08:57:52+00:00,2026-01-06 09:04:38.346374+00:00,772.0,3218.761,3218.69,3218.82,ETH
2026-01-06 08:57:53+00:00,2026-01-06 09:04:39.345886+00:00,773.0,3218.731,3218.65,3218.82,ETH
2026-01-06 08:57:54+00:00,2026-01-06 09:04:40.358266+00:00,774.0,3218.671,3218.61,3218.74,ETH
2026-01-06 08:57:55+00:00,2026-01-06 09:04:41.359894+00:00,775.0,3218.631,3218.59,3218.7,ETH
2026-01-06 08:57:56+00:00,2026-01-06 09:04:42.356415+00:00,776.0,3218.611,3218.57,3218.7,ETH
2026-01-06 08:57:57+00:00,2026-01-06 09:04:43.356935+00:00,777.0,3218.561,3218.52,3218.7,ETH
2026-01-06 08:57:58+00:00,2026-01-06 09:04:44.358138+00:00,778.0,3218.521,3218.48,3218.7,ETH
2026-01-06 08:57:59+00:00,2026-01-06 09:04:45.375259+00:00,779.0,3218.581,3218.54,3218.74,ETH
2026-01-06 08:58:00+00:00,2026-01-06 09:04:46.374585+00:00,780.0,3218.701,3218.61,3218.79,ETH
2026-01-06 08:58:01+00:00,2026-01-06 09:04:47.391229+00:00,781.0,3218.791,3218.64,3218.84,ETH
2026-01-06 08:58:02+00:00,2026-01-06 09:04:48.391317+00:00,782.0,3218.841,3218.65,3218.89,ETH
2026-01-06 08:58:03+00:00,2026-01-06 09:04:49.391956+00:00,783.0,3218.781,3218.65,3218.81,ETH
2026-01-06 08:58:04+00:00,2026-01-06 09:04:50.389005+00:00,784.0,3218.721,3218.66,3218.73,ETH
2026-01-06 08:58:05+00:00,2026-01-06 09:04:51.403461+00:00,785.0,3218.731,3218.69,3218.76,ETH
2026-01-06 08:58:06+00:00,2026-01-06 09:04:52.408083+00:00,786.0,3218.751,3218.71,3218.79,ETH
2026-01-06 08:58:07+00:00,2026-01-06 09:04:53.408642+00:00,787.0,3218.751,3218.71,3218.79,ETH
2026-01-06 08:58:08+00:00,2026-01-06 09:04:54.427315+00:00,788.0,3218.741,3218.7,3218.78,ETH
2026-01-06 08:58:09+00:00,2026-01-06 09:04:55.425026+00:00,789.0,3218.741,3218.7,3218.78,ETH
2026-01-06 08:58:10+00:00,2026-01-06 09:04:56.438901+00:00,790.0,3218.731,3218.69,3218.77,ETH
2026-01-06 08:58:11+00:00,2026-01-06 09:04:57.446879+00:00,791.0,3218.731,3218.7,3218.77,ETH
2026-01-06 08:58:12+00:00,2026-01-06 09:04:58.473070+00:00,792.0,3218.761,3218.71,3218.8,ETH
2026-01-06 08:58:13+00:00,2026-01-06 09:04:59.474182+00:00,793.0,3218.841,3218.74,3218.93,ETH
2026-01-06 08:58:14+00:00,2026-01-06 09:05:00.494877+00:00,794.0,3218.901,3218.76,3219.05,ETH
2026-01-06 08:58:15+00:00,2026-01-06 09:05:01.488179+00:00,795.0,3218.821,3218.74,3218.88,ETH
2026-01-06 08:58:16+00:00,2026-01-06 09:05:02.489620+00:00,796.0,3218.871,3218.76,3218.87,ETH
2026-01-06 08:58:17+00:00,2026-01-06 09:05:03.488298+00:00,797.0,3218.871,3218.77,3218.87,ETH
2026-01-06 08:58:18+00:00,2026-01-06 09:05:04.477371+00:00,798.0,3218.871,3218.76,3218.87,ETH
2026-01-06 08:58:19+00:00,2026-01-06 09:05:05.494782+00:00,799.0,3218.821,3218.72,3218.84,ETH
2026-01-06 08:58:20+00:00,2026-01-06 09:05:06.487834+00:00,800.0,3218.811,3218.73,3218.84,ETH
2026-01-06 08:58:21+00:00,2026-01-06 09:05:07.487913+00:00,801.0,3218.781,3218.75,3218.82,ETH
2026-01-06 08:58:22+00:00,2026-01-06 09:05:08.484903+00:00,802.0,3218.791,3218.75,3218.82,ETH
2026-01-06 08:58:23+00:00,2026-01-06 09:05:09.488522+00:00,803.0,3218.751,3218.64,3218.76,ETH
2026-01-06 08:58:24+00:00,2026-01-06 09:05:10.492268+00:00,804.0,3218.781,3218.75,3218.82,ETH
2026-01-06 08:58:25+00:00,2026-01-06 09:05:11.492518+00:00,805.0,3218.751,3218.67,3218.76,ETH
2026-01-06 08:58:26+00:00,2026-01-06 09:05:12.502716+00:00,806.0,3218.721,3218.69,3218.76,ETH
2026-01-06 08:58:27+00:00,2026-01-06 09:05:13.505832+00:00,807.0,3218.721,3218.69,3218.76,ETH
2026-01-06 08:58:28+00:00,2026-01-06 09:05:14.504892+00:00,808.0,3218.751,3218.7,3218.79,ETH
2026-01-06 08:58:29+00:00,2026-01-06 09:05:15.507740+00:00,809.0,3218.761,3218.69,3218.82,ETH
2026-01-06 08:58:30+00:00,2026-01-06 09:05:16.511433+00:00,810.0,3218.771,3218.69,3218.85,ETH
2026-01-06 08:58:31+00:00,2026-01-06 09:05:17.523000+00:00,811.0,3218.781,3218.68,3218.88,ETH
2026-01-06 08:58:32+00:00,2026-01-06 09:05:18.522031+00:00,812.0,3218.751,3218.68,3218.76,ETH
2026-01-06 08:58:33+00:00,2026-01-06 09:05:19.524110+00:00,813.0,3218.751,3218.66,3218.76,ETH
2026-01-06 08:58:34+00:00,2026-01-06 09:05:20.518595+00:00,814.0,3218.751,3218.69,3218.76,ETH
2026-01-06 08:58:35+00:00,2026-01-06 09:05:21.539225+00:00,815.0,3218.761,3218.7,3218.77,ETH
2026-01-06 08:58:36+00:00,2026-01-06 09:05:22.524281+00:00,816.0,3218.761,3218.71,3218.79,ETH
2026-01-06 08:58:37+00:00,2026-01-06 09:05:23.549029+00:00,817.0,3218.761,3218.71,3218.79,ETH
2026-01-06 08:58:38+00:00,2026-01-06 09:05:24.557587+00:00,818.0,3218.761,3218.68,3218.76,ETH
2026-01-06 08:58:39+00:00,2026-01-06 09:05:26.574376+00:00,819.0,3218.761,3218.69,3218.77,ETH
2026-01-06 08:58:40+00:00,2026-01-06 09:05:27.599017+00:00,820.0,3218.761,3218.7,3218.8,ETH
2026-01-06 08:58:41+00:00,2026-01-06 09:05:28.607625+00:00,821.0,3218.811,3218.71,3218.86,ETH
2026-01-06 08:58:42+00:00,2026-01-06 09:05:29.607994+00:00,822.0,3218.801,3218.7,3218.84,ETH
2026-01-06 08:58:43+00:00,2026-01-06 09:05:30.621386+00:00,823.0,3218.761,3218.69,3218.79,ETH
2026-01-06 08:58:44+00:00,2026-01-06 09:05:31.613516+00:00,824.0,3218.771,3218.71,3218.81,ETH
2026-01-06 08:58:45+00:00,2026-01-06 09:05:32.626674+00:00,825.0,3218.771,3218.71,3218.81,ETH
2026-01-06 08:58:46+00:00,2026-01-06 09:05:33.625854+00:00,826.0,3218.761,3218.71,3218.8,ETH
2026-01-06 08:58:47+00:00,2026-01-06 09:05:34.636476+00:00,827.0,3218.751,3218.71,3218.79,ETH
2026-01-06 08:58:48+00:00,2026-01-06 09:05:35.634891+00:00,828.0,3218.751,3218.7,3218.77,ETH
2026-01-06 08:58:50+00:00,2026-01-06 09:05:36.689761+00:00,830.0,3218.751,3218.69,3218.76,ETH
2026-01-06 08:58:51+00:00,2026-01-06 09:05:37.658990+00:00,831.0,3218.751,3218.68,3218.76,ETH
2026-01-06 08:58:52+00:00,2026-01-06 09:05:38.684713+00:00,832.0,3218.771,3218.7,3218.8,ETH
2026-01-06 08:58:53+00:00,2026-01-06 09:05:39.691393+00:00,833.0,3218.741,3218.68,3218.76,ETH
2026-01-06 08:58:54+00:00,2026-01-06 09:05:40.695843+00:00,834.0,3218.711,3218.68,3218.76,ETH
2026-01-06 08:58:55+00:00,2026-01-06 09:05:41.708227+00:00,835.0,3218.721,3218.69,3218.76,ETH
2026-01-06 08:58:56+00:00,2026-01-06 09:05:42.717958+00:00,836.0,3218.711,3218.68,3218.76,ETH
2026-01-06 08:58:57+00:00,2026-01-06 09:05:43.717642+00:00,837.0,3218.701,3218.68,3218.76,ETH
2026-01-06 08:58:58+00:00,2026-01-06 09:05:44.726422+00:00,838.0,3218.711,3218.67,3218.76,ETH
2026-01-06 08:58:59+00:00,2026-01-06 09:05:45.745943+00:00,839.0,3218.721,3218.69,3218.76,ETH
2026-01-06 08:59:00+00:00,2026-01-06 09:05:46.752596+00:00,840.0,3218.722,3218.69,3218.76,ETH
2026-01-06 08:59:01+00:00,2026-01-06 09:05:47.771853+00:00,841.0,3217.942,3217.79,3218.1,ETH
2026-01-06 08:59:02+00:00,2026-01-06 09:05:48.767176+00:00,842.0,3217.422,3217.24,3217.46,ETH
2026-01-06 08:59:03+00:00,2026-01-06 09:05:49.785384+00:00,843.0,3217.052,3216.91,3217.21,ETH
2026-01-06 08:59:04+00:00,2026-01-06 09:05:50.869659+00:00,844.0,3216.952,3216.91,3217.16,ETH
2026-01-06 08:59:05+00:00,2026-01-06 09:05:51.888800+00:00,845.0,3217.302,3217.12,3217.52,ETH
2026-01-06 08:59:06+00:00,2026-01-06 09:05:52.906644+00:00,846.0,3217.372,3217.26,3217.48,ETH
2026-01-06 08:59:07+00:00,2026-01-06 09:05:53.916661+00:00,847.0,3217.462,3217.16,3217.53,ETH
2026-01-06 08:59:08+00:00,2026-01-06 09:05:54.924700+00:00,848.0,3217.642,3217.36,3217.74,ETH
2026-01-06 08:59:09+00:00,2026-01-06 09:05:55.924523+00:00,849.0,3217.812,3217.56,3217.95,ETH
2026-01-06 08:59:10+00:00,2026-01-06 09:05:56.936202+00:00,850.0,3217.862,3217.77,3218.11,ETH
2026-01-06 08:59:11+00:00,2026-01-06 09:05:57.971576+00:00,851.0,3218.182,3217.93,3218.43,ETH
2026-01-06 08:59:12+00:00,2026-01-06 09:05:58.973767+00:00,852.0,3218.232,3217.94,3218.4,ETH
2026-01-06 08:59:13+00:00,2026-01-06 09:05:59.959336+00:00,853.0,3218.172,3217.94,3218.4,ETH
2026-01-06 08:59:14+00:00,2026-01-06 09:06:00.976581+00:00,854.0,3218.172,3217.94,3218.26,ETH
2026-01-06 08:59:15+00:00,2026-01-06 09:06:01.971106+00:00,855.0,3218.202,3217.97,3218.27,ETH
2026-01-06 08:59:16+00:00,2026-01-06 09:06:02.973631+00:00,856.0,3218.142,3217.97,3218.25,ETH
2026-01-06 08:59:17+00:00,2026-01-06 09:06:03.986293+00:00,857.0,3218.142,3217.99,3218.29,ETH
2026-01-06 08:59:18+00:00,2026-01-06 09:06:05.002648+00:00,858.0,3218.202,3217.99,3218.25,ETH
2026-01-06 08:59:19+00:00,2026-01-06 09:06:06.005827+00:00,859.0,3218.202,3217.99,3218.39,ETH
2026-01-06 08:59:20+00:00,2026-01-06 09:06:07.019033+00:00,860.0,3218.272,3217.99,3218.31,ETH
2026-01-06 08:59:21+00:00,2026-01-06 09:06:08.021342+00:00,861.0,3217.752,3217.65,3217.8,ETH
2026-01-06 08:59:22+00:00,2026-01-06 09:06:09.020105+00:00,862.0,3217.672,3217.51,3217.74,ETH
2026-01-06 08:59:23+00:00,2026-01-06 09:06:10.018513+00:00,863.0,3217.642,3217.46,3217.68,ETH
2026-01-06 08:59:24+00:00,2026-01-06 09:06:11.020639+00:00,864.0,3217.572,3217.46,3217.66,ETH
2026-01-06 08:59:25+00:00,2026-01-06 09:06:12.022600+00:00,865.0,3217.572,3217.45,3217.66,ETH
2026-01-06 08:59:26+00:00,2026-01-06 09:06:13.039752+00:00,866.0,3217.552,3217.45,3217.66,ETH
2026-01-06 08:59:27+00:00,2026-01-06 09:06:14.021073+00:00,867.0,3217.532,3217.45,3217.66,ETH
2026-01-06 08:59:28+00:00,2026-01-06 09:06:16.037504+00:00,868.0,3217.562,3217.45,3217.66,ETH
2026-01-06 08:59:29+00:00,2026-01-06 09:06:17.049010+00:00,869.0,3217.572,3217.46,3217.66,ETH
2026-01-06 08:59:30+00:00,2026-01-06 09:06:18.053358+00:00,870.0,3217.302,3217.22,3217.51,ETH
2026-01-06 08:59:31+00:00,2026-01-06 09:06:19.052688+00:00,871.0,3217.032,3216.93,3217.24,ETH
2026-01-06 08:59:32+00:00,2026-01-06 09:06:20.052128+00:00,872.0,3216.882,3216.7,3217.05,ETH
2026-01-06 08:59:33+00:00,2026-01-06 09:06:21.054163+00:00,873.0,3216.642,3216.48,3216.86,ETH
2026-01-06 08:59:34+00:00,2026-01-06 09:06:22.054613+00:00,874.0,3216.572,3216.45,3216.72,ETH
2026-01-06 08:59:35+00:00,2026-01-06 09:06:23.056139+00:00,875.0,3216.592,3216.45,3216.68,ETH
2026-01-06 08:59:36+00:00,2026-01-06 09:06:24.073187+00:00,876.0,3216.582,3216.45,3216.64,ETH
2026-01-06 08:59:37+00:00,2026-01-06 09:06:25.073199+00:00,877.0,3216.452,3216.38,3216.55,ETH
2026-01-06 08:59:38+00:00,2026-01-06 09:06:26.083508+00:00,878.0,3216.342,3216.29,3216.49,ETH
2026-01-06 08:59:39+00:00,2026-01-06 09:06:27.099078+00:00,879.0,3216.342,3216.28,3216.49,ETH
2026-01-06 08:59:40+00:00,2026-01-06 09:06:28.108754+00:00,880.0,3216.322,3216.26,3216.49,ETH
2026-01-06 08:59:41+00:00,2026-01-06 09:06:29.115494+00:00,881.0,3216.312,3216.26,3216.45,ETH
2026-01-06 08:59:43+00:00,2026-01-06 09:06:30.215814+00:00,883.0,3216.292,3216.23,3216.31,ETH
2026-01-06 08:59:44+00:00,2026-01-06 09:06:31.217012+00:00,884.0,3216.312,3216.21,3216.31,ETH
2026-01-06 08:59:45+00:00,2026-01-06 09:06:32.242577+00:00,885.0,3216.312,3216.21,3216.31,ETH
2026-01-06 08:59:46+00:00,2026-01-06 09:06:33.235302+00:00,886.0,3216.312,3216.21,3216.31,ETH
2026-01-06 08:59:47+00:00,2026-01-06 09:06:34.239302+00:00,887.0,3216.392,3216.22,3216.47,ETH
2026-01-06 08:59:48+00:00,2026-01-06 09:06:35.251633+00:00,888.0,3216.362,3216.28,3216.43,ETH
2026-01-06 08:59:49+00:00,2026-01-06 09:06:36.252647+00:00,889.0,3216.542,3216.31,3216.69,ETH
2026-01-06 08:59:50+00:00,2026-01-06 09:06:37.254511+00:00,890.0,3216.532,3216.31,3216.73,ETH
2026-01-06 08:59:51+00:00,2026-01-06 09:06:39.269393+00:00,891.0,3216.462,3216.31,3216.58,ETH
2026-01-06 08:59:52+00:00,2026-01-06 09:06:40.271000+00:00,892.0,3216.392,3216.31,3216.43,ETH
2026-01-06 08:59:53+00:00,2026-01-06 09:06:41.271125+00:00,893.0,3216.362,3216.3,3216.4,ETH
2026-01-06 08:59:54+00:00,2026-01-06 09:06:42.264404+00:00,894.0,3216.362,3216.3,3216.4,ETH
2026-01-06 08:59:55+00:00,2026-01-06 09:06:43.287893+00:00,895.0,3216.442,3216.31,3216.48,ETH
2026-01-06 08:59:56+00:00,2026-01-06 09:06:44.265664+00:00,896.0,3216.532,3216.38,3216.57,ETH
2026-01-06 08:59:57+00:00,2026-01-06 09:06:45.272970+00:00,897.0,3216.582,3216.45,3216.62,ETH
2026-01-06 08:59:58+00:00,2026-01-06 09:06:46.286655+00:00,898.0,3216.582,3216.45,3216.62,ETH
2026-01-06 08:59:59+00:00,2026-01-06 09:06:47.280885+00:00,899.0,3216.572,3216.45,3216.61,ETH
