timestamp,collected_at,seconds,up_mid,up_best_bid,up_best_ask,down_mid,down_best_bid,down_best_ask,up_best_bid_size,up_best_ask_size,down_best_bid_size,down_best_ask_size
2026-01-06 08:45:00.003000+00:00,2026-01-06 08:45:00.259618+00:00,0.003,0.475,0.47,0.48,0.525,0.52,0.53,,,,
2026-01-06 08:45:01.043000+00:00,2026-01-06 08:45:01.275077+00:00,1.043,0.475,0.47,0.48,0.525,0.52,0.53,,,,
2026-01-06 08:45:02.086000+00:00,2026-01-06 08:45:02.287487+00:00,2.086,0.505,0.48,0.53,0.47,0.46,0.48,,,,
2026-01-06 08:45:03.054000+00:00,2026-01-06 08:45:03.288350+00:00,3.054,0.55,0.54,0.56,0.45,0.44,0.46,,,,
2026-01-06 08:45:04.085000+00:00,2026-01-06 08:45:04.292713+00:00,4.085,0.545,0.54,0.55,0.455,0.45,0.46,,,,
2026-01-06 08:45:05.107000+00:00,2026-01-06 08:45:05.294310+00:00,5.107,0.55,0.54,0.56,0.45,0.44,0.46,,,,
2026-01-06 08:45:06.099000+00:00,2026-01-06 08:45:06.291873+00:00,6.099,0.555,0.55,0.56,0.445,0.44,0.45,,,,
2026-01-06 08:45:07.093000+00:00,2026-01-06 08:45:07.291345+00:00,7.093,0.555,0.55,0.56,0.445,0.44,0.45,,,,
2026-01-06 08:45:08.111000+00:00,2026-01-06 08:45:08.308212+00:00,8.111,0.555,0.55,0.56,0.445,0.44,0.45,,,,
2026-01-06 08:45:09.096000+00:00,2026-01-06 08:45:09.309829+00:00,9.096,0.555,0.55,0.56,0.445,0.44,0.45,,,,
2026-01-06 08:45:10.103000+00:00,2026-01-06 08:45:10.309653+00:00,10.103,0.525,0.52,0.53,0.475,0.47,0.48,,,,
2026-01-06 08:45:11.103000+00:00,2026-01-06 08:45:11.313499+00:00,11.103,0.525,0.52,0.53,0.475,0.47,0.48,,,,
2026-01-06 08:45:12.041000+00:00,2026-01-06 08:45:12.330062+00:00,12.041,0.53,0.52,0.54,0.47,0.46,0.48,,,,
2026-01-06 08:45:13.917000+00:00,2026-01-06 08:45:14.342249+00:00,13.917,0.53,0.52,0.54,0.47,0.46,0.48,,,,
2026-01-06 08:45:15.167000+00:00,2026-01-06 08:45:15.358788+00:00,15.167,0.53,0.52,0.54,0.47,0.46,0.48,,,,
2026-01-06 08:45:16.117000+00:00,2026-01-06 08:45:16.367141+00:00,16.117,0.535,0.53,0.54,0.4649999999999999,0.46,0.47,,,,
2026-01-06 08:45:17.158000+00:00,2026-01-06 08:45:17.357997+00:00,17.158,0.55,0.54,0.56,0.45,0.44,0.46,,,,
2026-01-06 08:45:18.159000+00:00,2026-01-06 08:45:18.352516+00:00,18.159,0.555,0.55,0.56,0.45,0.44,0.46,,,,
2026-01-06 08:45:19.116000+00:00,2026-01-06 08:45:19.361501+00:00,19.116,0.555,0.55,0.56,0.445,0.44,0.45,,,,
2026-01-06 08:45:20.122000+00:00,2026-01-06 08:45:20.375661+00:00,20.122,0.555,0.55,0.56,0.445,0.44,0.45,,,,
2026-01-06 08:45:21.142000+00:00,2026-01-06 08:45:21.391027+00:00,21.142,0.555,0.55,0.56,0.445,0.44,0.45,,,,
2026-01-06 08:45:22.002000+00:00,2026-01-06 08:45:22.391137+00:00,22.002,0.555,0.55,0.56,0.445,0.44,0.45,,,,
2026-01-06 08:45:23.128000+00:00,2026-01-06 08:45:23.407727+00:00,23.128,0.55,0.54,0.56,0.45,0.44,0.46,,,,
2026-01-06 08:45:24.003000+00:00,2026-01-06 08:45:24.408286+00:00,24.003,0.55,0.54,0.56,0.45,0.44,0.46,,,,
2026-01-06 08:45:25.148000+00:00,2026-01-06 08:45:25.408504+00:00,25.148,0.55,0.54,0.56,0.45,0.44,0.46,,,,
2026-01-06 08:45:26.015000+00:00,2026-01-06 08:45:26.399816+00:00,26.015,0.55,0.54,0.56,0.455,0.45,0.46,,,,
2026-01-06 08:45:27.161000+00:00,2026-01-06 08:45:27.394526+00:00,27.161,0.525,0.52,0.53,0.475,0.47,0.48,,,,
2026-01-06 08:45:28.188000+00:00,2026-01-06 08:45:28.393796+00:00,28.188,0.525,0.52,0.53,0.475,0.47,0.48,,,,
2026-01-06 08:45:29.220000+00:00,2026-01-06 08:45:29.402126+00:00,29.22,0.515,0.51,0.52,0.485,0.48,0.49,,,,
2026-01-06 08:45:30.209000+00:00,2026-01-06 08:45:30.405552+00:00,30.209,0.485,0.48,0.49,0.515,0.51,0.52,,,,
2026-01-06 08:45:31.195000+00:00,2026-01-06 08:45:31.412366+00:00,31.195,0.485,0.48,0.49,0.515,0.51,0.52,,,,
2026-01-06 08:45:32.195000+00:00,2026-01-06 08:45:32.412903+00:00,32.195,0.485,0.48,0.49,0.515,0.51,0.52,,,,
2026-01-06 08:45:33.185000+00:00,2026-01-06 08:45:33.420993+00:00,33.185,0.485,0.48,0.49,0.515,0.51,0.52,,,,
2026-01-06 08:45:34.144000+00:00,2026-01-06 08:45:34.432270+00:00,34.144,0.485,0.48,0.49,0.515,0.51,0.52,,,,
2026-01-06 08:45:35.028000+00:00,2026-01-06 08:45:35.440853+00:00,35.028,0.485,0.48,0.49,0.515,0.51,0.52,,,,
2026-01-06 08:45:36.248000+00:00,2026-01-06 08:45:36.448643+00:00,36.248,0.485,0.48,0.49,0.515,0.51,0.52,,,,
2026-01-06 08:45:37.050000+00:00,2026-01-06 08:45:37.457395+00:00,37.05,0.485,0.48,0.49,0.515,0.51,0.52,,,,
2026-01-06 08:45:38.248000+00:00,2026-01-06 08:45:38.476727+00:00,38.248,0.485,0.48,0.49,0.515,0.51,0.52,,,,
2026-01-06 08:45:39.281000+00:00,2026-01-06 08:45:39.477092+00:00,39.281,0.495,0.49,0.5,0.505,0.5,0.51,,,,
2026-01-06 08:45:40.224000+00:00,2026-01-06 08:45:40.491047+00:00,40.224,0.495,0.49,0.5,0.5,0.49,0.51,,,,
2026-01-06 08:45:41.279000+00:00,2026-01-06 08:45:41.488681+00:00,41.279,0.495,0.49,0.5,0.505,0.5,0.51,,,,
2026-01-06 08:45:42.249000+00:00,2026-01-06 08:45:42.491779+00:00,42.249,0.495,0.49,0.5,0.505,0.5,0.51,,,,
2026-01-06 08:45:43.279000+00:00,2026-01-06 08:45:43.498415+00:00,43.279,0.495,0.49,0.5,0.505,0.5,0.51,,,,
2026-01-06 08:45:44.240000+00:00,2026-01-06 08:45:44.508294+00:00,44.24,0.495,0.49,0.5,0.505,0.5,0.51,,,,
2026-01-06 08:45:45.252000+00:00,2026-01-06 08:45:45.506985+00:00,45.252,0.5,0.49,0.51,0.5,0.49,0.51,,,,
2026-01-06 08:45:46.308000+00:00,2026-01-06 08:45:46.524922+00:00,46.308,0.5,0.49,0.51,0.5,0.49,0.51,,,,
2026-01-06 08:45:47.282000+00:00,2026-01-06 08:45:47.541542+00:00,47.282,0.5,0.49,0.51,0.5,0.49,0.51,,,,
2026-01-06 08:45:48.358000+00:00,2026-01-06 08:45:48.552292+00:00,48.358,0.495,0.49,0.5,0.51,0.5,0.52,,,,
2026-01-06 08:45:49.353000+00:00,2026-01-06 08:45:49.562691+00:00,49.353,0.445,0.44,0.45,0.555,0.55,0.56,,,,
2026-01-06 08:45:50.369000+00:00,2026-01-06 08:45:50.574829+00:00,50.369,0.445,0.44,0.45,0.555,0.55,0.56,,,,
2026-01-06 08:45:51.383000+00:00,2026-01-06 08:45:51.580477+00:00,51.383,0.445,0.44,0.45,0.555,0.55,0.56,,,,
2026-01-06 08:45:52.401000+00:00,2026-01-06 08:45:52.592605+00:00,52.401,0.435,0.43,0.44,0.5700000000000001,0.56,0.58,,,,
2026-01-06 08:45:53.343000+00:00,2026-01-06 08:45:53.607947+00:00,53.343,0.415,0.41,0.42,0.585,0.58,0.59,,,,
2026-01-06 08:45:54.323000+00:00,2026-01-06 08:45:54.612131+00:00,54.323,0.41,0.4,0.42,0.59,0.58,0.6,,,,
2026-01-06 08:45:55.431000+00:00,2026-01-06 08:45:55.629885+00:00,55.431,0.385,0.38,0.39,0.625,0.62,0.63,,,,
2026-01-06 08:45:56.406000+00:00,2026-01-06 08:45:56.632647+00:00,56.406,0.36,0.35,0.37,0.64,0.63,0.65,,,,
2026-01-06 08:45:57.438000+00:00,2026-01-06 08:45:57.630976+00:00,57.438,0.365,0.36,0.37,0.635,0.63,0.64,,,,
2026-01-06 08:45:58.436000+00:00,2026-01-06 08:45:58.642284+00:00,58.436,0.365,0.36,0.37,0.635,0.63,0.64,,,,
2026-01-06 08:45:59.454000+00:00,2026-01-06 08:45:59.657570+00:00,59.454,0.345,0.34,0.35,0.655,0.65,0.66,,,,
2026-01-06 08:46:00.426000+00:00,2026-01-06 08:46:00.676612+00:00,60.426,0.345,0.34,0.35,0.655,0.65,0.66,,,,
2026-01-06 08:46:01.381000+00:00,2026-01-06 08:46:01.672751+00:00,61.381,0.345,0.34,0.35,0.655,0.65,0.66,,,,
2026-01-06 08:46:02.437000+00:00,2026-01-06 08:46:02.689701+00:00,62.437,0.345,0.34,0.35,0.655,0.65,0.66,,,,
2026-01-06 08:46:03.469000+00:00,2026-01-06 08:46:03.696109+00:00,63.469,0.345,0.34,0.35,0.655,0.65,0.66,,,,
2026-01-06 08:46:04.420000+00:00,2026-01-06 08:46:04.707849+00:00,64.42,0.345,0.34,0.35,0.655,0.65,0.66,,,,
2026-01-06 08:46:05.473000+00:00,2026-01-06 08:46:05.705452+00:00,65.473,0.355,0.35,0.36,0.645,0.64,0.65,,,,
2026-01-06 08:46:06.521000+00:00,2026-01-06 08:46:06.721064+00:00,66.521,0.355,0.35,0.36,0.645,0.64,0.65,,,,
2026-01-06 08:46:07.472000+00:00,2026-01-06 08:46:07.722671+00:00,67.472,0.36,0.35,0.37,0.64,0.63,0.65,,,,
2026-01-06 08:46:08.373000+00:00,2026-01-06 08:46:08.744956+00:00,68.373,0.355,0.35,0.36,0.645,0.64,0.65,,,,
2026-01-06 08:46:09.452000+00:00,2026-01-06 08:46:09.756794+00:00,69.452,0.355,0.35,0.36,0.645,0.64,0.65,,,,
2026-01-06 08:46:10.579000+00:00,2026-01-06 08:46:10.772791+00:00,70.579,0.345,0.34,0.35,0.655,0.65,0.66,,,,
2026-01-06 08:46:11.579000+00:00,2026-01-06 08:46:11.773548+00:00,71.579,0.345,0.34,0.35,0.655,0.65,0.66,,,,
2026-01-06 08:46:12.528000+00:00,2026-01-06 08:46:12.779203+00:00,72.528,0.3399999999999999,0.33,0.35,0.66,0.65,0.67,,,,
2026-01-06 08:46:13.592000+00:00,2026-01-06 08:46:13.784240+00:00,73.592,0.3399999999999999,0.33,0.35,0.665,0.66,0.67,,,,
2026-01-06 08:46:14.607000+00:00,2026-01-06 08:46:14.801525+00:00,74.607,0.335,0.33,0.34,0.665,0.66,0.67,,,,
2026-01-06 08:46:15.512000+00:00,2026-01-06 08:46:15.799552+00:00,75.512,0.325,0.32,0.33,0.675,0.67,0.68,,,,
2026-01-06 08:46:16.490000+00:00,2026-01-06 08:46:16.796032+00:00,76.49,0.325,0.32,0.33,0.675,0.67,0.68,,,,
2026-01-06 08:46:17.484000+00:00,2026-01-06 08:46:17.808317+00:00,77.484,0.33,0.32,0.34,0.67,0.66,0.68,,,,
2026-01-06 08:46:18.704000+00:00,2026-01-06 08:46:18.820008+00:00,78.704,0.325,0.32,0.33,0.675,0.67,0.68,,,,
2026-01-06 08:46:19.634000+00:00,2026-01-06 08:46:19.836572+00:00,79.634,0.325,0.32,0.33,0.675,0.67,0.68,,,,
2026-01-06 08:46:20.630000+00:00,2026-01-06 08:46:20.845468+00:00,80.63,0.325,0.32,0.33,0.665,0.65,0.68,,,,
2026-01-06 08:46:21.661000+00:00,2026-01-06 08:46:21.858614+00:00,81.661,0.325,0.32,0.33,0.675,0.67,0.68,,,,
2026-01-06 08:46:22.626000+00:00,2026-01-06 08:46:22.861529+00:00,82.626,0.31,0.3,0.32,0.69,0.68,0.7,,,,
2026-01-06 08:46:23.737000+00:00,2026-01-06 08:46:23.871538+00:00,83.737,0.3,0.29,0.31,0.705,0.7,0.71,,,,
2026-01-06 08:46:24.715000+00:00,2026-01-06 08:46:24.886266+00:00,84.715,0.295,0.29,0.3,0.705,0.7,0.71,,,,
2026-01-06 08:46:25.650000+00:00,2026-01-06 08:46:25.889762+00:00,85.65,0.285,0.28,0.29,0.715,0.71,0.72,,,,
2026-01-06 08:46:26.697000+00:00,2026-01-06 08:46:26.910380+00:00,86.697,0.275,0.27,0.28,0.725,0.72,0.73,,,,
2026-01-06 08:46:27.648000+00:00,2026-01-06 08:46:27.922735+00:00,87.648,0.275,0.27,0.28,0.725,0.72,0.73,,,,
2026-01-06 08:46:28.808000+00:00,2026-01-06 08:46:28.921743+00:00,88.808,0.285,0.28,0.29,0.725,0.72,0.73,,,,
2026-01-06 08:46:29.757000+00:00,2026-01-06 08:46:29.922519+00:00,89.757,0.28,0.27,0.29,0.72,0.71,0.73,,,,
2026-01-06 08:46:30.755000+00:00,2026-01-06 08:46:30.932983+00:00,90.755,0.275,0.27,0.28,0.725,0.72,0.73,,,,
2026-01-06 08:46:31.740000+00:00,2026-01-06 08:46:31.942373+00:00,91.74,0.275,0.27,0.28,0.725,0.72,0.73,,,,
2026-01-06 08:46:32.748000+00:00,2026-01-06 08:46:32.948064+00:00,92.748,0.275,0.27,0.28,0.725,0.72,0.73,,,,
2026-01-06 08:46:33.736000+00:00,2026-01-06 08:46:33.947243+00:00,93.736,0.285,0.27,0.3,0.715,0.7,0.73,,,,
2026-01-06 08:46:34.749000+00:00,2026-01-06 08:46:34.946582+00:00,94.749,0.285,0.27,0.3,0.705,0.69,0.72,,,,
2026-01-06 08:46:35.680000+00:00,2026-01-06 08:46:35.962799+00:00,95.68,0.29,0.28,0.3,0.71,0.7,0.72,,,,
2026-01-06 08:46:36.732000+00:00,2026-01-06 08:46:36.971483+00:00,96.732,0.29,0.28,0.3,0.71,0.7,0.72,,,,
2026-01-06 08:46:37.760000+00:00,2026-01-06 08:46:37.971926+00:00,97.76,0.295,0.29,0.3,0.705,0.7,0.71,,,,
2026-01-06 08:46:38.729000+00:00,2026-01-06 08:46:38.963543+00:00,98.729,0.295,0.29,0.3,0.705,0.7,0.71,,,,
2026-01-06 08:46:39.706000+00:00,2026-01-06 08:46:39.955467+00:00,99.706,0.3,0.29,0.31,0.7,0.69,0.71,,,,
2026-01-06 08:46:40.770000+00:00,2026-01-06 08:46:40.967202+00:00,100.77,0.3,0.29,0.31,0.7,0.69,0.71,,,,
2026-01-06 08:46:41.747000+00:00,2026-01-06 08:46:41.979472+00:00,101.747,0.3,0.29,0.31,0.705,0.7,0.71,,,,
2026-01-06 08:46:42.791000+00:00,2026-01-06 08:46:42.987771+00:00,102.791,0.305,0.3,0.31,0.695,0.69,0.7,,,,
2026-01-06 08:46:43.698000+00:00,2026-01-06 08:46:44.005968+00:00,103.698,0.305,0.3,0.31,0.695,0.69,0.7,,,,
2026-01-06 08:46:44.813000+00:00,2026-01-06 08:46:45.014761+00:00,104.813,0.305,0.3,0.31,0.695,0.69,0.7,,,,
2026-01-06 08:46:45.754000+00:00,2026-01-06 08:46:46.038418+00:00,105.754,0.295,0.29,0.3,0.705,0.7,0.71,,,,
2026-01-06 08:46:46.846000+00:00,2026-01-06 08:46:47.045489+00:00,106.846,0.285,0.28,0.29,0.715,0.71,0.72,,,,
2026-01-06 08:46:47.831000+00:00,2026-01-06 08:46:48.050421+00:00,107.831,0.285,0.28,0.29,0.715,0.71,0.72,,,,
2026-01-06 08:46:48.776000+00:00,2026-01-06 08:46:49.061437+00:00,108.776,0.28,0.27,0.29,0.72,0.71,0.73,,,,
2026-01-06 08:46:49.712000+00:00,2026-01-06 08:46:50.073460+00:00,109.712,0.28,0.27,0.29,0.72,0.71,0.73,,,,
2026-01-06 08:46:50.827000+00:00,2026-01-06 08:46:51.077458+00:00,110.827,0.28,0.27,0.29,0.72,0.71,0.73,,,,
2026-01-06 08:46:51.723000+00:00,2026-01-06 08:46:52.084300+00:00,111.723,0.28,0.27,0.29,0.72,0.71,0.73,,,,
2026-01-06 08:46:52.910000+00:00,2026-01-06 08:46:53.104708+00:00,112.91,0.28,0.27,0.29,0.72,0.71,0.73,,,,
2026-01-06 08:46:53.908000+00:00,2026-01-06 08:46:54.103959+00:00,113.908,0.285,0.28,0.29,0.715,0.71,0.72,,,,
2026-01-06 08:46:54.833000+00:00,2026-01-06 08:46:55.095508+00:00,114.833,0.29,0.28,0.3,0.71,0.7,0.72,,,,
2026-01-06 08:46:55.896000+00:00,2026-01-06 08:46:56.108266+00:00,115.896,0.29,0.28,0.3,0.71,0.7,0.72,,,,
2026-01-06 08:46:56.898000+00:00,2026-01-06 08:46:57.101858+00:00,116.898,0.265,0.26,0.27,0.735,0.73,0.74,,,,
2026-01-06 08:46:57.898000+00:00,2026-01-06 08:46:58.104716+00:00,117.898,0.26,0.25,0.27,0.745,0.74,0.75,,,,
2026-01-06 08:46:58.935000+00:00,2026-01-06 08:46:59.126476+00:00,118.935,0.26,0.25,0.27,0.74,0.73,0.75,,,,
2026-01-06 08:46:59.937000+00:00,2026-01-06 08:47:00.138814+00:00,119.937,0.255,0.25,0.26,0.745,0.74,0.75,,,,
2026-01-06 08:47:00.958000+00:00,2026-01-06 08:47:01.155187+00:00,120.958,0.255,0.25,0.26,0.735,0.73,0.74,,,,
2026-01-06 08:47:01.969000+00:00,2026-01-06 08:47:02.158972+00:00,121.969,0.26,0.25,0.27,0.74,0.73,0.75,,,,
2026-01-06 08:47:02.852000+00:00,2026-01-06 08:47:03.172054+00:00,122.852,0.265,0.26,0.27,0.735,0.73,0.74,,,,
2026-01-06 08:47:03.737000+00:00,2026-01-06 08:47:04.169602+00:00,123.737,0.265,0.26,0.27,0.735,0.73,0.74,,,,
2026-01-06 08:47:04.954000+00:00,2026-01-06 08:47:05.172074+00:00,124.954,0.265,0.26,0.27,0.735,0.73,0.74,,,,
2026-01-06 08:47:05.967000+00:00,2026-01-06 08:47:06.181504+00:00,125.967,0.265,0.26,0.27,0.735,0.73,0.74,,,,
2026-01-06 08:47:06.993000+00:00,2026-01-06 08:47:07.187386+00:00,126.993,0.265,0.26,0.27,0.735,0.73,0.74,,,,
2026-01-06 08:47:08.905000+00:00,2026-01-06 08:47:09.218073+00:00,128.905,0.265,0.26,0.27,0.735,0.73,0.74,,,,
2026-01-06 08:47:09.909000+00:00,2026-01-06 08:47:10.233563+00:00,129.909,0.265,0.26,0.27,0.735,0.73,0.74,,,,
2026-01-06 08:47:10.950000+00:00,2026-01-06 08:47:11.235658+00:00,130.95,0.255,0.25,0.26,0.745,0.74,0.75,,,,
2026-01-06 08:47:12.958000+00:00,2026-01-06 08:47:13.250682+00:00,132.958,0.255,0.25,0.26,0.745,0.74,0.75,,,,
2026-01-06 08:47:14.030000+00:00,2026-01-06 08:47:14.266606+00:00,134.03,0.255,0.25,0.26,0.745,0.74,0.75,,,,
2026-01-06 08:47:15.957000+00:00,2026-01-06 08:47:16.297378+00:00,135.957,0.265,0.26,0.27,0.735,0.73,0.74,,,,
2026-01-06 08:47:17.084000+00:00,2026-01-06 08:47:17.301747+00:00,137.084,0.245,0.24,0.25,0.755,0.75,0.76,,,,
2026-01-06 08:47:18.927000+00:00,2026-01-06 08:47:19.324629+00:00,138.927,0.245,0.24,0.25,0.755,0.75,0.76,,,,
2026-01-06 08:47:20.139000+00:00,2026-01-06 08:47:20.337393+00:00,140.139,0.245,0.24,0.25,0.755,0.75,0.76,,,,
2026-01-06 08:47:21.119000+00:00,2026-01-06 08:47:21.361308+00:00,141.119,0.245,0.24,0.25,0.755,0.75,0.76,,,,
2026-01-06 08:47:22.783000+00:00,2026-01-06 08:47:23.370766+00:00,142.783,0.245,0.24,0.25,0.755,0.75,0.76,,,,
2026-01-06 08:47:24.183000+00:00,2026-01-06 08:47:24.385800+00:00,144.183,0.245,0.24,0.25,0.755,0.75,0.76,,,,
2026-01-06 08:47:25.178000+00:00,2026-01-06 08:47:25.385461+00:00,145.178,0.225,0.22,0.23,0.775,0.77,0.78,,,,
2026-01-06 08:47:26.164000+00:00,2026-01-06 08:47:26.396677+00:00,146.164,0.245,0.24,0.25,0.755,0.75,0.76,,,,
2026-01-06 08:47:27.167000+00:00,2026-01-06 08:47:27.418020+00:00,147.167,0.245,0.24,0.25,0.755,0.75,0.76,,,,
2026-01-06 08:47:28.244000+00:00,2026-01-06 08:47:28.420027+00:00,148.244,0.245,0.24,0.25,0.755,0.75,0.76,,,,
2026-01-06 08:47:29.217000+00:00,2026-01-06 08:47:29.411535+00:00,149.217,0.265,0.26,0.27,0.735,0.73,0.74,,,,
2026-01-06 08:47:30.158000+00:00,2026-01-06 08:47:30.419065+00:00,150.158,0.265,0.26,0.27,0.735,0.73,0.74,,,,
2026-01-06 08:47:31.098000+00:00,2026-01-06 08:47:31.420001+00:00,151.098,0.265,0.26,0.27,0.735,0.73,0.74,,,,
2026-01-06 08:47:32.170000+00:00,2026-01-06 08:47:32.412619+00:00,152.17,0.265,0.26,0.27,0.73,0.72,0.74,,,,
2026-01-06 08:47:33.236000+00:00,2026-01-06 08:47:33.419723+00:00,153.236,0.265,0.26,0.27,0.735,0.73,0.74,,,,
2026-01-06 08:47:34.215000+00:00,2026-01-06 08:47:34.427675+00:00,154.215,0.255,0.25,0.26,0.745,0.74,0.75,,,,
2026-01-06 08:47:35.231000+00:00,2026-01-06 08:47:35.427936+00:00,155.231,0.24,0.23,0.25,0.765,0.76,0.77,,,,
2026-01-06 08:47:36.210000+00:00,2026-01-06 08:47:36.435891+00:00,156.21,0.225,0.22,0.23,0.775,0.77,0.78,,,,
2026-01-06 08:47:37.246000+00:00,2026-01-06 08:47:37.441894+00:00,157.246,0.215,0.21,0.22,0.785,0.78,0.79,,,,
2026-01-06 08:47:38.231000+00:00,2026-01-06 08:47:38.456618+00:00,158.231,0.215,0.21,0.22,0.785,0.78,0.79,,,,
2026-01-06 08:47:39.264000+00:00,2026-01-06 08:47:39.469917+00:00,159.264,0.205,0.2,0.21,0.795,0.79,0.8,,,,
2026-01-06 08:47:40.225000+00:00,2026-01-06 08:47:40.473884+00:00,160.225,0.205,0.2,0.21,0.795,0.79,0.8,,,,
2026-01-06 08:47:41.224000+00:00,2026-01-06 08:47:41.475375+00:00,161.224,0.205,0.2,0.21,0.795,0.79,0.8,,,,
2026-01-06 08:47:42.293000+00:00,2026-01-06 08:47:42.486681+00:00,162.293,0.205,0.2,0.21,0.795,0.79,0.8,,,,
2026-01-06 08:47:43.248000+00:00,2026-01-06 08:47:43.495824+00:00,163.248,0.205,0.2,0.21,0.795,0.79,0.8,,,,
2026-01-06 08:47:44.303000+00:00,2026-01-06 08:47:44.502592+00:00,164.303,0.205,0.2,0.21,0.795,0.79,0.8,,,,
2026-01-06 08:47:45.247000+00:00,2026-01-06 08:47:45.511571+00:00,165.247,0.195,0.19,0.2,0.805,0.8,0.81,,,,
2026-01-06 08:47:46.251000+00:00,2026-01-06 08:47:46.536216+00:00,166.251,0.2,0.19,0.21,0.8,0.79,0.81,,,,
2026-01-06 08:47:47.334000+00:00,2026-01-06 08:47:47.553096+00:00,167.334,0.21,0.2,0.22,0.79,0.78,0.8,,,,
2026-01-06 08:47:48.368000+00:00,2026-01-06 08:47:48.569305+00:00,168.368,0.215,0.21,0.22,0.785,0.78,0.79,,,,
2026-01-06 08:47:49.334000+00:00,2026-01-06 08:47:49.581919+00:00,169.334,0.215,0.21,0.22,0.785,0.78,0.79,,,,
2026-01-06 08:47:50.213000+00:00,2026-01-06 08:47:50.586182+00:00,170.213,0.22,0.21,0.23,0.78,0.77,0.79,,,,
2026-01-06 08:47:51.365000+00:00,2026-01-06 08:47:51.590167+00:00,171.365,0.215,0.21,0.22,0.785,0.78,0.79,,,,
2026-01-06 08:47:52.287000+00:00,2026-01-06 08:47:52.590871+00:00,172.287,0.215,0.21,0.22,0.785,0.78,0.79,,,,
2026-01-06 08:47:53.302000+00:00,2026-01-06 08:47:53.601661+00:00,173.302,0.215,0.21,0.22,0.785,0.78,0.79,,,,
2026-01-06 08:47:54.420000+00:00,2026-01-06 08:47:54.611964+00:00,174.42,0.21,0.2,0.22,0.795,0.79,0.8,,,,
2026-01-06 08:47:55.426000+00:00,2026-01-06 08:47:55.624566+00:00,175.426,0.21,0.2,0.22,0.79,0.78,0.8,,,,
2026-01-06 08:47:56.296000+00:00,2026-01-06 08:47:56.625369+00:00,176.296,0.21,0.2,0.22,0.79,0.78,0.8,,,,
2026-01-06 08:47:57.314000+00:00,2026-01-06 08:47:57.640982+00:00,177.314,0.21,0.2,0.22,0.795,0.79,0.8,,,,
2026-01-06 08:47:58.410000+00:00,2026-01-06 08:47:58.656526+00:00,178.41,0.205,0.2,0.21,0.795,0.79,0.8,,,,
2026-01-06 08:47:59.588000+00:00,2026-01-06 08:47:59.656267+00:00,179.588,0.205,0.2,0.21,0.795,0.79,0.8,,,,
2026-01-06 08:48:00.416000+00:00,2026-01-06 08:48:00.668130+00:00,180.416,0.2,0.19,0.21,0.805,0.8,0.81,,,,
2026-01-06 08:48:01.464000+00:00,2026-01-06 08:48:01.666570+00:00,181.464,0.195,0.19,0.2,0.805,0.8,0.81,,,,
2026-01-06 08:48:02.450000+00:00,2026-01-06 08:48:02.671082+00:00,182.45,0.205,0.19,0.22,0.795,0.79,0.8,,,,
2026-01-06 08:48:03.474000+00:00,2026-01-06 08:48:03.668093+00:00,183.474,0.205,0.2,0.21,0.795,0.79,0.8,,,,
2026-01-06 08:48:04.470000+00:00,2026-01-06 08:48:04.669216+00:00,184.47,0.205,0.2,0.21,0.795,0.79,0.8,,,,
2026-01-06 08:48:05.458000+00:00,2026-01-06 08:48:05.673421+00:00,185.458,0.21,0.2,0.22,0.795,0.79,0.8,,,,
2026-01-06 08:48:06.434000+00:00,2026-01-06 08:48:06.690810+00:00,186.434,0.205,0.2,0.21,0.795,0.79,0.8,,,,
2026-01-06 08:48:07.506000+00:00,2026-01-06 08:48:07.704918+00:00,187.506,0.205,0.2,0.21,0.795,0.79,0.8,,,,
2026-01-06 08:48:08.509000+00:00,2026-01-06 08:48:08.704741+00:00,188.509,0.225,0.22,0.23,0.775,0.77,0.78,,,,
2026-01-06 08:48:09.523000+00:00,2026-01-06 08:48:09.720308+00:00,189.523,0.25,0.24,0.26,0.745,0.74,0.75,,,,
2026-01-06 08:48:10.538000+00:00,2026-01-06 08:48:10.731763+00:00,190.538,0.255,0.25,0.26,0.745,0.74,0.75,,,,
2026-01-06 08:48:11.534000+00:00,2026-01-06 08:48:11.728263+00:00,191.534,0.26,0.25,0.27,0.74,0.73,0.75,,,,
2026-01-06 08:48:12.543000+00:00,2026-01-06 08:48:12.742798+00:00,192.543,0.255,0.25,0.26,0.745,0.74,0.75,,,,
2026-01-06 08:48:13.535000+00:00,2026-01-06 08:48:13.759630+00:00,193.535,0.295,0.29,0.3,0.705,0.7,0.71,,,,
2026-01-06 08:48:14.484000+00:00,2026-01-06 08:48:14.772482+00:00,194.484,0.32,0.31,0.33,0.6799999999999999,0.67,0.69,,,,
2026-01-06 08:48:15.545000+00:00,2026-01-06 08:48:15.784592+00:00,195.545,0.325,0.32,0.33,0.655,0.65,0.66,,,,
2026-01-06 08:48:16.584000+00:00,2026-01-06 08:48:16.784806+00:00,196.584,0.345,0.34,0.35,0.655,0.65,0.66,,,,
2026-01-06 08:48:17.590000+00:00,2026-01-06 08:48:17.802218+00:00,197.59,0.345,0.34,0.35,0.655,0.65,0.66,,,,
2026-01-06 08:48:18.568000+00:00,2026-01-06 08:48:18.800862+00:00,198.568,0.3399999999999999,0.33,0.35,0.66,0.65,0.67,,,,
2026-01-06 08:48:19.578000+00:00,2026-01-06 08:48:19.806006+00:00,199.578,0.3399999999999999,0.33,0.35,0.66,0.65,0.67,,,,
2026-01-06 08:48:20.583000+00:00,2026-01-06 08:48:20.805627+00:00,200.583,0.3399999999999999,0.33,0.35,0.66,0.65,0.67,,,,
2026-01-06 08:48:21.600000+00:00,2026-01-06 08:48:21.820163+00:00,201.6,0.3399999999999999,0.33,0.35,0.66,0.65,0.67,,,,
2026-01-06 08:48:22.445000+00:00,2026-01-06 08:48:22.834098+00:00,202.445,0.345,0.34,0.35,0.655,0.65,0.66,,,,
2026-01-06 08:48:23.636000+00:00,2026-01-06 08:48:23.833783+00:00,203.636,0.345,0.34,0.35,0.655,0.65,0.66,,,,
2026-01-06 08:48:24.142000+00:00,2026-01-06 08:48:24.834432+00:00,204.142,0.345,0.34,0.35,0.655,0.65,0.66,,,,
2026-01-06 08:48:25.678000+00:00,2026-01-06 08:48:25.845943+00:00,205.678,0.345,0.34,0.35,0.655,0.65,0.66,,,,
2026-01-06 08:48:26.615000+00:00,2026-01-06 08:48:26.865376+00:00,206.615,0.315,0.31,0.32,0.69,0.68,0.7,,,,
2026-01-06 08:48:27.675000+00:00,2026-01-06 08:48:27.872239+00:00,207.675,0.295,0.29,0.3,0.715,0.71,0.72,,,,
2026-01-06 08:48:28.664000+00:00,2026-01-06 08:48:28.874371+00:00,208.664,0.275,0.27,0.28,0.725,0.72,0.73,,,,
2026-01-06 08:48:29.657000+00:00,2026-01-06 08:48:29.874581+00:00,209.657,0.275,0.27,0.28,0.715,0.71,0.72,,,,
2026-01-06 08:48:30.664000+00:00,2026-01-06 08:48:30.866834+00:00,210.664,0.315,0.31,0.32,0.685,0.68,0.69,,,,
2026-01-06 08:48:31.646000+00:00,2026-01-06 08:48:31.860048+00:00,211.646,0.315,0.31,0.32,0.685,0.68,0.69,,,,
2026-01-06 08:48:32.495000+00:00,2026-01-06 08:48:32.856829+00:00,212.495,0.31,0.3,0.32,0.69,0.68,0.7,,,,
2026-01-06 08:48:33.604000+00:00,2026-01-06 08:48:33.862229+00:00,213.604,0.325,0.32,0.33,0.665,0.66,0.67,,,,
2026-01-06 08:48:34.708000+00:00,2026-01-06 08:48:34.841579+00:00,214.708,0.335,0.33,0.34,0.665,0.66,0.67,,,,
2026-01-06 08:48:35.658000+00:00,2026-01-06 08:48:35.849624+00:00,215.658,0.325,0.32,0.33,0.675,0.67,0.68,,,,
2026-01-06 08:48:36.648000+00:00,2026-01-06 08:48:36.843575+00:00,216.648,0.325,0.32,0.33,0.675,0.67,0.68,,,,
2026-01-06 08:48:37.352000+00:00,2026-01-06 08:48:37.844230+00:00,217.352,0.325,0.32,0.33,0.675,0.67,0.68,,,,
2026-01-06 08:48:38.652000+00:00,2026-01-06 08:48:38.854127+00:00,218.652,0.325,0.32,0.33,0.675,0.67,0.68,,,,
2026-01-06 08:48:39.294000+00:00,2026-01-06 08:48:39.866145+00:00,219.294,0.325,0.32,0.33,0.6799999999999999,0.67,0.69,,,,
2026-01-06 08:48:40.626000+00:00,2026-01-06 08:48:40.867587+00:00,220.626,0.315,0.31,0.32,0.685,0.68,0.69,,,,
2026-01-06 08:48:41.673000+00:00,2026-01-06 08:48:41.873012+00:00,221.673,0.305,0.3,0.31,0.7,0.69,0.71,,,,
2026-01-06 08:48:42.639000+00:00,2026-01-06 08:48:42.871151+00:00,222.639,0.295,0.29,0.3,0.705,0.7,0.71,,,,
2026-01-06 08:48:43.660000+00:00,2026-01-06 08:48:43.874886+00:00,223.66,0.295,0.29,0.3,0.705,0.7,0.71,,,,
2026-01-06 08:48:44.679000+00:00,2026-01-06 08:48:44.871686+00:00,224.679,0.275,0.27,0.28,0.725,0.72,0.73,,,,
2026-01-06 08:48:45.652000+00:00,2026-01-06 08:48:45.881216+00:00,225.652,0.275,0.27,0.28,0.725,0.72,0.73,,,,
2026-01-06 08:48:46.596000+00:00,2026-01-06 08:48:46.878779+00:00,226.596,0.275,0.27,0.28,0.725,0.72,0.73,,,,
2026-01-06 08:48:47.681000+00:00,2026-01-06 08:48:47.888693+00:00,227.681,0.275,0.27,0.28,0.745,0.74,0.75,,,,
2026-01-06 08:48:48.695000+00:00,2026-01-06 08:48:48.887353+00:00,228.695,0.255,0.25,0.26,0.745,0.74,0.75,,,,
2026-01-06 08:48:49.709000+00:00,2026-01-06 08:48:49.899937+00:00,229.709,0.265,0.26,0.27,0.735,0.73,0.74,,,,
2026-01-06 08:48:50.678000+00:00,2026-01-06 08:48:50.920213+00:00,230.678,0.265,0.26,0.27,0.725,0.72,0.73,,,,
2026-01-06 08:48:51.712000+00:00,2026-01-06 08:48:51.913631+00:00,231.712,0.28,0.27,0.29,0.72,0.71,0.73,,,,
2026-01-06 08:48:52.708000+00:00,2026-01-06 08:48:52.916349+00:00,232.708,0.265,0.25,0.28,0.74,0.73,0.75,,,,
2026-01-06 08:48:53.702000+00:00,2026-01-06 08:48:53.906986+00:00,233.702,0.24,0.23,0.25,0.76,0.75,0.77,,,,
2026-01-06 08:48:54.693000+00:00,2026-01-06 08:48:54.921148+00:00,234.693,0.24,0.23,0.25,0.76,0.75,0.77,,,,
2026-01-06 08:48:55.674000+00:00,2026-01-06 08:48:55.921530+00:00,235.674,0.22,0.21,0.23,0.785,0.78,0.79,,,,
2026-01-06 08:48:56.698000+00:00,2026-01-06 08:48:56.921889+00:00,236.698,0.22,0.21,0.23,0.78,0.77,0.79,,,,
2026-01-06 08:48:57.737000+00:00,2026-01-06 08:48:57.939528+00:00,237.737,0.225,0.22,0.23,0.775,0.77,0.78,,,,
2026-01-06 08:48:58.749000+00:00,2026-01-06 08:48:58.945287+00:00,238.749,0.215,0.21,0.22,0.785,0.78,0.79,,,,
2026-01-06 08:48:59.761000+00:00,2026-01-06 08:48:59.960628+00:00,239.761,0.215,0.21,0.22,0.785,0.78,0.79,,,,
2026-01-06 08:49:00.764000+00:00,2026-01-06 08:49:00.972351+00:00,240.764,0.225,0.22,0.23,0.765,0.76,0.77,,,,
2026-01-06 08:49:01.765000+00:00,2026-01-06 08:49:01.983681+00:00,241.765,0.225,0.22,0.23,0.775,0.77,0.78,,,,
2026-01-06 08:49:02.808000+00:00,2026-01-06 08:49:02.998751+00:00,242.808,0.215,0.21,0.22,0.785,0.78,0.79,,,,
2026-01-06 08:49:03.754000+00:00,2026-01-06 08:49:03.990414+00:00,243.754,0.205,0.2,0.21,0.795,0.79,0.8,,,,
2026-01-06 08:49:04.734000+00:00,2026-01-06 08:49:04.991357+00:00,244.734,0.195,0.19,0.2,0.805,0.8,0.81,,,,
2026-01-06 08:49:05.700000+00:00,2026-01-06 08:49:06.000212+00:00,245.7,0.195,0.19,0.2,0.805,0.8,0.81,,,,
2026-01-06 08:49:06.733000+00:00,2026-01-06 08:49:06.998916+00:00,246.733,0.185,0.18,0.19,0.815,0.81,0.82,,,,
2026-01-06 08:49:07.744000+00:00,2026-01-06 08:49:08.001374+00:00,247.744,0.185,0.18,0.19,0.815,0.81,0.82,,,,
2026-01-06 08:49:08.751000+00:00,2026-01-06 08:49:09.002085+00:00,248.751,0.185,0.18,0.19,0.815,0.81,0.82,,,,
2026-01-06 08:49:09.791000+00:00,2026-01-06 08:49:10.003436+00:00,249.791,0.185,0.18,0.19,0.815,0.81,0.82,,,,
2026-01-06 08:49:10.812000+00:00,2026-01-06 08:49:11.014457+00:00,250.812,0.185,0.18,0.19,0.815,0.81,0.82,,,,
2026-01-06 08:49:11.732000+00:00,2026-01-06 08:49:12.014439+00:00,251.732,0.185,0.18,0.19,0.815,0.81,0.82,,,,
2026-01-06 08:49:12.807000+00:00,2026-01-06 08:49:13.029415+00:00,252.807,0.195,0.19,0.2,0.805,0.8,0.81,,,,
2026-01-06 08:49:13.750000+00:00,2026-01-06 08:49:14.016529+00:00,253.75,0.195,0.19,0.2,0.805,0.8,0.81,,,,
2026-01-06 08:49:14.706000+00:00,2026-01-06 08:49:15.016028+00:00,254.706,0.195,0.19,0.2,0.805,0.8,0.81,,,,
2026-01-06 08:49:15.812000+00:00,2026-01-06 08:49:16.015843+00:00,255.812,0.195,0.19,0.2,0.805,0.8,0.81,,,,
2026-01-06 08:49:16.758000+00:00,2026-01-06 08:49:17.012356+00:00,256.758,0.2,0.19,0.21,0.8,0.79,0.81,,,,
2026-01-06 08:49:17.653000+00:00,2026-01-06 08:49:18.026157+00:00,257.653,0.195,0.19,0.2,0.805,0.8,0.81,,,,
2026-01-06 08:49:18.823000+00:00,2026-01-06 08:49:19.034604+00:00,258.823,0.215,0.21,0.22,0.765,0.76,0.77,,,,
2026-01-06 08:49:19.836000+00:00,2026-01-06 08:49:20.040612+00:00,259.836,0.225,0.22,0.23,0.775,0.77,0.78,,,,
2026-01-06 08:49:20.846000+00:00,2026-01-06 08:49:21.049794+00:00,260.846,0.24,0.23,0.25,0.76,0.75,0.77,,,,
2026-01-06 08:49:21.763000+00:00,2026-01-06 08:49:22.071467+00:00,261.763,0.245,0.24,0.25,0.755,0.75,0.76,,,,
2026-01-06 08:49:22.843000+00:00,2026-01-06 08:49:23.076327+00:00,262.843,0.235,0.23,0.24,0.765,0.76,0.77,,,,
2026-01-06 08:49:23.864000+00:00,2026-01-06 08:49:24.086116+00:00,263.864,0.235,0.23,0.24,0.765,0.76,0.77,,,,
2026-01-06 08:49:24.883000+00:00,2026-01-06 08:49:25.084032+00:00,264.883,0.245,0.24,0.25,0.755,0.75,0.76,,,,
2026-01-06 08:49:25.902000+00:00,2026-01-06 08:49:26.099064+00:00,265.902,0.235,0.23,0.24,0.765,0.76,0.77,,,,
2026-01-06 08:49:26.868000+00:00,2026-01-06 08:49:27.113379+00:00,266.868,0.235,0.23,0.24,0.765,0.76,0.77,,,,
2026-01-06 08:49:27.931000+00:00,2026-01-06 08:49:28.130697+00:00,267.931,0.225,0.22,0.23,0.775,0.77,0.78,,,,
2026-01-06 08:49:28.671000+00:00,2026-01-06 08:49:29.148737+00:00,268.671,0.225,0.22,0.23,0.775,0.77,0.78,,,,
2026-01-06 08:49:29.789000+00:00,2026-01-06 08:49:30.148716+00:00,269.789,0.225,0.22,0.23,0.775,0.77,0.78,,,,
2026-01-06 08:49:30.954000+00:00,2026-01-06 08:49:31.147106+00:00,270.954,0.225,0.22,0.23,0.775,0.77,0.78,,,,
2026-01-06 08:49:31.949000+00:00,2026-01-06 08:49:32.165170+00:00,271.949,0.225,0.22,0.23,0.775,0.77,0.78,,,,
2026-01-06 08:49:32.764000+00:00,2026-01-06 08:49:33.167626+00:00,272.764,0.225,0.22,0.23,0.775,0.77,0.78,,,,
2026-01-06 08:49:33.809000+00:00,2026-01-06 08:49:34.176143+00:00,273.809,0.225,0.22,0.23,0.775,0.77,0.78,,,,
2026-01-06 08:49:34.927000+00:00,2026-01-06 08:49:35.180510+00:00,274.927,0.2299999999999999,0.22,0.24,0.765,0.76,0.77,,,,
2026-01-06 08:49:35.980000+00:00,2026-01-06 08:49:36.184003+00:00,275.98,0.235,0.23,0.24,0.765,0.76,0.77,,,,
2026-01-06 08:49:37.793000+00:00,2026-01-06 08:49:38.220951+00:00,277.793,0.2299999999999999,0.22,0.24,0.77,0.76,0.78,,,,
2026-01-06 08:49:38.904000+00:00,2026-01-06 08:49:39.214461+00:00,278.904,0.235,0.23,0.24,0.76,0.75,0.77,,,,
2026-01-06 08:49:40.009000+00:00,2026-01-06 08:49:40.215515+00:00,280.009,0.275,0.27,0.28,0.725,0.72,0.73,,,,
2026-01-06 08:49:41.008000+00:00,2026-01-06 08:49:41.217109+00:00,281.008,0.315,0.31,0.32,0.685,0.68,0.69,,,,
2026-01-06 08:49:42.877000+00:00,2026-01-06 08:49:43.225155+00:00,282.877,0.315,0.31,0.32,0.69,0.68,0.7,,,,
2026-01-06 08:49:43.909000+00:00,2026-01-06 08:49:44.230099+00:00,283.909,0.305,0.3,0.31,0.695,0.69,0.7,,,,
2026-01-06 08:49:45.800000+00:00,2026-01-06 08:49:46.269244+00:00,285.8,0.31,0.3,0.32,0.69,0.68,0.7,,,,
2026-01-06 08:49:47.046000+00:00,2026-01-06 08:49:47.282477+00:00,287.046,0.31,0.3,0.32,0.685,0.68,0.69,,,,
2026-01-06 08:49:48.998000+00:00,2026-01-06 08:49:49.278569+00:00,288.998,0.305,0.3,0.31,0.695,0.69,0.7,,,,
2026-01-06 08:49:50.935000+00:00,2026-01-06 08:49:51.279596+00:00,290.935,0.305,0.3,0.31,0.695,0.69,0.7,,,,
2026-01-06 08:49:52.936000+00:00,2026-01-06 08:49:53.296249+00:00,292.936,0.305,0.3,0.31,0.695,0.69,0.7,,,,
2026-01-06 08:49:54.087000+00:00,2026-01-06 08:49:54.296823+00:00,294.087,0.3,0.29,0.31,0.7,0.69,0.71,,,,
2026-01-06 08:49:55.544000+00:00,2026-01-06 08:49:56.331218+00:00,295.544,0.3,0.29,0.31,0.7,0.69,0.71,,,,
2026-01-06 08:49:57.095000+00:00,2026-01-06 08:49:57.346049+00:00,297.095,0.3,0.29,0.31,0.7,0.69,0.71,,,,
2026-01-06 08:49:58.863000+00:00,2026-01-06 08:49:59.346582+00:00,298.863,0.3,0.29,0.31,0.7,0.69,0.71,,,,
2026-01-06 08:50:00.151000+00:00,2026-01-06 08:50:00.347329+00:00,300.151,0.3,0.29,0.31,0.695,0.69,0.7,,,,
2026-01-06 08:50:01.157000+00:00,2026-01-06 08:50:01.347471+00:00,301.157,0.275,0.27,0.28,0.725,0.72,0.73,,,,
2026-01-06 08:50:02.146000+00:00,2026-01-06 08:50:02.351160+00:00,302.146,0.235,0.23,0.24,0.765,0.76,0.77,,,,
2026-01-06 08:50:03.125000+00:00,2026-01-06 08:50:03.351486+00:00,303.125,0.2299999999999999,0.22,0.24,0.77,0.76,0.78,,,,
2026-01-06 08:50:04.167000+00:00,2026-01-06 08:50:04.366721+00:00,304.167,0.225,0.22,0.23,0.775,0.77,0.78,,,,
2026-01-06 08:50:05.139000+00:00,2026-01-06 08:50:05.364453+00:00,305.139,0.235,0.23,0.24,0.765,0.76,0.77,,,,
2026-01-06 08:50:06.185000+00:00,2026-01-06 08:50:06.380915+00:00,306.185,0.265,0.26,0.27,0.715,0.71,0.72,,,,
2026-01-06 08:50:07.210000+00:00,2026-01-06 08:50:07.403392+00:00,307.21,0.285,0.28,0.29,0.715,0.71,0.72,,,,
2026-01-06 08:50:08.172000+00:00,2026-01-06 08:50:08.416146+00:00,308.172,0.28,0.27,0.29,0.72,0.71,0.73,,,,
2026-01-06 08:50:09.208000+00:00,2026-01-06 08:50:09.417754+00:00,309.208,0.285,0.28,0.29,0.72,0.71,0.73,,,,
2026-01-06 08:50:10.081000+00:00,2026-01-06 08:50:10.414925+00:00,310.081,0.28,0.27,0.29,0.72,0.71,0.73,,,,
2026-01-06 08:50:11.005000+00:00,2026-01-06 08:50:11.414619+00:00,311.005,0.28,0.27,0.29,0.72,0.71,0.73,,,,
2026-01-06 08:50:12.768000+00:00,2026-01-06 08:50:13.430829+00:00,312.768,0.28,0.27,0.29,0.72,0.71,0.73,,,,
2026-01-06 08:50:14.248000+00:00,2026-01-06 08:50:14.429941+00:00,314.248,0.265,0.26,0.27,0.735,0.73,0.74,,,,
2026-01-06 08:50:15.993000+00:00,2026-01-06 08:50:16.434745+00:00,315.993,0.245,0.24,0.25,0.755,0.75,0.76,,,,
2026-01-06 08:50:17.244000+00:00,2026-01-06 08:50:17.447253+00:00,317.244,0.245,0.24,0.25,0.755,0.75,0.76,,,,
2026-01-06 08:50:18.259000+00:00,2026-01-06 08:50:18.458574+00:00,318.259,0.245,0.24,0.25,0.755,0.75,0.76,,,,
2026-01-06 08:50:19.256000+00:00,2026-01-06 08:50:19.452726+00:00,319.256,0.245,0.24,0.25,0.755,0.75,0.76,,,,
2026-01-06 08:50:20.256000+00:00,2026-01-06 08:50:20.456245+00:00,320.256,0.225,0.22,0.23,0.775,0.77,0.78,,,,
2026-01-06 08:50:21.270000+00:00,2026-01-06 08:50:21.463332+00:00,321.27,0.225,0.22,0.23,0.775,0.77,0.78,,,,
2026-01-06 08:50:22.841000+00:00,2026-01-06 08:50:23.479115+00:00,322.841,0.225,0.22,0.23,0.775,0.77,0.78,,,,
2026-01-06 08:50:24.217000+00:00,2026-01-06 08:50:24.500982+00:00,324.217,0.225,0.22,0.23,0.775,0.77,0.78,,,,
2026-01-06 08:50:25.312000+00:00,2026-01-06 08:50:25.496369+00:00,325.312,0.2299999999999999,0.22,0.24,0.775,0.77,0.78,,,,
2026-01-06 08:50:26.052000+00:00,2026-01-06 08:50:26.496595+00:00,326.052,0.225,0.22,0.23,0.775,0.77,0.78,,,,
2026-01-06 08:50:27.149000+00:00,2026-01-06 08:50:27.512854+00:00,327.149,0.225,0.22,0.23,0.775,0.77,0.78,,,,
2026-01-06 08:50:28.254000+00:00,2026-01-06 08:50:28.512382+00:00,328.254,0.2299999999999999,0.22,0.24,0.77,0.76,0.78,,,,
2026-01-06 08:50:29.300000+00:00,2026-01-06 08:50:29.518132+00:00,329.3,0.235,0.23,0.24,0.765,0.76,0.77,,,,
2026-01-06 08:50:30.200000+00:00,2026-01-06 08:50:30.529605+00:00,330.2,0.245,0.24,0.25,0.755,0.75,0.76,,,,
2026-01-06 08:50:31.240000+00:00,2026-01-06 08:50:31.546376+00:00,331.24,0.25,0.24,0.26,0.75,0.74,0.76,,,,
2026-01-06 08:50:32.188000+00:00,2026-01-06 08:50:32.554056+00:00,332.188,0.25,0.24,0.26,0.75,0.74,0.76,,,,
2026-01-06 08:50:33.373000+00:00,2026-01-06 08:50:33.569208+00:00,333.373,0.25,0.24,0.26,0.75,0.74,0.76,,,,
2026-01-06 08:50:34.375000+00:00,2026-01-06 08:50:34.588464+00:00,334.375,0.25,0.24,0.26,0.75,0.74,0.76,,,,
2026-01-06 08:50:35.314000+00:00,2026-01-06 08:50:35.603403+00:00,335.314,0.255,0.25,0.26,0.745,0.74,0.75,,,,
2026-01-06 08:50:36.323000+00:00,2026-01-06 08:50:36.613234+00:00,336.323,0.255,0.25,0.26,0.745,0.74,0.75,,,,
2026-01-06 08:50:37.367000+00:00,2026-01-06 08:50:37.617361+00:00,337.367,0.26,0.25,0.27,0.74,0.73,0.75,,,,
2026-01-06 08:50:38.422000+00:00,2026-01-06 08:50:38.617057+00:00,338.422,0.26,0.25,0.27,0.74,0.73,0.75,,,,
2026-01-06 08:50:39.419000+00:00,2026-01-06 08:50:39.630001+00:00,339.419,0.265,0.25,0.28,0.735,0.72,0.75,,,,
2026-01-06 08:50:40.438000+00:00,2026-01-06 08:50:40.649831+00:00,340.438,0.265,0.25,0.28,0.735,0.72,0.75,,,,
2026-01-06 08:50:41.438000+00:00,2026-01-06 08:50:41.668613+00:00,341.438,0.275,0.27,0.28,0.72,0.71,0.73,,,,
2026-01-06 08:50:42.453000+00:00,2026-01-06 08:50:42.670847+00:00,342.453,0.295,0.29,0.3,0.705,0.7,0.71,,,,
2026-01-06 08:50:43.376000+00:00,2026-01-06 08:50:43.679481+00:00,343.376,0.295,0.29,0.3,0.705,0.7,0.71,,,,
2026-01-06 08:50:44.464000+00:00,2026-01-06 08:50:44.677197+00:00,344.464,0.295,0.29,0.3,0.705,0.7,0.71,,,,
2026-01-06 08:50:45.480000+00:00,2026-01-06 08:50:45.678579+00:00,345.48,0.29,0.28,0.3,0.71,0.7,0.72,,,,
2026-01-06 08:50:46.455000+00:00,2026-01-06 08:50:46.677431+00:00,346.455,0.285,0.28,0.29,0.715,0.71,0.72,,,,
2026-01-06 08:50:47.487000+00:00,2026-01-06 08:50:47.693490+00:00,347.487,0.295,0.29,0.3,0.705,0.7,0.71,,,,
2026-01-06 08:50:48.251000+00:00,2026-01-06 08:50:48.710288+00:00,348.251,0.295,0.29,0.3,0.705,0.7,0.71,,,,
2026-01-06 08:50:49.348000+00:00,2026-01-06 08:50:49.710597+00:00,349.348,0.295,0.29,0.3,0.705,0.7,0.71,,,,
2026-01-06 08:50:50.483000+00:00,2026-01-06 08:50:50.710960+00:00,350.483,0.295,0.29,0.3,0.705,0.7,0.71,,,,
2026-01-06 08:50:51.507000+00:00,2026-01-06 08:50:51.727043+00:00,351.507,0.305,0.3,0.31,0.695,0.69,0.7,,,,
2026-01-06 08:50:52.518000+00:00,2026-01-06 08:50:52.739263+00:00,352.518,0.305,0.3,0.31,0.695,0.69,0.7,,,,
2026-01-06 08:50:53.521000+00:00,2026-01-06 08:50:53.732425+00:00,353.521,0.315,0.31,0.32,0.685,0.68,0.69,,,,
2026-01-06 08:50:54.530000+00:00,2026-01-06 08:50:54.727482+00:00,354.53,0.325,0.32,0.33,0.675,0.67,0.68,,,,
2026-01-06 08:50:55.495000+00:00,2026-01-06 08:50:55.742706+00:00,355.495,0.325,0.32,0.33,0.675,0.67,0.68,,,,
2026-01-06 08:50:56.463000+00:00,2026-01-06 08:50:56.766607+00:00,356.463,0.325,0.32,0.33,0.675,0.67,0.68,,,,
2026-01-06 08:50:57.541000+00:00,2026-01-06 08:50:57.776418+00:00,357.541,0.315,0.31,0.32,0.685,0.68,0.69,,,,
2026-01-06 08:50:58.575000+00:00,2026-01-06 08:50:58.776299+00:00,358.575,0.315,0.31,0.32,0.685,0.68,0.69,,,,
2026-01-06 08:50:59.440000+00:00,2026-01-06 08:50:59.777695+00:00,359.44,0.315,0.31,0.32,0.685,0.68,0.69,,,,
2026-01-06 08:51:00.501000+00:00,2026-01-06 08:51:00.792685+00:00,360.501,0.31,0.3,0.32,0.6950000000000001,0.68,0.71,,,,
2026-01-06 08:51:01.658000+00:00,2026-01-06 08:51:01.812410+00:00,361.658,0.325,0.32,0.33,0.6799999999999999,0.66,0.7,,,,
2026-01-06 08:51:02.631000+00:00,2026-01-06 08:51:02.829444+00:00,362.631,0.325,0.32,0.33,0.675,0.67,0.68,,,,
2026-01-06 08:51:03.532000+00:00,2026-01-06 08:51:03.845468+00:00,363.532,0.325,0.32,0.33,0.675,0.67,0.68,,,,
2026-01-06 08:51:04.468000+00:00,2026-01-06 08:51:04.864185+00:00,364.468,0.325,0.32,0.33,0.6799999999999999,0.67,0.69,,,,
2026-01-06 08:51:05.600000+00:00,2026-01-06 08:51:05.872905+00:00,365.6,0.32,0.31,0.33,0.6799999999999999,0.67,0.69,,,,
2026-01-06 08:51:06.619000+00:00,2026-01-06 08:51:06.885050+00:00,366.619,0.32,0.31,0.33,0.6799999999999999,0.67,0.69,,,,
2026-01-06 08:51:07.690000+00:00,2026-01-06 08:51:07.895453+00:00,367.69,0.32,0.31,0.33,0.6799999999999999,0.67,0.69,,,,
2026-01-06 08:51:08.495000+00:00,2026-01-06 08:51:08.899893+00:00,368.495,0.32,0.31,0.33,0.685,0.68,0.69,,,,
2026-01-06 08:51:09.701000+00:00,2026-01-06 08:51:09.901856+00:00,369.701,0.31,0.3,0.32,0.69,0.68,0.7,,,,
2026-01-06 08:51:10.709000+00:00,2026-01-06 08:51:10.911008+00:00,370.709,0.315,0.31,0.32,0.685,0.68,0.69,,,,
2026-01-06 08:51:11.719000+00:00,2026-01-06 08:51:11.922176+00:00,371.719,0.315,0.31,0.32,0.685,0.68,0.69,,,,
2026-01-06 08:51:12.746000+00:00,2026-01-06 08:51:12.933216+00:00,372.746,0.315,0.31,0.32,0.685,0.68,0.69,,,,
2026-01-06 08:51:13.595000+00:00,2026-01-06 08:51:13.932019+00:00,373.595,0.315,0.31,0.32,0.685,0.68,0.69,,,,
2026-01-06 08:51:14.740000+00:00,2026-01-06 08:51:14.938351+00:00,374.74,0.315,0.31,0.32,0.685,0.68,0.69,,,,
2026-01-06 08:51:15.505000+00:00,2026-01-06 08:51:15.945088+00:00,375.505,0.315,0.31,0.32,0.685,0.68,0.69,,,,
2026-01-06 08:51:16.696000+00:00,2026-01-06 08:51:16.961943+00:00,376.696,0.315,0.31,0.32,0.685,0.68,0.69,,,,
2026-01-06 08:51:17.589000+00:00,2026-01-06 08:51:17.986494+00:00,377.589,0.315,0.31,0.32,0.685,0.68,0.69,,,,
2026-01-06 08:51:18.769000+00:00,2026-01-06 08:51:18.983911+00:00,378.769,0.325,0.32,0.33,0.675,0.67,0.68,,,,
2026-01-06 08:51:19.711000+00:00,2026-01-06 08:51:19.985658+00:00,379.711,0.315,0.31,0.32,0.685,0.68,0.69,,,,
2026-01-06 08:51:20.790000+00:00,2026-01-06 08:51:20.988468+00:00,380.79,0.315,0.31,0.32,0.685,0.68,0.69,,,,
2026-01-06 08:51:21.795000+00:00,2026-01-06 08:51:21.987697+00:00,381.795,0.33,0.32,0.34,0.675,0.67,0.68,,,,
2026-01-06 08:51:22.657000+00:00,2026-01-06 08:51:22.994661+00:00,382.657,0.33,0.32,0.34,0.67,0.66,0.68,,,,
2026-01-06 08:51:23.834000+00:00,2026-01-06 08:51:24.011403+00:00,383.834,0.315,0.31,0.32,0.69,0.68,0.7,,,,
2026-01-06 08:51:24.795000+00:00,2026-01-06 08:51:25.030793+00:00,384.795,0.315,0.31,0.32,0.685,0.68,0.69,,,,
2026-01-06 08:51:25.774000+00:00,2026-01-06 08:51:26.044299+00:00,385.774,0.315,0.31,0.32,0.685,0.68,0.69,,,,
2026-01-06 08:51:26.874000+00:00,2026-01-06 08:51:27.069679+00:00,386.874,0.315,0.31,0.32,0.685,0.68,0.69,,,,
2026-01-06 08:51:27.693000+00:00,2026-01-06 08:51:28.084657+00:00,387.693,0.31,0.3,0.32,0.6950000000000001,0.68,0.71,,,,
2026-01-06 08:51:28.873000+00:00,2026-01-06 08:51:29.089306+00:00,388.873,0.315,0.31,0.32,0.685,0.68,0.69,,,,
2026-01-06 08:51:29.906000+00:00,2026-01-06 08:51:30.096780+00:00,389.906,0.305,0.3,0.31,0.695,0.69,0.7,,,,
2026-01-06 08:51:30.929000+00:00,2026-01-06 08:51:31.123780+00:00,390.929,0.315,0.31,0.32,0.69,0.68,0.7,,,,
2026-01-06 08:51:31.927000+00:00,2026-01-06 08:51:32.126452+00:00,391.927,0.305,0.3,0.31,0.695,0.69,0.7,,,,
2026-01-06 08:51:32.929000+00:00,2026-01-06 08:51:33.126466+00:00,392.929,0.305,0.3,0.31,0.695,0.69,0.7,,,,
2026-01-06 08:51:33.813000+00:00,2026-01-06 08:51:34.130306+00:00,393.813,0.305,0.3,0.31,0.695,0.69,0.7,,,,
2026-01-06 08:51:34.628000+00:00,2026-01-06 08:51:35.144543+00:00,394.628,0.305,0.3,0.31,0.695,0.69,0.7,,,,
2026-01-06 08:51:35.939000+00:00,2026-01-06 08:51:36.143689+00:00,395.939,0.295,0.29,0.3,0.705,0.7,0.71,,,,
2026-01-06 08:51:36.936000+00:00,2026-01-06 08:51:37.137316+00:00,396.936,0.295,0.29,0.3,0.705,0.7,0.71,,,,
2026-01-06 08:51:38.950000+00:00,2026-01-06 08:51:39.162698+00:00,398.95,0.31,0.3,0.32,0.7,0.69,0.71,,,,
2026-01-06 08:51:39.964000+00:00,2026-01-06 08:51:40.163993+00:00,399.964,0.295,0.29,0.3,0.705,0.7,0.71,,,,
2026-01-06 08:51:40.956000+00:00,2026-01-06 08:51:41.165243+00:00,400.956,0.295,0.29,0.3,0.705,0.7,0.71,,,,
2026-01-06 08:51:41.469000+00:00,2026-01-06 08:51:42.175284+00:00,401.469,0.295,0.29,0.3,0.705,0.7,0.71,,,,
2026-01-06 08:51:42.969000+00:00,2026-01-06 08:51:43.190966+00:00,402.969,0.3,0.29,0.31,0.7,0.69,0.71,,,,
2026-01-06 08:51:43.989000+00:00,2026-01-06 08:51:44.191467+00:00,403.989,0.295,0.29,0.3,0.71,0.7,0.72,,,,
2026-01-06 08:51:44.943000+00:00,2026-01-06 08:51:45.191790+00:00,404.943,0.285,0.28,0.29,0.715,0.71,0.72,,,,
2026-01-06 08:51:46.986000+00:00,2026-01-06 08:51:47.209065+00:00,406.986,0.285,0.28,0.29,0.715,0.71,0.72,,,,
2026-01-06 08:51:47.995000+00:00,2026-01-06 08:51:48.224088+00:00,407.995,0.285,0.28,0.29,0.715,0.71,0.72,,,,
2026-01-06 08:51:48.670000+00:00,2026-01-06 08:51:49.231490+00:00,408.67,0.285,0.28,0.29,0.715,0.71,0.72,,,,
2026-01-06 08:51:49.906000+00:00,2026-01-06 08:51:50.244328+00:00,409.906,0.285,0.28,0.29,0.715,0.71,0.72,,,,
2026-01-06 08:51:51.018000+00:00,2026-01-06 08:51:51.251823+00:00,411.018,0.28,0.27,0.29,0.715,0.71,0.72,,,,
2026-01-06 08:51:52.064000+00:00,2026-01-06 08:51:52.259975+00:00,412.064,0.285,0.28,0.29,0.715,0.71,0.72,,,,
2026-01-06 08:51:53.966000+00:00,2026-01-06 08:51:54.276860+00:00,413.966,0.275,0.27,0.28,0.725,0.72,0.73,,,,
2026-01-06 08:51:55.062000+00:00,2026-01-06 08:51:55.295246+00:00,415.062,0.275,0.27,0.28,0.725,0.72,0.73,,,,
2026-01-06 08:51:56.757000+00:00,2026-01-06 08:51:57.328757+00:00,416.757,0.275,0.27,0.28,0.725,0.72,0.73,,,,
2026-01-06 08:51:58.112000+00:00,2026-01-06 08:51:58.328008+00:00,418.112,0.275,0.27,0.28,0.725,0.72,0.73,,,,
2026-01-06 08:51:59.103000+00:00,2026-01-06 08:51:59.332686+00:00,419.103,0.275,0.27,0.28,0.725,0.72,0.73,,,,
2026-01-06 08:52:00.078000+00:00,2026-01-06 08:52:00.343817+00:00,420.078,0.27,0.26,0.28,0.73,0.72,0.74,,,,
2026-01-06 08:52:01.015000+00:00,2026-01-06 08:52:01.344264+00:00,421.015,0.27,0.26,0.28,0.73,0.72,0.74,,,,
2026-01-06 08:52:02.139000+00:00,2026-01-06 08:52:02.342791+00:00,422.139,0.27,0.26,0.28,0.73,0.72,0.74,,,,
2026-01-06 08:52:03.125000+00:00,2026-01-06 08:52:03.345849+00:00,423.125,0.275,0.27,0.28,0.725,0.72,0.73,,,,
2026-01-06 08:52:04.079000+00:00,2026-01-06 08:52:04.355714+00:00,424.079,0.27,0.26,0.28,0.73,0.72,0.74,,,,
2026-01-06 08:52:05.126000+00:00,2026-01-06 08:52:05.381429+00:00,425.126,0.275,0.27,0.28,0.725,0.72,0.73,,,,
2026-01-06 08:52:06.146000+00:00,2026-01-06 08:52:06.379322+00:00,426.146,0.275,0.27,0.28,0.725,0.72,0.73,,,,
2026-01-06 08:52:07.172000+00:00,2026-01-06 08:52:07.374939+00:00,427.172,0.275,0.27,0.28,0.725,0.72,0.73,,,,
2026-01-06 08:52:08.169000+00:00,2026-01-06 08:52:08.376406+00:00,428.169,0.275,0.27,0.28,0.725,0.72,0.73,,,,
2026-01-06 08:52:09.994000+00:00,2026-01-06 08:52:10.389676+00:00,429.994,0.275,0.27,0.28,0.725,0.72,0.73,,,,
2026-01-06 08:52:11.026000+00:00,2026-01-06 08:52:11.392920+00:00,431.026,0.275,0.27,0.28,0.725,0.72,0.73,,,,
2026-01-06 08:52:12.947000+00:00,2026-01-06 08:52:13.408804+00:00,432.947,0.275,0.27,0.28,0.725,0.72,0.73,,,,
2026-01-06 08:52:14.240000+00:00,2026-01-06 08:52:14.417978+00:00,434.24,0.275,0.27,0.28,0.725,0.72,0.73,,,,
2026-01-06 08:52:15.239000+00:00,2026-01-06 08:52:15.433699+00:00,435.239,0.265,0.26,0.27,0.735,0.73,0.74,,,,
2026-01-06 08:52:16.231000+00:00,2026-01-06 08:52:16.427973+00:00,436.231,0.25,0.24,0.26,0.75,0.74,0.76,,,,
2026-01-06 08:52:17.250000+00:00,2026-01-06 08:52:17.447566+00:00,437.25,0.245,0.24,0.25,0.755,0.75,0.76,,,,
2026-01-06 08:52:18.086000+00:00,2026-01-06 08:52:18.452530+00:00,438.086,0.255,0.25,0.26,0.745,0.74,0.75,,,,
2026-01-06 08:52:19.177000+00:00,2026-01-06 08:52:19.457647+00:00,439.177,0.255,0.25,0.26,0.745,0.74,0.75,,,,
2026-01-06 08:52:20.263000+00:00,2026-01-06 08:52:20.459017+00:00,440.263,0.245,0.23,0.26,0.735,0.73,0.74,,,,
2026-01-06 08:52:21.257000+00:00,2026-01-06 08:52:21.451486+00:00,441.257,0.265,0.26,0.27,0.735,0.73,0.74,,,,
2026-01-06 08:52:22.239000+00:00,2026-01-06 08:52:22.457269+00:00,442.239,0.265,0.26,0.27,0.735,0.73,0.74,,,,
2026-01-06 08:52:23.121000+00:00,2026-01-06 08:52:23.467480+00:00,443.121,0.265,0.26,0.27,0.735,0.73,0.74,,,,
2026-01-06 08:52:24.201000+00:00,2026-01-06 08:52:24.462441+00:00,444.201,0.265,0.26,0.27,0.735,0.73,0.74,,,,
2026-01-06 08:52:25.219000+00:00,2026-01-06 08:52:25.469010+00:00,445.219,0.265,0.26,0.27,0.735,0.73,0.74,,,,
2026-01-06 08:52:26.147000+00:00,2026-01-06 08:52:26.468272+00:00,446.147,0.265,0.26,0.27,0.735,0.73,0.74,,,,
2026-01-06 08:52:27.217000+00:00,2026-01-06 08:52:27.464528+00:00,447.217,0.255,0.25,0.26,0.745,0.74,0.75,,,,
2026-01-06 08:52:28.119000+00:00,2026-01-06 08:52:28.475028+00:00,448.119,0.255,0.25,0.26,0.75,0.74,0.76,,,,
2026-01-06 08:52:29.054000+00:00,2026-01-06 08:52:29.484692+00:00,449.054,0.25,0.24,0.26,0.75,0.74,0.76,,,,
2026-01-06 08:52:30.318000+00:00,2026-01-06 08:52:30.508620+00:00,450.318,0.26,0.25,0.27,0.74,0.73,0.75,,,,
2026-01-06 08:52:31.303000+00:00,2026-01-06 08:52:31.515017+00:00,451.303,0.265,0.26,0.27,0.735,0.73,0.74,,,,
2026-01-06 08:52:32.259000+00:00,2026-01-06 08:52:32.523742+00:00,452.259,0.32,0.31,0.33,0.6799999999999999,0.67,0.69,,,,
2026-01-06 08:52:33.325000+00:00,2026-01-06 08:52:33.528277+00:00,453.325,0.335,0.33,0.34,0.665,0.66,0.67,,,,
2026-01-06 08:52:34.354000+00:00,2026-01-06 08:52:34.542332+00:00,454.354,0.335,0.33,0.34,0.665,0.66,0.67,,,,
2026-01-06 08:52:35.345000+00:00,2026-01-06 08:52:35.543158+00:00,455.345,0.325,0.32,0.33,0.675,0.67,0.68,,,,
2026-01-06 08:52:36.360000+00:00,2026-01-06 08:52:36.557920+00:00,456.36,0.345,0.34,0.35,0.655,0.65,0.66,,,,
2026-01-06 08:52:37.362000+00:00,2026-01-06 08:52:37.565211+00:00,457.362,0.345,0.34,0.35,0.655,0.65,0.66,,,,
2026-01-06 08:52:38.304000+00:00,2026-01-06 08:52:38.577858+00:00,458.304,0.345,0.34,0.35,0.655,0.65,0.66,,,,
2026-01-06 08:52:39.369000+00:00,2026-01-06 08:52:39.574147+00:00,459.369,0.345,0.34,0.35,0.655,0.65,0.66,,,,
2026-01-06 08:52:40.341000+00:00,2026-01-06 08:52:40.580015+00:00,460.341,0.345,0.34,0.35,0.655,0.65,0.66,,,,
2026-01-06 08:52:41.313000+00:00,2026-01-06 08:52:41.583423+00:00,461.313,0.345,0.34,0.35,0.655,0.65,0.66,,,,
2026-01-06 08:52:42.390000+00:00,2026-01-06 08:52:42.590461+00:00,462.39,0.345,0.34,0.35,0.655,0.65,0.66,,,,
2026-01-06 08:52:43.393000+00:00,2026-01-06 08:52:43.588844+00:00,463.393,0.345,0.34,0.35,0.645,0.64,0.65,,,,
2026-01-06 08:52:44.370000+00:00,2026-01-06 08:52:44.589527+00:00,464.37,0.475,0.47,0.48,0.525,0.52,0.53,,,,
2026-01-06 08:52:45.391000+00:00,2026-01-06 08:52:45.590564+00:00,465.391,0.475,0.47,0.48,0.525,0.52,0.53,,,,
2026-01-06 08:52:46.390000+00:00,2026-01-06 08:52:46.589727+00:00,466.39,0.555,0.55,0.56,0.445,0.44,0.45,,,,
2026-01-06 08:52:47.418000+00:00,2026-01-06 08:52:47.604559+00:00,467.418,0.55,0.54,0.56,0.44,0.43,0.45,,,,
2026-01-06 08:52:48.414000+00:00,2026-01-06 08:52:48.614263+00:00,468.414,0.5700000000000001,0.56,0.58,0.425,0.42,0.43,,,,
2026-01-06 08:52:49.365000+00:00,2026-01-06 08:52:49.625405+00:00,469.365,0.585,0.58,0.59,0.445,0.44,0.45,,,,
2026-01-06 08:52:50.438000+00:00,2026-01-06 08:52:50.638176+00:00,470.438,0.565,0.56,0.57,0.435,0.43,0.44,,,,
2026-01-06 08:52:51.423000+00:00,2026-01-06 08:52:51.639561+00:00,471.423,0.535,0.53,0.54,0.4649999999999999,0.46,0.47,,,,
2026-01-06 08:52:52.450000+00:00,2026-01-06 08:52:52.655635+00:00,472.45,0.5549999999999999,0.54,0.57,0.445,0.43,0.46,,,,
2026-01-06 08:52:53.451000+00:00,2026-01-06 08:52:53.654542+00:00,473.451,0.555,0.55,0.56,0.445,0.44,0.45,,,,
2026-01-06 08:52:54.453000+00:00,2026-01-06 08:52:54.656208+00:00,474.453,0.475,0.46,0.49,0.52,0.51,0.53,,,,
2026-01-06 08:52:55.470000+00:00,2026-01-06 08:52:55.671724+00:00,475.47,0.485,0.48,0.49,0.515,0.51,0.52,,,,
2026-01-06 08:52:56.448000+00:00,2026-01-06 08:52:56.671518+00:00,476.448,0.485,0.48,0.49,0.515,0.51,0.52,,,,
2026-01-06 08:52:57.470000+00:00,2026-01-06 08:52:57.673394+00:00,477.47,0.485,0.48,0.49,0.515,0.51,0.52,,,,
2026-01-06 08:52:58.465000+00:00,2026-01-06 08:52:58.678380+00:00,478.465,0.4649999999999999,0.46,0.47,0.555,0.55,0.56,,,,
2026-01-06 08:52:59.430000+00:00,2026-01-06 08:52:59.689107+00:00,479.43,0.445,0.44,0.45,0.555,0.55,0.56,,,,
2026-01-06 08:53:00.493000+00:00,2026-01-06 08:53:00.696549+00:00,480.493,0.445,0.44,0.45,0.555,0.55,0.56,,,,
2026-01-06 08:53:01.472000+00:00,2026-01-06 08:53:01.684077+00:00,481.472,0.415,0.41,0.42,0.595,0.59,0.6,,,,
2026-01-06 08:53:02.493000+00:00,2026-01-06 08:53:02.693573+00:00,482.493,0.405,0.4,0.41,0.595,0.59,0.6,,,,
2026-01-06 08:53:03.499000+00:00,2026-01-06 08:53:03.701230+00:00,483.499,0.395,0.39,0.4,0.6,0.59,0.61,,,,
2026-01-06 08:53:04.494000+00:00,2026-01-06 08:53:04.721541+00:00,484.494,0.405,0.4,0.41,0.6,0.59,0.61,,,,
2026-01-06 08:53:05.497000+00:00,2026-01-06 08:53:05.731075+00:00,485.497,0.405,0.4,0.41,0.595,0.59,0.6,,,,
2026-01-06 08:53:06.546000+00:00,2026-01-06 08:53:06.741120+00:00,486.546,0.415,0.41,0.42,0.585,0.58,0.59,,,,
2026-01-06 08:53:07.561000+00:00,2026-01-06 08:53:07.755114+00:00,487.561,0.435,0.43,0.44,0.565,0.56,0.57,,,,
2026-01-06 08:53:08.538000+00:00,2026-01-06 08:53:08.756594+00:00,488.538,0.435,0.43,0.44,0.565,0.56,0.57,,,,
2026-01-06 08:53:09.499000+00:00,2026-01-06 08:53:09.772149+00:00,489.499,0.435,0.43,0.44,0.565,0.56,0.57,,,,
2026-01-06 08:53:10.577000+00:00,2026-01-06 08:53:10.783355+00:00,490.577,0.51,0.5,0.52,0.485,0.48,0.49,,,,
2026-01-06 08:53:11.565000+00:00,2026-01-06 08:53:11.791858+00:00,491.565,0.535,0.53,0.54,0.4649999999999999,0.46,0.47,,,,
2026-01-06 08:53:12.611000+00:00,2026-01-06 08:53:12.799312+00:00,492.611,0.555,0.55,0.56,0.445,0.44,0.45,,,,
2026-01-06 08:53:13.576000+00:00,2026-01-06 08:53:13.802003+00:00,493.576,0.59,0.58,0.6,0.41,0.4,0.42,,,,
2026-01-06 08:53:14.611000+00:00,2026-01-06 08:53:14.811352+00:00,494.611,0.585,0.58,0.59,0.415,0.41,0.42,,,,
2026-01-06 08:53:15.615000+00:00,2026-01-06 08:53:15.817805+00:00,495.615,0.585,0.58,0.59,0.415,0.41,0.42,,,,
2026-01-06 08:53:16.623000+00:00,2026-01-06 08:53:16.827086+00:00,496.623,0.605,0.6,0.61,0.395,0.39,0.4,,,,
2026-01-06 08:53:17.614000+00:00,2026-01-06 08:53:17.822325+00:00,497.614,0.6,0.59,0.61,0.4,0.39,0.41,,,,
2026-01-06 08:53:18.602000+00:00,2026-01-06 08:53:18.825619+00:00,498.602,0.6,0.59,0.61,0.4,0.39,0.41,,,,
2026-01-06 08:53:19.621000+00:00,2026-01-06 08:53:19.834404+00:00,499.621,0.595,0.58,0.61,0.405,0.39,0.42,,,,
2026-01-06 08:53:20.560000+00:00,2026-01-06 08:53:20.839523+00:00,500.56,0.595,0.59,0.6,0.41,0.4,0.42,,,,
2026-01-06 08:53:21.593000+00:00,2026-01-06 08:53:21.848226+00:00,501.593,0.605,0.6,0.61,0.4,0.39,0.41,,,,
2026-01-06 08:53:22.621000+00:00,2026-01-06 08:53:22.845093+00:00,502.621,0.595,0.58,0.61,0.405,0.39,0.42,,,,
2026-01-06 08:53:23.592000+00:00,2026-01-06 08:53:23.844953+00:00,503.592,0.6,0.59,0.61,0.4,0.39,0.41,,,,
2026-01-06 08:53:24.517000+00:00,2026-01-06 08:53:24.856079+00:00,504.517,0.6,0.59,0.61,0.4,0.39,0.41,,,,
2026-01-06 08:53:25.659000+00:00,2026-01-06 08:53:25.869062+00:00,505.659,0.6,0.59,0.61,0.4,0.39,0.41,,,,
2026-01-06 08:53:26.678000+00:00,2026-01-06 08:53:26.878450+00:00,506.678,0.6,0.59,0.61,0.395,0.39,0.4,,,,
2026-01-06 08:53:27.670000+00:00,2026-01-06 08:53:27.889942+00:00,507.67,0.635,0.62,0.65,0.355,0.35,0.36,,,,
2026-01-06 08:53:28.671000+00:00,2026-01-06 08:53:28.888006+00:00,508.671,0.64,0.63,0.65,0.36,0.35,0.37,,,,
2026-01-06 08:53:29.693000+00:00,2026-01-06 08:53:29.905620+00:00,509.693,0.635,0.63,0.64,0.365,0.36,0.37,,,,
2026-01-06 08:53:30.696000+00:00,2026-01-06 08:53:30.905394+00:00,510.696,0.63,0.62,0.64,0.37,0.36,0.38,,,,
2026-01-06 08:53:31.710000+00:00,2026-01-06 08:53:31.921427+00:00,511.71,0.64,0.63,0.65,0.36,0.35,0.37,,,,
2026-01-06 08:53:32.728000+00:00,2026-01-06 08:53:32.922534+00:00,512.728,0.635,0.63,0.64,0.365,0.36,0.37,,,,
2026-01-06 08:53:33.704000+00:00,2026-01-06 08:53:33.932856+00:00,513.704,0.635,0.63,0.64,0.365,0.36,0.37,,,,
2026-01-06 08:53:34.737000+00:00,2026-01-06 08:53:34.938584+00:00,514.737,0.64,0.63,0.65,0.385,0.38,0.39,,,,
2026-01-06 08:53:35.734000+00:00,2026-01-06 08:53:35.946276+00:00,515.734,0.625,0.62,0.63,0.375,0.37,0.38,,,,
2026-01-06 08:53:36.740000+00:00,2026-01-06 08:53:36.965000+00:00,516.74,0.625,0.62,0.63,0.365,0.36,0.37,,,,
2026-01-06 08:53:37.774000+00:00,2026-01-06 08:53:37.983661+00:00,517.774,0.65,0.64,0.66,0.35,0.34,0.36,,,,
2026-01-06 08:53:38.765000+00:00,2026-01-06 08:53:38.981306+00:00,518.765,0.645,0.64,0.65,0.355,0.35,0.36,,,,
2026-01-06 08:53:39.790000+00:00,2026-01-06 08:53:39.988053+00:00,519.79,0.645,0.64,0.65,0.355,0.35,0.36,,,,
2026-01-06 08:53:40.763000+00:00,2026-01-06 08:53:40.979523+00:00,520.763,0.645,0.64,0.65,0.355,0.35,0.36,,,,
2026-01-06 08:53:41.867000+00:00,2026-01-06 08:53:41.995422+00:00,521.867,0.65,0.64,0.66,0.35,0.34,0.36,,,,
2026-01-06 08:53:42.796000+00:00,2026-01-06 08:53:42.992702+00:00,522.796,0.655,0.65,0.66,0.345,0.34,0.35,,,,
2026-01-06 08:53:43.737000+00:00,2026-01-06 08:53:44.005015+00:00,523.737,0.655,0.65,0.66,0.345,0.34,0.35,,,,
2026-01-06 08:53:44.815000+00:00,2026-01-06 08:53:45.018904+00:00,524.815,0.655,0.65,0.66,0.345,0.34,0.35,,,,
2026-01-06 08:53:45.617000+00:00,2026-01-06 08:53:46.022557+00:00,525.617,0.655,0.65,0.66,0.345,0.34,0.35,,,,
2026-01-06 08:53:46.691000+00:00,2026-01-06 08:53:47.021143+00:00,526.691,0.655,0.65,0.66,0.345,0.34,0.35,,,,
2026-01-06 08:53:47.827000+00:00,2026-01-06 08:53:48.024553+00:00,527.827,0.655,0.65,0.66,0.345,0.34,0.35,,,,
2026-01-06 08:53:48.816000+00:00,2026-01-06 08:53:49.027329+00:00,528.816,0.675,0.67,0.68,0.325,0.32,0.33,,,,
2026-01-06 08:53:49.816000+00:00,2026-01-06 08:53:50.020120+00:00,529.816,0.685,0.68,0.69,0.315,0.31,0.32,,,,
2026-01-06 08:53:50.804000+00:00,2026-01-06 08:53:51.020676+00:00,530.804,0.685,0.68,0.69,0.315,0.31,0.32,,,,
2026-01-06 08:53:51.779000+00:00,2026-01-06 08:53:52.022582+00:00,531.779,0.685,0.68,0.69,0.315,0.31,0.32,,,,
2026-01-06 08:53:52.806000+00:00,2026-01-06 08:53:53.037479+00:00,532.806,0.685,0.68,0.69,0.315,0.31,0.32,,,,
2026-01-06 08:53:53.827000+00:00,2026-01-06 08:53:54.054774+00:00,533.827,0.6799999999999999,0.67,0.69,0.32,0.31,0.33,,,,
2026-01-06 08:53:54.851000+00:00,2026-01-06 08:53:55.062303+00:00,534.851,0.685,0.68,0.69,0.315,0.31,0.32,,,,
2026-01-06 08:53:55.874000+00:00,2026-01-06 08:53:56.071487+00:00,535.874,0.695,0.69,0.7,0.305,0.3,0.31,,,,
2026-01-06 08:53:56.868000+00:00,2026-01-06 08:53:57.077236+00:00,536.868,0.715,0.71,0.72,0.285,0.28,0.29,,,,
2026-01-06 08:53:57.803000+00:00,2026-01-06 08:53:58.077870+00:00,537.803,0.715,0.71,0.72,0.29,0.28,0.3,,,,
2026-01-06 08:53:58.853000+00:00,2026-01-06 08:53:59.078338+00:00,538.853,0.71,0.7,0.72,0.285,0.28,0.29,,,,
2026-01-06 08:53:59.873000+00:00,2026-01-06 08:54:00.079895+00:00,539.873,0.715,0.71,0.72,0.28,0.27,0.29,,,,
2026-01-06 08:54:00.866000+00:00,2026-01-06 08:54:01.091771+00:00,540.866,0.735,0.73,0.74,0.265,0.26,0.27,,,,
2026-01-06 08:54:01.868000+00:00,2026-01-06 08:54:02.101189+00:00,541.868,0.73,0.72,0.74,0.27,0.26,0.28,,,,
2026-01-06 08:54:02.912000+00:00,2026-01-06 08:54:03.112291+00:00,542.912,0.77,0.76,0.78,0.2299999999999999,0.22,0.24,,,,
2026-01-06 08:54:03.901000+00:00,2026-01-06 08:54:04.125484+00:00,543.901,0.77,0.76,0.78,0.2299999999999999,0.22,0.24,,,,
2026-01-06 08:54:04.834000+00:00,2026-01-06 08:54:05.121846+00:00,544.834,0.765,0.76,0.77,0.245,0.24,0.25,,,,
2026-01-06 08:54:05.921000+00:00,2026-01-06 08:54:06.137878+00:00,545.921,0.78,0.77,0.79,0.22,0.21,0.23,,,,
2026-01-06 08:54:06.941000+00:00,2026-01-06 08:54:07.151849+00:00,546.941,0.785,0.78,0.79,0.215,0.21,0.22,,,,
2026-01-06 08:54:07.977000+00:00,2026-01-06 08:54:08.174461+00:00,547.977,0.775,0.77,0.78,0.225,0.22,0.23,,,,
2026-01-06 08:54:08.957000+00:00,2026-01-06 08:54:09.174276+00:00,548.957,0.775,0.77,0.78,0.225,0.22,0.23,,,,
2026-01-06 08:54:09.988000+00:00,2026-01-06 08:54:10.184431+00:00,549.988,0.785,0.78,0.79,0.215,0.21,0.22,,,,
2026-01-06 08:54:10.806000+00:00,2026-01-06 08:54:11.173031+00:00,550.806,0.775,0.77,0.78,0.225,0.22,0.23,,,,
2026-01-06 08:54:11.968000+00:00,2026-01-06 08:54:12.177342+00:00,551.968,0.795,0.79,0.8,0.205,0.2,0.21,,,,
2026-01-06 08:54:12.988000+00:00,2026-01-06 08:54:13.197114+00:00,552.988,0.795,0.79,0.8,0.205,0.2,0.21,,,,
2026-01-06 08:54:13.904000+00:00,2026-01-06 08:54:14.201617+00:00,553.904,0.795,0.79,0.8,0.205,0.2,0.21,,,,
2026-01-06 08:54:14.961000+00:00,2026-01-06 08:54:15.218870+00:00,554.961,0.775,0.77,0.78,0.225,0.22,0.23,,,,
2026-01-06 08:54:16.017000+00:00,2026-01-06 08:54:16.219019+00:00,556.017,0.77,0.76,0.78,0.2299999999999999,0.22,0.24,,,,
2026-01-06 08:54:17.916000+00:00,2026-01-06 08:54:18.220456+00:00,557.916,0.785,0.78,0.79,0.215,0.21,0.22,,,,
2026-01-06 08:54:19.023000+00:00,2026-01-06 08:54:19.220038+00:00,559.023,0.765,0.76,0.77,0.235,0.23,0.24,,,,
2026-01-06 08:54:20.024000+00:00,2026-01-06 08:54:20.225507+00:00,560.024,0.685,0.68,0.69,0.315,0.31,0.32,,,,
2026-01-06 08:54:21.031000+00:00,2026-01-06 08:54:21.232198+00:00,561.031,0.695,0.69,0.7,0.305,0.3,0.31,,,,
2026-01-06 08:54:22.050000+00:00,2026-01-06 08:54:22.246797+00:00,562.05,0.685,0.68,0.69,0.315,0.31,0.32,,,,
2026-01-06 08:54:23.034000+00:00,2026-01-06 08:54:23.251917+00:00,563.034,0.685,0.68,0.69,0.315,0.31,0.32,,,,
2026-01-06 08:54:24.028000+00:00,2026-01-06 08:54:24.258143+00:00,564.028,0.685,0.68,0.69,0.315,0.31,0.32,,,,
2026-01-06 08:54:25.071000+00:00,2026-01-06 08:54:25.269667+00:00,565.071,0.645,0.64,0.65,0.355,0.35,0.36,,,,
2026-01-06 08:54:26.999000+00:00,2026-01-06 08:54:27.286381+00:00,566.999,0.615,0.61,0.62,0.385,0.38,0.39,,,,
2026-01-06 08:54:27.952000+00:00,2026-01-06 08:54:28.304008+00:00,567.952,0.615,0.61,0.62,0.385,0.38,0.39,,,,
2026-01-06 08:54:28.902000+00:00,2026-01-06 08:54:29.307972+00:00,568.902,0.615,0.61,0.62,0.385,0.38,0.39,,,,
2026-01-06 08:54:30.089000+00:00,2026-01-06 08:54:30.306974+00:00,570.089,0.585,0.58,0.59,0.415,0.41,0.42,,,,
2026-01-06 08:54:31.113000+00:00,2026-01-06 08:54:31.322110+00:00,571.113,0.5700000000000001,0.56,0.58,0.42,0.41,0.43,,,,
2026-01-06 08:54:32.092000+00:00,2026-01-06 08:54:32.322775+00:00,572.092,0.58,0.57,0.59,0.42,0.41,0.43,,,,
2026-01-06 08:54:33.139000+00:00,2026-01-06 08:54:33.336823+00:00,573.139,0.58,0.57,0.59,0.42,0.41,0.43,,,,
2026-01-06 08:54:34.158000+00:00,2026-01-06 08:54:34.354010+00:00,574.158,0.58,0.57,0.59,0.415,0.41,0.42,,,,
2026-01-06 08:54:35.175000+00:00,2026-01-06 08:54:35.369568+00:00,575.175,0.645,0.64,0.65,0.375,0.37,0.38,,,,
2026-01-06 08:54:36.161000+00:00,2026-01-06 08:54:36.369428+00:00,576.161,0.625,0.62,0.63,0.375,0.37,0.38,,,,
2026-01-06 08:54:37.167000+00:00,2026-01-06 08:54:37.388367+00:00,577.167,0.625,0.62,0.63,0.375,0.37,0.38,,,,
2026-01-06 08:54:38.051000+00:00,2026-01-06 08:54:38.413834+00:00,578.051,0.625,0.62,0.63,0.375,0.37,0.38,,,,
2026-01-06 08:54:39.129000+00:00,2026-01-06 08:54:39.428282+00:00,579.129,0.625,0.62,0.63,0.375,0.37,0.38,,,,
2026-01-06 08:54:40.218000+00:00,2026-01-06 08:54:40.442487+00:00,580.218,0.625,0.62,0.63,0.375,0.37,0.38,,,,
2026-01-06 08:54:41.259000+00:00,2026-01-06 08:54:41.457007+00:00,581.259,0.625,0.62,0.63,0.375,0.37,0.38,,,,
2026-01-06 08:54:42.099000+00:00,2026-01-06 08:54:42.457580+00:00,582.099,0.63,0.62,0.64,0.375,0.37,0.38,,,,
2026-01-06 08:54:43.273000+00:00,2026-01-06 08:54:43.459073+00:00,583.273,0.625,0.62,0.63,0.375,0.37,0.38,,,,
2026-01-06 08:54:44.168000+00:00,2026-01-06 08:54:44.452763+00:00,584.168,0.625,0.62,0.63,0.375,0.37,0.38,,,,
2026-01-06 08:54:45.249000+00:00,2026-01-06 08:54:45.451903+00:00,585.249,0.63,0.62,0.64,0.375,0.37,0.38,,,,
2026-01-06 08:54:46.243000+00:00,2026-01-06 08:54:46.462834+00:00,586.243,0.625,0.62,0.63,0.375,0.37,0.38,,,,
2026-01-06 08:54:47.267000+00:00,2026-01-06 08:54:47.479978+00:00,587.267,0.625,0.62,0.63,0.375,0.37,0.38,,,,
2026-01-06 08:54:48.257000+00:00,2026-01-06 08:54:48.485792+00:00,588.257,0.635,0.63,0.64,0.365,0.36,0.37,,,,
2026-01-06 08:54:49.198000+00:00,2026-01-06 08:54:49.485364+00:00,589.198,0.635,0.63,0.64,0.365,0.36,0.37,,,,
2026-01-06 08:54:50.279000+00:00,2026-01-06 08:54:50.493503+00:00,590.279,0.635,0.63,0.64,0.365,0.36,0.37,,,,
2026-01-06 08:54:51.110000+00:00,2026-01-06 08:54:51.485348+00:00,591.11,0.635,0.63,0.64,0.365,0.36,0.37,,,,
2026-01-06 08:54:52.265000+00:00,2026-01-06 08:54:52.494522+00:00,592.265,0.635,0.63,0.64,0.365,0.36,0.37,,,,
2026-01-06 08:54:53.298000+00:00,2026-01-06 08:54:53.509880+00:00,593.298,0.63,0.62,0.64,0.37,0.36,0.38,,,,
2026-01-06 08:54:54.244000+00:00,2026-01-06 08:54:54.519028+00:00,594.244,0.64,0.63,0.65,0.36,0.35,0.37,,,,
2026-01-06 08:54:55.293000+00:00,2026-01-06 08:54:55.510090+00:00,595.293,0.655,0.65,0.66,0.345,0.34,0.35,,,,
2026-01-06 08:54:56.301000+00:00,2026-01-06 08:54:56.524191+00:00,596.301,0.655,0.65,0.66,0.345,0.34,0.35,,,,
2026-01-06 08:54:57.307000+00:00,2026-01-06 08:54:57.536121+00:00,597.307,0.655,0.65,0.66,0.345,0.34,0.35,,,,
2026-01-06 08:54:58.306000+00:00,2026-01-06 08:54:58.539243+00:00,598.306,0.655,0.65,0.66,0.345,0.34,0.35,,,,
2026-01-06 08:54:59.346000+00:00,2026-01-06 08:54:59.552648+00:00,599.346,0.655,0.65,0.66,0.345,0.34,0.35,,,,
2026-01-06 08:55:00.312000+00:00,2026-01-06 08:55:00.557005+00:00,600.312,0.655,0.65,0.66,0.345,0.34,0.35,,,,
2026-01-06 08:55:01.369000+00:00,2026-01-06 08:55:01.569627+00:00,601.369,0.695,0.69,0.7,0.305,0.3,0.31,,,,
2026-01-06 08:55:02.315000+00:00,2026-01-06 08:55:02.583004+00:00,602.315,0.735,0.73,0.74,0.27,0.26,0.28,,,,
2026-01-06 08:55:03.361000+00:00,2026-01-06 08:55:03.586082+00:00,603.361,0.725,0.72,0.73,0.275,0.27,0.28,,,,
2026-01-06 08:55:04.393000+00:00,2026-01-06 08:55:04.602321+00:00,604.393,0.725,0.72,0.73,0.275,0.27,0.28,,,,
2026-01-06 08:55:05.399000+00:00,2026-01-06 08:55:05.601063+00:00,605.399,0.725,0.72,0.73,0.275,0.27,0.28,,,,
2026-01-06 08:55:06.405000+00:00,2026-01-06 08:55:06.603063+00:00,606.405,0.725,0.72,0.73,0.275,0.27,0.28,,,,
2026-01-06 08:55:07.394000+00:00,2026-01-06 08:55:07.618268+00:00,607.394,0.705,0.7,0.71,0.29,0.28,0.3,,,,
2026-01-06 08:55:08.371000+00:00,2026-01-06 08:55:08.634877+00:00,608.371,0.705,0.7,0.71,0.295,0.29,0.3,,,,
2026-01-06 08:55:09.438000+00:00,2026-01-06 08:55:09.634909+00:00,609.438,0.705,0.7,0.71,0.295,0.29,0.3,,,,
2026-01-06 08:55:10.448000+00:00,2026-01-06 08:55:10.648892+00:00,610.448,0.605,0.6,0.61,0.395,0.39,0.4,,,,
2026-01-06 08:55:11.407000+00:00,2026-01-06 08:55:11.653091+00:00,611.407,0.62,0.61,0.63,0.375,0.37,0.38,,,,
2026-01-06 08:55:12.463000+00:00,2026-01-06 08:55:12.650665+00:00,612.463,0.62,0.61,0.63,0.38,0.37,0.39,,,,
2026-01-06 08:55:13.461000+00:00,2026-01-06 08:55:13.667926+00:00,613.461,0.62,0.61,0.63,0.38,0.37,0.39,,,,
2026-01-06 08:55:14.375000+00:00,2026-01-06 08:55:14.666997+00:00,614.375,0.62,0.61,0.63,0.38,0.37,0.39,,,,
2026-01-06 08:55:15.427000+00:00,2026-01-06 08:55:15.683960+00:00,615.427,0.62,0.61,0.63,0.38,0.37,0.39,,,,
2026-01-06 08:55:16.459000+00:00,2026-01-06 08:55:16.705968+00:00,616.459,0.625,0.62,0.63,0.375,0.37,0.38,,,,
2026-01-06 08:55:17.447000+00:00,2026-01-06 08:55:17.723168+00:00,617.447,0.63,0.62,0.64,0.37,0.36,0.38,,,,
2026-01-06 08:55:18.479000+00:00,2026-01-06 08:55:18.739688+00:00,618.479,0.635,0.63,0.64,0.365,0.36,0.37,,,,
2026-01-06 08:55:19.413000+00:00,2026-01-06 08:55:19.743356+00:00,619.413,0.63,0.62,0.64,0.37,0.36,0.38,,,,
2026-01-06 08:55:20.546000+00:00,2026-01-06 08:55:20.755704+00:00,620.546,0.625,0.62,0.63,0.375,0.37,0.38,,,,
2026-01-06 08:55:21.521000+00:00,2026-01-06 08:55:21.752057+00:00,621.521,0.635,0.63,0.64,0.365,0.36,0.37,,,,
2026-01-06 08:55:22.524000+00:00,2026-01-06 08:55:22.743704+00:00,622.524,0.635,0.63,0.64,0.365,0.36,0.37,,,,
2026-01-06 08:55:23.559000+00:00,2026-01-06 08:55:23.757484+00:00,623.559,0.635,0.63,0.64,0.365,0.36,0.37,,,,
2026-01-06 08:55:24.479000+00:00,2026-01-06 08:55:24.757403+00:00,624.479,0.585,0.58,0.59,0.415,0.41,0.42,,,,
2026-01-06 08:55:25.566000+00:00,2026-01-06 08:55:25.768295+00:00,625.566,0.585,0.58,0.59,0.41,0.4,0.42,,,,
2026-01-06 08:55:26.578000+00:00,2026-01-06 08:55:26.777191+00:00,626.578,0.595,0.59,0.6,0.405,0.4,0.41,,,,
2026-01-06 08:55:27.501000+00:00,2026-01-06 08:55:27.791178+00:00,627.501,0.595,0.59,0.6,0.405,0.4,0.41,,,,
2026-01-06 08:55:28.580000+00:00,2026-01-06 08:55:28.796442+00:00,628.58,0.595,0.59,0.6,0.405,0.4,0.41,,,,
2026-01-06 08:55:29.585000+00:00,2026-01-06 08:55:29.801078+00:00,629.585,0.585,0.58,0.59,0.415,0.41,0.42,,,,
2026-01-06 08:55:30.582000+00:00,2026-01-06 08:55:30.809129+00:00,630.582,0.575,0.57,0.58,0.425,0.42,0.43,,,,
2026-01-06 08:55:31.651000+00:00,2026-01-06 08:55:31.833042+00:00,631.651,0.5700000000000001,0.56,0.58,0.435,0.43,0.44,,,,
2026-01-06 08:55:32.631000+00:00,2026-01-06 08:55:32.833348+00:00,632.631,0.48,0.47,0.49,0.52,0.51,0.53,,,,
2026-01-06 08:55:33.593000+00:00,2026-01-06 08:55:33.841206+00:00,633.593,0.485,0.48,0.49,0.515,0.51,0.52,,,,
2026-01-06 08:55:34.516000+00:00,2026-01-06 08:55:34.854617+00:00,634.516,0.485,0.48,0.49,0.515,0.51,0.52,,,,
2026-01-06 08:55:35.400000+00:00,2026-01-06 08:55:35.851062+00:00,635.4,0.48,0.47,0.49,0.52,0.51,0.53,,,,
2026-01-06 08:55:36.554000+00:00,2026-01-06 08:55:36.839993+00:00,636.554,0.48,0.47,0.49,0.52,0.51,0.53,,,,
2026-01-06 08:55:37.625000+00:00,2026-01-06 08:55:37.851204+00:00,637.625,0.48,0.47,0.49,0.525,0.52,0.53,,,,
2026-01-06 08:55:38.620000+00:00,2026-01-06 08:55:38.862261+00:00,638.62,0.475,0.47,0.48,0.525,0.52,0.53,,,,
2026-01-06 08:55:39.536000+00:00,2026-01-06 08:55:39.874751+00:00,639.536,0.49,0.48,0.5,0.51,0.5,0.52,,,,
2026-01-06 08:55:40.679000+00:00,2026-01-06 08:55:40.884086+00:00,640.679,0.49,0.48,0.5,0.51,0.5,0.52,,,,
2026-01-06 08:55:41.674000+00:00,2026-01-06 08:55:41.900238+00:00,641.674,0.495,0.49,0.5,0.505,0.5,0.51,,,,
2026-01-06 08:55:42.645000+00:00,2026-01-06 08:55:42.916299+00:00,642.645,0.5,0.49,0.51,0.5,0.49,0.51,,,,
2026-01-06 08:55:43.666000+00:00,2026-01-06 08:55:43.927771+00:00,643.666,0.49,0.48,0.5,0.51,0.5,0.52,,,,
2026-01-06 08:55:44.646000+00:00,2026-01-06 08:55:44.934182+00:00,644.646,0.485,0.48,0.49,0.515,0.51,0.52,,,,
2026-01-06 08:55:45.711000+00:00,2026-01-06 08:55:45.951773+00:00,645.711,0.485,0.48,0.49,0.515,0.51,0.52,,,,
2026-01-06 08:55:46.775000+00:00,2026-01-06 08:55:46.969780+00:00,646.775,0.4649999999999999,0.44,0.49,0.52,0.51,0.53,,,,
2026-01-06 08:55:47.768000+00:00,2026-01-06 08:55:47.984327+00:00,647.768,0.485,0.48,0.49,0.515,0.51,0.52,,,,
2026-01-06 08:55:48.801000+00:00,2026-01-06 08:55:49.000322+00:00,648.801,0.4599999999999999,0.45,0.47,0.54,0.53,0.55,,,,
2026-01-06 08:55:49.794000+00:00,2026-01-06 08:55:50.004737+00:00,649.794,0.455,0.45,0.46,0.545,0.54,0.55,,,,
2026-01-06 08:55:50.747000+00:00,2026-01-06 08:55:51.021332+00:00,650.747,0.455,0.45,0.46,0.545,0.54,0.55,,,,
2026-01-06 08:55:51.738000+00:00,2026-01-06 08:55:52.030952+00:00,651.738,0.4599999999999999,0.45,0.47,0.54,0.53,0.55,,,,
2026-01-06 08:55:52.784000+00:00,2026-01-06 08:55:53.039764+00:00,652.784,0.455,0.45,0.46,0.545,0.54,0.55,,,,
2026-01-06 08:55:53.850000+00:00,2026-01-06 08:55:54.046445+00:00,653.85,0.445,0.44,0.45,0.555,0.55,0.56,,,,
2026-01-06 08:55:54.869000+00:00,2026-01-06 08:55:55.067240+00:00,654.869,0.425,0.42,0.43,0.58,0.57,0.59,,,,
2026-01-06 08:55:55.855000+00:00,2026-01-06 08:55:56.073798+00:00,655.855,0.42,0.41,0.43,0.58,0.57,0.59,,,,
2026-01-06 08:55:56.806000+00:00,2026-01-06 08:55:57.087651+00:00,656.806,0.425,0.42,0.43,0.575,0.57,0.58,,,,
2026-01-06 08:55:57.898000+00:00,2026-01-06 08:55:58.100150+00:00,657.898,0.415,0.41,0.42,0.585,0.58,0.59,,,,
2026-01-06 08:55:58.910000+00:00,2026-01-06 08:55:59.120019+00:00,658.91,0.345,0.34,0.35,0.655,0.65,0.66,,,,
2026-01-06 08:55:59.936000+00:00,2026-01-06 08:56:00.130833+00:00,659.936,0.345,0.34,0.35,0.655,0.65,0.66,,,,
2026-01-06 08:56:00.947000+00:00,2026-01-06 08:56:01.147502+00:00,660.947,0.33,0.32,0.34,0.67,0.66,0.68,,,,
2026-01-06 08:56:01.936000+00:00,2026-01-06 08:56:02.149782+00:00,661.936,0.325,0.32,0.33,0.685,0.68,0.69,,,,
2026-01-06 08:56:02.973000+00:00,2026-01-06 08:56:03.166330+00:00,662.973,0.355,0.35,0.36,0.61,0.6,0.62,,,,
2026-01-06 08:56:03.898000+00:00,2026-01-06 08:56:04.167182+00:00,663.898,0.4599999999999999,0.45,0.47,0.525,0.52,0.53,,,,
2026-01-06 08:56:04.959000+00:00,2026-01-06 08:56:05.168191+00:00,664.959,0.455,0.45,0.46,0.545,0.54,0.55,,,,
2026-01-06 08:56:05.922000+00:00,2026-01-06 08:56:06.182423+00:00,665.922,0.425,0.42,0.43,0.575,0.57,0.58,,,,
2026-01-06 08:56:06.934000+00:00,2026-01-06 08:56:07.183704+00:00,666.934,0.425,0.42,0.43,0.565,0.56,0.57,,,,
2026-01-06 08:56:07.965000+00:00,2026-01-06 08:56:08.193458+00:00,667.965,0.435,0.43,0.44,0.565,0.56,0.57,,,,
2026-01-06 08:56:08.993000+00:00,2026-01-06 08:56:09.193531+00:00,668.993,0.435,0.43,0.44,0.565,0.56,0.57,,,,
2026-01-06 08:56:10.940000+00:00,2026-01-06 08:56:11.197641+00:00,670.94,0.435,0.43,0.44,0.565,0.56,0.57,,,,
2026-01-06 08:56:11.969000+00:00,2026-01-06 08:56:12.198810+00:00,671.969,0.425,0.42,0.43,0.575,0.57,0.58,,,,
2026-01-06 08:56:12.630000+00:00,2026-01-06 08:56:13.203063+00:00,672.63,0.425,0.42,0.43,0.575,0.57,0.58,,,,
2026-01-06 08:56:13.969000+00:00,2026-01-06 08:56:14.202904+00:00,673.969,0.43,0.42,0.44,0.5700000000000001,0.56,0.58,,,,
2026-01-06 08:56:14.829000+00:00,2026-01-06 08:56:15.212405+00:00,674.829,0.43,0.42,0.44,0.5700000000000001,0.56,0.58,,,,
2026-01-06 08:56:15.984000+00:00,2026-01-06 08:56:16.214482+00:00,675.984,0.445,0.44,0.45,0.555,0.55,0.56,,,,
2026-01-06 08:56:17.001000+00:00,2026-01-06 08:56:17.221982+00:00,677.001,0.45,0.44,0.46,0.55,0.54,0.56,,,,
2026-01-06 08:56:18.931000+00:00,2026-01-06 08:56:19.237973+00:00,678.931,0.455,0.45,0.46,0.545,0.54,0.55,,,,
2026-01-06 08:56:19.961000+00:00,2026-01-06 08:56:20.236753+00:00,679.961,0.4649999999999999,0.46,0.47,0.535,0.53,0.54,,,,
2026-01-06 08:56:21.012000+00:00,2026-01-06 08:56:21.242124+00:00,681.012,0.445,0.44,0.45,0.555,0.55,0.56,,,,
2026-01-06 08:56:22.029000+00:00,2026-01-06 08:56:22.248867+00:00,682.029,0.445,0.44,0.45,0.56,0.55,0.57,,,,
2026-01-06 08:56:23.903000+00:00,2026-01-06 08:56:24.252122+00:00,683.903,0.445,0.43,0.46,0.5549999999999999,0.54,0.57,,,,
2026-01-06 08:56:25.006000+00:00,2026-01-06 08:56:25.249409+00:00,685.006,0.445,0.43,0.46,0.5549999999999999,0.54,0.57,,,,
2026-01-06 08:56:26.052000+00:00,2026-01-06 08:56:26.257484+00:00,686.052,0.4549999999999999,0.44,0.47,0.545,0.53,0.56,,,,
2026-01-06 08:56:27.057000+00:00,2026-01-06 08:56:27.260880+00:00,687.057,0.4599999999999999,0.44,0.48,0.54,0.52,0.56,,,,
2026-01-06 08:56:28.024000+00:00,2026-01-06 08:56:28.270637+00:00,688.024,0.4549999999999999,0.44,0.47,0.545,0.53,0.56,,,,
2026-01-06 08:56:29.031000+00:00,2026-01-06 08:56:29.267935+00:00,689.031,0.475,0.47,0.48,0.525,0.52,0.53,,,,
2026-01-06 08:56:30.079000+00:00,2026-01-06 08:56:30.280334+00:00,690.079,0.4649999999999999,0.46,0.47,0.535,0.53,0.54,,,,
2026-01-06 08:56:31.090000+00:00,2026-01-06 08:56:31.285885+00:00,691.09,0.495,0.49,0.5,0.505,0.5,0.51,,,,
2026-01-06 08:56:32.076000+00:00,2026-01-06 08:56:32.292665+00:00,692.076,0.49,0.48,0.5,0.51,0.5,0.52,,,,
2026-01-06 08:56:33.080000+00:00,2026-01-06 08:56:33.286352+00:00,693.08,0.49,0.48,0.5,0.51,0.5,0.52,,,,
2026-01-06 08:56:34.094000+00:00,2026-01-06 08:56:34.290515+00:00,694.094,0.495,0.49,0.5,0.505,0.5,0.51,,,,
2026-01-06 08:56:35.096000+00:00,2026-01-06 08:56:35.303274+00:00,695.096,0.505,0.5,0.51,0.495,0.49,0.5,,,,
2026-01-06 08:56:36.117000+00:00,2026-01-06 08:56:36.319323+00:00,696.117,0.505,0.5,0.51,0.495,0.49,0.5,,,,
2026-01-06 08:56:37.130000+00:00,2026-01-06 08:56:37.330653+00:00,697.13,0.51,0.5,0.52,0.49,0.48,0.5,,,,
2026-01-06 08:56:38.768000+00:00,2026-01-06 08:56:39.356069+00:00,698.768,0.5,0.49,0.51,0.5,0.49,0.51,,,,
2026-01-06 08:56:40.153000+00:00,2026-01-06 08:56:40.373133+00:00,700.153,0.5,0.49,0.51,0.505,0.5,0.51,,,,
2026-01-06 08:56:41.180000+00:00,2026-01-06 08:56:41.380115+00:00,701.18,0.49,0.48,0.5,0.51,0.5,0.52,,,,
2026-01-06 08:56:42.170000+00:00,2026-01-06 08:56:42.390083+00:00,702.17,0.495,0.49,0.5,0.5,0.49,0.51,,,,
2026-01-06 08:56:43.158000+00:00,2026-01-06 08:56:43.397461+00:00,703.158,0.49,0.48,0.5,0.51,0.5,0.52,,,,
2026-01-06 08:56:44.157000+00:00,2026-01-06 08:56:44.398420+00:00,704.157,0.49,0.48,0.5,0.51,0.5,0.52,,,,
2026-01-06 08:56:45.195000+00:00,2026-01-06 08:56:45.413512+00:00,705.195,0.49,0.48,0.5,0.51,0.5,0.52,,,,
2026-01-06 08:56:46.143000+00:00,2026-01-06 08:56:46.413489+00:00,706.143,0.49,0.48,0.5,0.51,0.5,0.52,,,,
2026-01-06 08:56:47.294000+00:00,2026-01-06 08:56:47.423159+00:00,707.294,0.475,0.47,0.48,0.53,0.52,0.54,,,,
2026-01-06 08:56:48.142000+00:00,2026-01-06 08:56:48.437710+00:00,708.142,0.47,0.46,0.48,0.53,0.52,0.54,,,,
2026-01-06 08:56:49.254000+00:00,2026-01-06 08:56:49.438850+00:00,709.254,0.4599999999999999,0.45,0.47,0.54,0.53,0.55,,,,
2026-01-06 08:56:50.250000+00:00,2026-01-06 08:56:50.446418+00:00,710.25,0.45,0.44,0.46,0.545,0.54,0.55,,,,
2026-01-06 08:56:51.244000+00:00,2026-01-06 08:56:51.447690+00:00,711.244,0.415,0.41,0.42,0.585,0.58,0.59,,,,
2026-01-06 08:56:52.191000+00:00,2026-01-06 08:56:52.447190+00:00,712.191,0.4599999999999999,0.45,0.47,0.54,0.53,0.55,,,,
2026-01-06 08:56:53.154000+00:00,2026-01-06 08:56:53.443030+00:00,713.154,0.4599999999999999,0.45,0.47,0.54,0.53,0.55,,,,
2026-01-06 08:56:54.164000+00:00,2026-01-06 08:56:54.448419+00:00,714.164,0.455,0.45,0.46,0.545,0.54,0.55,,,,
2026-01-06 08:56:55.900000+00:00,2026-01-06 08:56:56.457297+00:00,715.9,0.455,0.45,0.46,0.545,0.54,0.55,,,,
2026-01-06 08:56:57.193000+00:00,2026-01-06 08:56:57.463682+00:00,717.193,0.455,0.45,0.46,0.545,0.54,0.55,,,,
2026-01-06 08:56:58.227000+00:00,2026-01-06 08:56:58.463294+00:00,718.227,0.4599999999999999,0.45,0.47,0.54,0.53,0.55,,,,
2026-01-06 08:56:59.288000+00:00,2026-01-06 08:56:59.480284+00:00,719.288,0.455,0.45,0.46,0.545,0.54,0.55,,,,
2026-01-06 08:57:00.284000+00:00,2026-01-06 08:57:00.489274+00:00,720.284,0.395,0.39,0.4,0.595,0.58,0.61,,,,
2026-01-06 08:57:01.278000+00:00,2026-01-06 08:57:01.495794+00:00,721.278,0.475,0.47,0.48,0.515,0.51,0.52,,,,
2026-01-06 08:57:02.302000+00:00,2026-01-06 08:57:02.506742+00:00,722.302,0.49,0.48,0.5,0.51,0.5,0.52,,,,
2026-01-06 08:57:03.309000+00:00,2026-01-06 08:57:03.513461+00:00,723.309,0.53,0.52,0.54,0.425,0.42,0.43,,,,
2026-01-06 08:57:04.284000+00:00,2026-01-06 08:57:04.530319+00:00,724.284,0.565,0.56,0.57,0.435,0.43,0.44,,,,
2026-01-06 08:57:05.346000+00:00,2026-01-06 08:57:05.547033+00:00,725.346,0.615,0.61,0.62,0.385,0.38,0.39,,,,
2026-01-06 08:57:06.361000+00:00,2026-01-06 08:57:06.559010+00:00,726.361,0.585,0.58,0.59,0.435,0.43,0.44,,,,
2026-01-06 08:57:07.360000+00:00,2026-01-06 08:57:07.569444+00:00,727.36,0.5,0.49,0.51,0.5,0.49,0.51,,,,
2026-01-06 08:57:08.321000+00:00,2026-01-06 08:57:08.587722+00:00,728.321,0.505,0.5,0.51,0.495,0.49,0.5,,,,
2026-01-06 08:57:09.323000+00:00,2026-01-06 08:57:09.596521+00:00,729.323,0.505,0.5,0.51,0.495,0.49,0.5,,,,
2026-01-06 08:57:10.363000+00:00,2026-01-06 08:57:10.612775+00:00,730.363,0.51,0.5,0.52,0.485,0.48,0.49,,,,
2026-01-06 08:57:11.423000+00:00,2026-01-06 08:57:11.621686+00:00,731.423,0.525,0.52,0.53,0.455,0.45,0.46,,,,
2026-01-06 08:57:12.386000+00:00,2026-01-06 08:57:12.629743+00:00,732.386,0.545,0.54,0.55,0.4599999999999999,0.45,0.47,,,,
2026-01-06 08:57:13.437000+00:00,2026-01-06 08:57:13.629864+00:00,733.437,0.54,0.53,0.55,0.4599999999999999,0.45,0.47,,,,
2026-01-06 08:57:14.256000+00:00,2026-01-06 08:57:14.629227+00:00,734.256,0.535,0.53,0.54,0.4649999999999999,0.46,0.47,,,,
2026-01-06 08:57:15.394000+00:00,2026-01-06 08:57:15.643944+00:00,735.394,0.535,0.53,0.54,0.4649999999999999,0.46,0.47,,,,
2026-01-06 08:57:16.435000+00:00,2026-01-06 08:57:16.645718+00:00,736.435,0.53,0.52,0.54,0.505,0.5,0.51,,,,
2026-01-06 08:57:17.435000+00:00,2026-01-06 08:57:17.645849+00:00,737.435,0.495,0.49,0.5,0.505,0.5,0.51,,,,
2026-01-06 08:57:18.431000+00:00,2026-01-06 08:57:18.663251+00:00,738.431,0.495,0.49,0.5,0.505,0.5,0.51,,,,
2026-01-06 08:57:19.455000+00:00,2026-01-06 08:57:19.661140+00:00,739.455,0.49,0.48,0.5,0.51,0.5,0.52,,,,
2026-01-06 08:57:20.466000+00:00,2026-01-06 08:57:20.661033+00:00,740.466,0.455,0.45,0.46,0.585,0.58,0.59,,,,
2026-01-06 08:57:21.455000+00:00,2026-01-06 08:57:21.662651+00:00,741.455,0.415,0.41,0.42,0.585,0.58,0.59,,,,
2026-01-06 08:57:22.463000+00:00,2026-01-06 08:57:22.678258+00:00,742.463,0.325,0.32,0.33,0.675,0.67,0.68,,,,
2026-01-06 08:57:23.478000+00:00,2026-01-06 08:57:23.677490+00:00,743.478,0.375,0.37,0.38,0.625,0.62,0.63,,,,
2026-01-06 08:57:24.453000+00:00,2026-01-06 08:57:24.678235+00:00,744.453,0.4,0.39,0.41,0.605,0.6,0.61,,,,
2026-01-06 08:57:25.321000+00:00,2026-01-06 08:57:25.677617+00:00,745.321,0.395,0.39,0.4,0.605,0.6,0.61,,,,
2026-01-06 08:57:26.473000+00:00,2026-01-06 08:57:26.677228+00:00,746.473,0.395,0.39,0.4,0.615,0.61,0.62,,,,
2026-01-06 08:57:27.484000+00:00,2026-01-06 08:57:27.695123+00:00,747.484,0.395,0.39,0.4,0.605,0.6,0.61,,,,
2026-01-06 08:57:28.469000+00:00,2026-01-06 08:57:28.694556+00:00,748.469,0.395,0.39,0.4,0.605,0.6,0.61,,,,
2026-01-06 08:57:29.473000+00:00,2026-01-06 08:57:29.702377+00:00,749.473,0.415,0.41,0.42,0.55,0.54,0.56,,,,
2026-01-06 08:57:30.385000+00:00,2026-01-06 08:57:30.709242+00:00,750.385,0.445,0.44,0.45,0.555,0.55,0.56,,,,
2026-01-06 08:57:31.533000+00:00,2026-01-06 08:57:31.728246+00:00,751.533,0.4649999999999999,0.46,0.47,0.535,0.53,0.54,,,,
2026-01-06 08:57:32.536000+00:00,2026-01-06 08:57:32.728074+00:00,752.536,0.485,0.48,0.49,0.555,0.55,0.56,,,,
2026-01-06 08:57:33.545000+00:00,2026-01-06 08:57:33.744950+00:00,753.545,0.375,0.37,0.38,0.625,0.62,0.63,,,,
2026-01-06 08:57:34.561000+00:00,2026-01-06 08:57:34.762578+00:00,754.561,0.345,0.34,0.35,0.635,0.62,0.65,,,,
2026-01-06 08:57:35.551000+00:00,2026-01-06 08:57:35.763072+00:00,755.551,0.37,0.36,0.38,0.63,0.62,0.64,,,,
2026-01-06 08:57:36.551000+00:00,2026-01-06 08:57:36.769648+00:00,756.551,0.36,0.35,0.37,0.64,0.63,0.65,,,,
2026-01-06 08:57:37.540000+00:00,2026-01-06 08:57:37.767702+00:00,757.54,0.36,0.35,0.37,0.64,0.63,0.65,,,,
2026-01-06 08:57:38.572000+00:00,2026-01-06 08:57:38.775592+00:00,758.572,0.38,0.36,0.4,0.63,0.61,0.65,,,,
2026-01-06 08:57:39.555000+00:00,2026-01-06 08:57:39.783116+00:00,759.555,0.365,0.35,0.38,0.63,0.62,0.64,,,,
2026-01-06 08:57:40.392000+00:00,2026-01-06 08:57:40.776877+00:00,760.392,0.37,0.36,0.38,0.63,0.62,0.64,,,,
2026-01-06 08:57:41.571000+00:00,2026-01-06 08:57:41.793862+00:00,761.571,0.37,0.36,0.38,0.63,0.62,0.64,,,,
2026-01-06 08:57:42.594000+00:00,2026-01-06 08:57:42.791964+00:00,762.594,0.365,0.36,0.37,0.635,0.63,0.64,,,,
2026-01-06 08:57:43.601000+00:00,2026-01-06 08:57:43.807623+00:00,763.601,0.345,0.34,0.35,0.655,0.65,0.66,,,,
2026-01-06 08:57:44.611000+00:00,2026-01-06 08:57:44.812698+00:00,764.611,0.345,0.34,0.35,0.655,0.65,0.66,,,,
2026-01-06 08:57:45.595000+00:00,2026-01-06 08:57:45.811555+00:00,765.595,0.345,0.34,0.35,0.655,0.65,0.66,,,,
2026-01-06 08:57:46.603000+00:00,2026-01-06 08:57:46.828501+00:00,766.603,0.345,0.34,0.35,0.655,0.65,0.66,,,,
2026-01-06 08:57:47.560000+00:00,2026-01-06 08:57:47.827198+00:00,767.56,0.345,0.34,0.35,0.655,0.65,0.66,,,,
2026-01-06 08:57:48.287000+00:00,2026-01-06 08:57:48.829521+00:00,768.287,0.345,0.34,0.35,0.655,0.65,0.66,,,,
2026-01-06 08:57:49.428000+00:00,2026-01-06 08:57:49.830141+00:00,769.428,0.345,0.34,0.35,0.655,0.65,0.66,,,,
2026-01-06 08:57:50.250000+00:00,2026-01-06 08:57:50.828786+00:00,770.25,0.35,0.34,0.36,0.65,0.64,0.66,,,,
2026-01-06 08:57:51.543000+00:00,2026-01-06 08:57:51.830338+00:00,771.543,0.3399999999999999,0.33,0.35,0.66,0.65,0.67,,,,
2026-01-06 08:57:52.646000+00:00,2026-01-06 08:57:52.844699+00:00,772.646,0.545,0.53,0.56,0.24,0.23,0.25,,,,
2026-01-06 08:57:53.646000+00:00,2026-01-06 08:57:53.846457+00:00,773.646,0.65,0.63,0.67,0.415,0.4,0.43,,,,
2026-01-06 08:57:54.648000+00:00,2026-01-06 08:57:54.849015+00:00,774.648,0.475,0.47,0.48,0.525,0.52,0.53,,,,
2026-01-06 08:57:55.649000+00:00,2026-01-06 08:57:55.862448+00:00,775.649,0.475,0.47,0.48,0.525,0.52,0.53,,,,
2026-01-06 08:57:56.591000+00:00,2026-01-06 08:57:56.867192+00:00,776.591,0.4649999999999999,0.46,0.47,0.535,0.53,0.54,,,,
2026-01-06 08:57:57.678000+00:00,2026-01-06 08:57:57.880757+00:00,777.678,0.44,0.43,0.45,0.56,0.55,0.57,,,,
2026-01-06 08:57:58.692000+00:00,2026-01-06 08:57:58.892686+00:00,778.692,0.4649999999999999,0.46,0.47,0.535,0.53,0.54,,,,
2026-01-06 08:57:59.711000+00:00,2026-01-06 08:57:59.894972+00:00,779.711,0.49,0.48,0.5,0.51,0.5,0.52,,,,
2026-01-06 08:58:00.669000+00:00,2026-01-06 08:58:00.900629+00:00,780.669,0.485,0.48,0.49,0.515,0.51,0.52,,,,
2026-01-06 08:58:01.706000+00:00,2026-01-06 08:58:01.902352+00:00,781.706,0.475,0.47,0.48,0.515,0.5,0.53,,,,
2026-01-06 08:58:02.691000+00:00,2026-01-06 08:58:02.911158+00:00,782.691,0.485,0.48,0.49,0.505,0.49,0.52,,,,
2026-01-06 08:58:03.720000+00:00,2026-01-06 08:58:03.919621+00:00,783.72,0.49,0.48,0.5,0.51,0.5,0.52,,,,
2026-01-06 08:58:04.702000+00:00,2026-01-06 08:58:04.917471+00:00,784.702,0.5,0.49,0.51,0.5,0.49,0.51,,,,
2026-01-06 08:58:05.729000+00:00,2026-01-06 08:58:05.927584+00:00,785.729,0.495,0.47,0.52,0.495,0.48,0.51,,,,
2026-01-06 08:58:06.737000+00:00,2026-01-06 08:58:06.946109+00:00,786.737,0.4649999999999999,0.46,0.47,0.535,0.53,0.54,,,,
2026-01-06 08:58:07.769000+00:00,2026-01-06 08:58:07.958672+00:00,787.769,0.4649999999999999,0.46,0.47,0.545,0.54,0.55,,,,
2026-01-06 08:58:08.683000+00:00,2026-01-06 08:58:08.959625+00:00,788.683,0.4649999999999999,0.46,0.47,0.535,0.53,0.54,,,,
2026-01-06 08:58:09.764000+00:00,2026-01-06 08:58:09.966565+00:00,789.764,0.4649999999999999,0.46,0.47,0.535,0.53,0.54,,,,
2026-01-06 08:58:10.756000+00:00,2026-01-06 08:58:10.966417+00:00,790.756,0.4649999999999999,0.46,0.47,0.535,0.53,0.54,,,,
2026-01-06 08:58:11.758000+00:00,2026-01-06 08:58:11.967903+00:00,791.758,0.475,0.47,0.48,0.525,0.52,0.53,,,,
2026-01-06 08:58:12.748000+00:00,2026-01-06 08:58:12.963614+00:00,792.748,0.515,0.51,0.52,0.485,0.48,0.49,,,,
2026-01-06 08:58:13.718000+00:00,2026-01-06 08:58:13.963957+00:00,793.718,0.525,0.52,0.53,0.49,0.47,0.51,,,,
2026-01-06 08:58:14.766000+00:00,2026-01-06 08:58:14.967131+00:00,794.766,0.475,0.47,0.48,0.515,0.51,0.52,,,,
2026-01-06 08:58:15.781000+00:00,2026-01-06 08:58:15.981513+00:00,795.781,0.485,0.48,0.49,0.515,0.51,0.52,,,,
2026-01-06 08:58:16.625000+00:00,2026-01-06 08:58:16.980043+00:00,796.625,0.495,0.49,0.5,0.505,0.5,0.51,,,,
2026-01-06 08:58:17.756000+00:00,2026-01-06 08:58:17.988534+00:00,797.756,0.5,0.49,0.51,0.5,0.49,0.51,,,,
2026-01-06 08:58:18.789000+00:00,2026-01-06 08:58:18.993017+00:00,798.789,0.505,0.5,0.51,0.495,0.49,0.5,,,,
2026-01-06 08:58:19.779000+00:00,2026-01-06 08:58:20.015022+00:00,799.779,0.505,0.5,0.51,0.495,0.49,0.5,,,,
2026-01-06 08:58:20.832000+00:00,2026-01-06 08:58:21.031869+00:00,800.832,0.515,0.51,0.52,0.485,0.48,0.49,,,,
2026-01-06 08:58:21.844000+00:00,2026-01-06 08:58:22.047009+00:00,801.844,0.565,0.56,0.57,0.435,0.43,0.44,,,,
2026-01-06 08:58:22.822000+00:00,2026-01-06 08:58:23.036434+00:00,802.822,0.565,0.56,0.57,0.44,0.43,0.45,,,,
2026-01-06 08:58:23.840000+00:00,2026-01-06 08:58:24.046444+00:00,803.84,0.565,0.55,0.58,0.435,0.42,0.45,,,,
2026-01-06 08:58:24.847000+00:00,2026-01-06 08:58:25.047003+00:00,804.847,0.565,0.55,0.58,0.44,0.42,0.46,,,,
2026-01-06 08:58:25.865000+00:00,2026-01-06 08:58:26.068980+00:00,805.865,0.515,0.51,0.52,0.495,0.48,0.51,,,,
2026-01-06 08:58:26.853000+00:00,2026-01-06 08:58:27.081681+00:00,806.853,0.505,0.49,0.52,0.49,0.48,0.5,,,,
2026-01-06 08:58:27.889000+00:00,2026-01-06 08:58:28.088785+00:00,807.889,0.455,0.45,0.46,0.545,0.54,0.55,,,,
2026-01-06 08:58:28.881000+00:00,2026-01-06 08:58:29.095999+00:00,808.881,0.48,0.45,0.51,0.52,0.49,0.55,,,,
2026-01-06 08:58:29.980000+00:00,2026-01-06 08:58:30.098852+00:00,809.98,0.49,0.48,0.5,0.51,0.5,0.52,,,,
2026-01-06 08:58:30.918000+00:00,2026-01-06 08:58:31.114247+00:00,810.918,0.5,0.49,0.51,0.49,0.48,0.5,,,,
2026-01-06 08:58:31.915000+00:00,2026-01-06 08:58:32.114355+00:00,811.915,0.575,0.56,0.59,0.435,0.43,0.44,,,,
2026-01-06 08:58:32.843000+00:00,2026-01-06 08:58:33.131907+00:00,812.843,0.56,0.55,0.57,0.44,0.43,0.45,,,,
2026-01-06 08:58:33.892000+00:00,2026-01-06 08:58:34.138476+00:00,813.892,0.555,0.55,0.56,0.445,0.44,0.45,,,,
2026-01-06 08:58:34.869000+00:00,2026-01-06 08:58:35.150560+00:00,814.869,0.545,0.54,0.55,0.455,0.45,0.46,,,,
2026-01-06 08:58:35.980000+00:00,2026-01-06 08:58:36.149056+00:00,815.98,0.55,0.54,0.56,0.45,0.44,0.46,,,,
2026-01-06 08:58:36.947000+00:00,2026-01-06 08:58:37.150634+00:00,816.947,0.535,0.53,0.54,0.485,0.48,0.49,,,,
2026-01-06 08:58:37.959000+00:00,2026-01-06 08:58:38.164453+00:00,817.959,0.505,0.5,0.51,0.495,0.49,0.5,,,,
2026-01-06 08:58:38.947000+00:00,2026-01-06 08:58:39.165965+00:00,818.947,0.505,0.5,0.51,0.495,0.49,0.5,,,,
2026-01-06 08:58:39.971000+00:00,2026-01-06 08:58:40.184137+00:00,819.971,0.505,0.5,0.51,0.48,0.47,0.49,,,,
2026-01-06 08:58:40.978000+00:00,2026-01-06 08:58:41.194674+00:00,820.978,0.515,0.51,0.52,0.49,0.48,0.5,,,,
2026-01-06 08:58:41.971000+00:00,2026-01-06 08:58:42.213724+00:00,821.971,0.525,0.52,0.53,0.475,0.47,0.48,,,,
2026-01-06 08:58:43.950000+00:00,2026-01-06 08:58:44.214910+00:00,823.95,0.535,0.52,0.55,0.4649999999999999,0.45,0.48,,,,
2026-01-06 08:58:45.034000+00:00,2026-01-06 08:58:45.231952+00:00,825.034,0.495,0.49,0.5,0.505,0.5,0.51,,,,
2026-01-06 08:58:46.028000+00:00,2026-01-06 08:58:46.231826+00:00,826.028,0.4649999999999999,0.45,0.48,0.535,0.52,0.55,,,,
2026-01-06 08:58:47.035000+00:00,2026-01-06 08:58:47.247746+00:00,827.035,0.485,0.48,0.49,0.515,0.51,0.52,,,,
2026-01-06 08:58:48.047000+00:00,2026-01-06 08:58:48.249104+00:00,828.047,0.4649999999999999,0.45,0.48,0.535,0.52,0.55,,,,
2026-01-06 08:58:49.977000+00:00,2026-01-06 08:58:50.278789+00:00,829.977,0.4599999999999999,0.44,0.48,0.54,0.52,0.56,,,,
2026-01-06 08:58:51.085000+00:00,2026-01-06 08:58:51.286174+00:00,831.085,0.47,0.46,0.48,0.53,0.52,0.54,,,,
2026-01-06 08:58:52.873000+00:00,2026-01-06 08:58:53.304243+00:00,832.873,0.4599999999999999,0.45,0.47,0.54,0.53,0.55,,,,
2026-01-06 08:58:54.102000+00:00,2026-01-06 08:58:54.316037+00:00,834.102,0.445,0.44,0.45,0.565,0.55,0.58,,,,
2026-01-06 08:58:55.108000+00:00,2026-01-06 08:58:55.317813+00:00,835.108,0.345,0.31,0.38,0.655,0.62,0.69,,,,
2026-01-06 08:58:56.137000+00:00,2026-01-06 08:58:56.331631+00:00,836.137,0.35,0.34,0.36,0.65,0.64,0.66,,,,
2026-01-06 08:58:57.145000+00:00,2026-01-06 08:58:57.342678+00:00,837.145,0.3299999999999999,0.3,0.36,0.665,0.64,0.69,,,,
2026-01-06 08:58:58.143000+00:00,2026-01-06 08:58:58.348928+00:00,838.143,0.325,0.32,0.33,0.6799999999999999,0.67,0.69,,,,
2026-01-06 08:58:59.135000+00:00,2026-01-06 08:58:59.352323+00:00,839.135,0.32,0.31,0.33,0.675,0.67,0.68,,,,
2026-01-06 08:59:00.387000+00:00,2026-01-06 08:59:00.590575+00:00,840.387,0.51,0.47,0.55,0.475,0.46,0.49,,,,
2026-01-06 08:59:01.152000+00:00,2026-01-06 08:59:01.357684+00:00,841.152,0.5549999999999999,0.51,0.6,0.4499999999999999,0.41,0.49,,,,
2026-01-06 08:59:02.140000+00:00,2026-01-06 08:59:02.359483+00:00,842.14,0.5449999999999999,0.51,0.58,0.48,0.47,0.49,,,,
2026-01-06 08:59:03.151000+00:00,2026-01-06 08:59:03.359437+00:00,843.151,0.5549999999999999,0.51,0.6,0.4449999999999999,0.41,0.48,,,,
2026-01-06 08:59:04.146000+00:00,2026-01-06 08:59:04.368707+00:00,844.146,0.55,0.5,0.6,0.475,0.47,0.48,,,,
2026-01-06 08:59:05.164000+00:00,2026-01-06 08:59:05.404976+00:00,845.164,0.525,0.52,0.53,0.4599999999999999,0.44,0.48,,,,
2026-01-06 08:59:06.194000+00:00,2026-01-06 08:59:06.396343+00:00,846.194,0.535,0.53,0.54,0.4649999999999999,0.46,0.47,,,,
2026-01-06 08:59:07.176000+00:00,2026-01-06 08:59:07.406113+00:00,847.176,0.54,0.53,0.55,0.4599999999999999,0.45,0.47,,,,
2026-01-06 08:59:08.201000+00:00,2026-01-06 08:59:08.409651+00:00,848.201,0.54,0.53,0.55,0.4599999999999999,0.45,0.47,,,,
2026-01-06 08:59:09.083000+00:00,2026-01-06 08:59:09.426183+00:00,849.083,0.545,0.53,0.56,0.4549999999999999,0.44,0.47,,,,
2026-01-06 08:59:10.195000+00:00,2026-01-06 08:59:10.442867+00:00,850.195,0.545,0.53,0.56,0.4549999999999999,0.44,0.47,,,,
2026-01-06 08:59:11.234000+00:00,2026-01-06 08:59:11.458916+00:00,851.234,0.53,0.51,0.55,0.47,0.45,0.49,,,,
2026-01-06 08:59:12.268000+00:00,2026-01-06 08:59:12.476160+00:00,852.268,0.53,0.51,0.55,0.47,0.45,0.49,,,,
2026-01-06 08:59:13.284000+00:00,2026-01-06 08:59:13.494336+00:00,853.284,0.54,0.53,0.55,0.4499999999999999,0.43,0.47,,,,
2026-01-06 08:59:14.290000+00:00,2026-01-06 08:59:14.509270+00:00,854.29,0.56,0.54,0.58,0.44,0.42,0.46,,,,
2026-01-06 08:59:15.360000+00:00,2026-01-06 08:59:15.524177+00:00,855.36,0.575,0.57,0.58,0.425,0.42,0.43,,,,
2026-01-06 08:59:16.330000+00:00,2026-01-06 08:59:16.540717+00:00,856.33,0.555,0.55,0.56,0.445,0.44,0.45,,,,
2026-01-06 08:59:17.272000+00:00,2026-01-06 08:59:17.545100+00:00,857.272,0.55,0.54,0.56,0.45,0.44,0.46,,,,
2026-01-06 08:59:18.349000+00:00,2026-01-06 08:59:18.552151+00:00,858.349,0.56,0.54,0.58,0.44,0.42,0.46,,,,
2026-01-06 08:59:19.355000+00:00,2026-01-06 08:59:19.557510+00:00,859.355,0.54,0.51,0.57,0.4649999999999999,0.44,0.49,,,,
2026-01-06 08:59:20.313000+00:00,2026-01-06 08:59:20.572667+00:00,860.313,0.53,0.51,0.55,0.47,0.45,0.49,,,,
2026-01-06 08:59:21.338000+00:00,2026-01-06 08:59:21.575559+00:00,861.338,0.54,0.52,0.56,0.4599999999999999,0.44,0.48,,,,
2026-01-06 08:59:22.372000+00:00,2026-01-06 08:59:22.573778+00:00,862.372,0.54,0.52,0.56,0.4649999999999999,0.45,0.48,,,,
2026-01-06 08:59:23.372000+00:00,2026-01-06 08:59:23.578808+00:00,863.372,0.405,0.37,0.44,0.635,0.63,0.64,,,,
2026-01-06 08:59:24.352000+00:00,2026-01-06 08:59:24.592289+00:00,864.352,0.435,0.43,0.44,0.565,0.56,0.57,,,,
2026-01-06 08:59:25.322000+00:00,2026-01-06 08:59:25.605286+00:00,865.322,0.345,0.34,0.35,0.655,0.65,0.66,,,,
2026-01-06 08:59:26.375000+00:00,2026-01-06 08:59:26.607017+00:00,866.375,0.3399999999999999,0.31,0.37,0.6599999999999999,0.63,0.69,,,,
2026-01-06 08:59:27.394000+00:00,2026-01-06 08:59:27.625354+00:00,867.394,0.365,0.36,0.37,0.635,0.63,0.64,,,,
2026-01-06 08:59:28.430000+00:00,2026-01-06 08:59:28.641815+00:00,868.43,0.38,0.37,0.39,0.645,0.61,0.68,,,,
2026-01-06 08:59:29.436000+00:00,2026-01-06 08:59:29.649249+00:00,869.436,0.35,0.31,0.39,0.6499999999999999,0.61,0.69,,,,
2026-01-06 08:59:30.453000+00:00,2026-01-06 08:59:30.656660+00:00,870.453,0.365,0.33,0.4,0.65,0.62,0.68,,,,
2026-01-06 08:59:31.427000+00:00,2026-01-06 08:59:31.675174+00:00,871.427,0.405,0.4,0.41,0.59,0.58,0.6,,,,
2026-01-06 08:59:32.495000+00:00,2026-01-06 08:59:32.697464+00:00,872.495,0.4,0.38,0.42,0.6,0.58,0.62,,,,
2026-01-06 08:59:33.498000+00:00,2026-01-06 08:59:33.711901+00:00,873.498,0.4,0.38,0.42,0.605,0.59,0.62,,,,
2026-01-06 08:59:34.377000+00:00,2026-01-06 08:59:34.706813+00:00,874.377,0.4,0.38,0.42,0.6,0.58,0.62,,,,
2026-01-06 08:59:35.428000+00:00,2026-01-06 08:59:35.723081+00:00,875.428,0.395,0.38,0.41,0.605,0.59,0.62,,,,
2026-01-06 08:59:36.516000+00:00,2026-01-06 08:59:36.732307+00:00,876.516,0.4,0.38,0.42,0.6,0.58,0.62,,,,
2026-01-06 08:59:37.292000+00:00,2026-01-06 08:59:37.726344+00:00,877.292,0.4,0.38,0.42,0.6,0.58,0.62,,,,
2026-01-06 08:59:38.514000+00:00,2026-01-06 08:59:38.727277+00:00,878.514,0.4,0.38,0.42,0.6,0.58,0.62,,,,
2026-01-06 08:59:39.518000+00:00,2026-01-06 08:59:39.754785+00:00,879.518,0.4,0.38,0.42,0.6,0.58,0.62,,,,
2026-01-06 08:59:40.347000+00:00,2026-01-06 08:59:40.769244+00:00,880.347,0.4,0.38,0.42,0.6,0.58,0.62,,,,
2026-01-06 08:59:41.564000+00:00,2026-01-06 08:59:41.774891+00:00,881.564,0.4,0.38,0.42,0.6,0.58,0.62,,,,
2026-01-06 08:59:42.551000+00:00,2026-01-06 08:59:42.776223+00:00,882.551,0.415,0.39,0.44,0.585,0.56,0.61,,,,
2026-01-06 08:59:43.551000+00:00,2026-01-06 08:59:43.785852+00:00,883.551,0.415,0.38,0.45,0.5800000000000001,0.55,0.61,,,,
2026-01-06 08:59:44.559000+00:00,2026-01-06 08:59:44.791114+00:00,884.559,0.43,0.41,0.45,0.575,0.55,0.6,,,,
2026-01-06 08:59:45.560000+00:00,2026-01-06 08:59:45.800310+00:00,885.56,0.43,0.38,0.48,0.6,0.58,0.62,,,,
2026-01-06 08:59:46.612000+00:00,2026-01-06 08:59:46.811696+00:00,886.612,0.44,0.37,0.51,0.56,0.5,0.62,,,,
2026-01-06 08:59:47.569000+00:00,2026-01-06 08:59:47.811700+00:00,887.569,0.41,0.37,0.45,0.565,0.49,0.64,,,,
2026-01-06 08:59:48.552000+00:00,2026-01-06 08:59:48.822856+00:00,888.552,0.39,0.36,0.42,0.61,0.58,0.64,,,,
2026-01-06 08:59:49.624000+00:00,2026-01-06 08:59:49.823450+00:00,889.624,0.44,0.37,0.51,0.585,0.54,0.63,,,,
2026-01-06 08:59:50.634000+00:00,2026-01-06 08:59:50.826753+00:00,890.634,0.455,0.4,0.51,0.5449999999999999,0.49,0.6,,,,
2026-01-06 08:59:51.639000+00:00,2026-01-06 08:59:51.842601+00:00,891.639,0.44,0.4,0.48,0.5900000000000001,0.55,0.63,,,,
2026-01-06 08:59:52.650000+00:00,2026-01-06 08:59:52.857041+00:00,892.65,0.41,0.39,0.43,0.59,0.57,0.61,,,,
2026-01-06 08:59:53.645000+00:00,2026-01-06 08:59:53.857752+00:00,893.645,0.435,0.39,0.48,0.565,0.52,0.61,,,,
2026-01-06 08:59:54.658000+00:00,2026-01-06 08:59:54.866168+00:00,894.658,0.4499999999999999,0.42,0.48,0.55,0.52,0.58,,,,
2026-01-06 08:59:55.612000+00:00,2026-01-06 08:59:55.874054+00:00,895.612,0.5349999999999999,0.5,0.57,0.4649999999999999,0.43,0.5,,,,
2026-01-06 08:59:56.563000+00:00,2026-01-06 08:59:56.897280+00:00,896.563,0.485,0.3,0.67,0.57,0.44,0.7,,,,
2026-01-06 08:59:57.633000+00:00,2026-01-06 08:59:57.924270+00:00,897.633,0.4,0.3,0.5,0.6,0.5,0.7,,,,
2026-01-06 08:59:58.735000+00:00,2026-01-06 08:59:58.944803+00:00,898.735,0.73,0.66,0.8,0.27,0.2,0.34,,,,
2026-01-06 08:59:59.739000+00:00,2026-01-06 08:59:59.959356+00:00,899.739,0.475,0.41,0.54,0.58,0.46,0.7,,,,
