timestamp,collected_at,seconds,up_mid,up_best_bid,up_best_ask,down_mid,down_best_bid,down_best_ask,up_best_bid_size,up_best_ask_size,down_best_bid_size,down_best_ask_size,up_bid_2,up_bid_2_size,up_ask_2,up_ask_2_size,up_bid_3,up_bid_3_size,up_ask_3,up_ask_3_size,up_bid_4,up_bid_4_size,up_ask_4,up_ask_4_size,up_bid_5,up_bid_5_size,up_ask_5,up_ask_5_size,up_bid_6,up_bid_6_size,up_ask_6,up_ask_6_size,down_bid_2,down_bid_2_size,down_ask_2,down_ask_2_size,down_bid_3,down_bid_3_size,down_ask_3,down_ask_3_size,down_bid_4,down_bid_4_size,down_ask_4,down_ask_4_size,down_bid_5,down_bid_5_size,down_ask_5,down_ask_5_size,down_bid_6,down_bid_6_size,down_ask_6,down_ask_6_size
2026-01-07 10:00:00.447000+00:00,2026-01-07 09:59:58.285752+00:00,0.447,0.01,,0.01,0.99,0.99,,,19185.7,19185.7,,,,0.02,638.99,,,0.03,85.0,,,0.04,45.0,,,0.05,652.74,,,0.06,125.0,0.98,638.99,,,0.97,85.0,,,0.96,45.0,,,0.95,652.74,,,0.94,125.0,,
2026-01-07 10:00:01.771000+00:00,2026-01-07 09:59:59.310556+00:00,1.771,0.01,,0.01,0.99,0.99,,,172721.33,172721.33,,,,0.02,638.99,,,0.03,85.0,,,0.04,45.0,,,0.05,452.2,,,0.06,125.0,0.98,638.99,,,0.97,85.0,,,0.96,45.0,,,0.95,452.2,,,0.94,125.0,,
2026-01-07 10:00:02.686000+00:00,2026-01-07 10:00:00.315901+00:00,2.686,0.555,0.55,0.56,0.445,0.44,0.45,478.37,499.84,471.18,113.37,0.54,235.89,0.57,309.0,0.53,3751.82,0.58,132.0,0.52,3513.28,0.59,337.21,0.51,2808.91,0.6,20.0,0.5,2074.52,0.61,100.0,0.43,304.0,0.46,235.89,0.42,132.0,0.47,3751.82,0.41,337.21,0.48,3513.28,0.4,20.0,0.49,2808.91,0.39,100.0,0.5,2074.52
2026-01-07 10:00:03.813000+00:00,2026-01-07 10:00:01.337900+00:00,3.813,0.545,0.54,0.55,0.455,0.45,0.46,125.26,299.03,304.03,110.26,0.53,3751.82,0.56,299.18,0.52,3513.28,0.57,304.0,0.51,2808.91,0.58,254.0,0.5,2074.52,0.59,337.21,0.49,244.32,0.6,20.0,0.44,299.18,0.47,3751.82,0.43,304.0,0.48,3513.28,0.42,315.0,0.49,2808.91,0.41,459.21,0.5,2074.52,0.4,141.0,0.51,244.32
2026-01-07 10:00:04.802000+00:00,2026-01-07 10:00:02.338904+00:00,4.802,0.535,0.53,0.54,0.46499999999999997,0.46,0.47,3429.2,15.0,15.0,3429.2,0.52,3513.28,0.55,329.03,0.51,2808.91,0.56,299.18,0.5,2074.52,0.57,319.0,0.49,442.32,0.58,315.0,0.48,183.0,0.59,520.21,0.45,329.03,0.48,3513.28,0.44,299.18,0.49,2808.91,0.43,319.0,0.5,2074.52,0.42,315.0,0.51,442.32,0.41,520.21,0.52,183.0
2026-01-07 10:00:05.825000+00:00,2026-01-07 10:00:03.356859+00:00,5.825,0.535,0.53,0.54,0.46499999999999997,0.46,0.47,3025.58,149.74,149.74,2964.21,0.52,3513.28,0.55,173.03,0.51,2823.91,0.56,299.18,0.5,2074.52,0.57,319.0,0.49,478.32,0.58,315.0,0.48,198.0,0.59,520.21,0.45,173.03,0.48,3513.28,0.44,299.18,0.49,2823.91,0.43,319.0,0.5,2074.52,0.42,315.0,0.51,493.32,0.41,520.21,0.52,198.0
2026-01-07 10:00:06.835000+00:00,2026-01-07 10:00:04.362921+00:00,6.835,0.535,0.53,0.54,0.46499999999999997,0.46,0.47,2858.33,139.74,139.74,2863.33,0.52,3513.28,0.55,173.03,0.51,2808.91,0.56,299.18,0.5,2089.52,0.57,319.0,0.49,325.32,0.58,315.0,0.48,198.0,0.59,520.21,0.45,173.03,0.48,3513.28,0.44,299.18,0.49,2823.91,0.43,319.0,0.5,2094.52,0.42,315.0,0.51,305.32,0.41,520.21,0.52,198.0
2026-01-07 10:00:07.836000+00:00,2026-01-07 10:00:05.368175+00:00,7.836,0.535,0.53,0.54,0.46499999999999997,0.46,0.47,2858.33,174.74,189.74,2863.33,0.52,3513.28,0.55,183.03,0.51,2843.91,0.56,334.18,0.5,2104.52,0.57,354.0,0.49,290.32,0.58,350.0,0.48,198.0,0.59,520.21,0.45,183.03,0.48,3513.28,0.44,334.18,0.49,2823.91,0.43,354.0,0.5,2109.52,0.42,350.0,0.51,305.32,0.41,520.21,0.52,198.0
2026-01-07 10:00:08.840000+00:00,2026-01-07 10:00:06.372482+00:00,8.84,0.535,0.53,0.54,0.46499999999999997,0.46,0.47,2514.33,241.03,241.03,2514.33,0.52,3513.28,0.55,338.03,0.51,2808.91,0.56,404.18,0.5,2074.52,0.57,424.0,0.49,310.32,0.58,420.0,0.48,30.0,0.59,590.21,0.45,258.03,0.48,3513.28,0.44,404.18,0.49,2808.91,0.43,424.0,0.5,2089.52,0.42,420.0,0.51,310.32,0.41,590.21,0.52,30.0
2026-01-07 10:00:09.890000+00:00,2026-01-07 10:00:07.378392+00:00,9.89,0.535,0.53,0.54,0.46499999999999997,0.46,0.47,1757.27,265.03,270.03,1707.27,0.52,3513.28,0.55,188.03,0.51,2938.91,0.56,334.18,0.5,2174.52,0.57,354.0,0.49,360.32,0.58,420.0,0.48,85.0,0.59,590.21,0.45,223.03,0.48,3573.28,0.44,364.18,0.49,2823.91,0.43,354.0,0.5,2159.52,0.42,420.0,0.51,375.32,0.41,590.21,0.52,85.0
2026-01-07 10:00:10.832000+00:00,2026-01-07 10:00:08.387938+00:00,10.832,0.535,0.53,0.54,0.46499999999999997,0.46,0.47,1662.27,156.4,161.4,1662.27,0.52,3588.28,0.55,248.03,0.51,2928.91,0.56,334.18,0.5,2174.52,0.57,424.0,0.49,360.32,0.58,420.0,0.48,85.0,0.59,590.21,0.45,248.03,0.48,3598.28,0.44,354.18,0.49,2913.91,0.43,424.0,0.5,2159.52,0.42,420.0,0.51,375.32,0.41,590.21,0.52,85.0
2026-01-07 10:00:11.861000+00:00,2026-01-07 10:00:09.393587+00:00,11.861,0.535,0.53,0.54,0.46499999999999997,0.46,0.47,1580.27,450.4,450.4,1560.27,0.52,3558.28,0.55,218.03,0.51,2858.91,0.56,424.18,0.5,2174.52,0.57,424.0,0.49,360.32,0.58,420.0,0.48,85.0,0.59,590.21,0.45,238.03,0.48,3578.28,0.44,434.18,0.49,2858.91,0.43,424.0,0.5,2169.52,0.42,420.0,0.51,360.32,0.41,590.21,0.52,85.0
2026-01-07 10:00:12.853000+00:00,2026-01-07 10:00:10.397371+00:00,12.853,0.535,0.53,0.54,0.46499999999999997,0.46,0.47,1364.37,569.4,515.4,1362.02,0.52,3588.28,0.55,308.03,0.51,2833.91,0.56,434.18,0.5,2154.52,0.57,424.0,0.49,375.32,0.58,420.0,0.48,85.0,0.59,590.21,0.45,328.03,0.48,3568.28,0.44,404.18,0.49,2888.91,0.43,424.0,0.5,2169.52,0.42,420.0,0.51,360.32,0.41,590.21,0.52,85.0
2026-01-07 10:00:13.863000+00:00,2026-01-07 10:00:11.418858+00:00,13.863,0.535,0.53,0.54,0.46499999999999997,0.46,0.47,1470.05,435.4,435.4,1470.05,0.52,3678.28,0.55,188.03,0.51,2908.91,0.56,409.18,0.5,2154.52,0.57,469.0,0.49,360.32,0.58,460.0,0.48,268.0,0.59,590.21,0.45,188.03,0.48,3598.28,0.44,409.18,0.49,2908.91,0.43,469.0,0.5,2154.52,0.42,460.0,0.51,360.32,0.41,590.21,0.52,268.0
2026-01-07 10:00:14.897000+00:00,2026-01-07 10:00:12.422929+00:00,14.897,0.535,0.53,0.54,0.46499999999999997,0.46,0.47,1377.94,285.46,325.46,1372.94,0.52,3663.28,0.55,218.03,0.51,2893.91,0.56,424.18,0.5,2169.52,0.57,424.0,0.49,360.32,0.58,420.0,0.48,268.0,0.59,590.21,0.45,208.03,0.48,3593.28,0.44,404.18,0.49,2957.8,0.43,424.0,0.5,2079.52,0.42,420.0,0.51,360.32,0.41,590.21,0.52,268.0
2026-01-07 10:00:15.841000+00:00,2026-01-07 10:00:13.430300+00:00,15.841,0.545,0.54,0.55,0.455,0.45,0.46,1106.46,479.03,479.03,1101.46,0.53,1300.73,0.56,459.18,0.52,3518.28,0.57,424.0,0.51,2852.8,0.58,420.0,0.5,2188.29,0.59,625.21,0.49,363.32,0.6,223.5,0.44,379.18,0.47,1300.73,0.43,424.0,0.48,3518.28,0.42,420.0,0.49,2852.8,0.41,625.21,0.5,2188.29,0.4,223.5,0.51,363.32
2026-01-07 10:00:16.884000+00:00,2026-01-07 10:00:14.437751+00:00,16.884,0.545,0.54,0.55,0.455,0.45,0.46,1082.24,231.0,201.0,1002.24,0.53,1320.73,0.56,309.18,0.52,3633.28,0.57,532.0,0.51,2947.8,0.58,440.0,0.5,2148.29,0.59,625.21,0.49,531.32,0.6,406.5,0.44,309.18,0.47,1320.73,0.43,522.0,0.48,3633.28,0.42,440.0,0.49,2867.8,0.41,625.21,0.5,2148.29,0.4,406.5,0.51,531.32
2026-01-07 10:00:17.910000+00:00,2026-01-07 10:00:15.445303+00:00,17.91,0.545,0.54,0.55,0.455,0.45,0.46,961.73,216.0,201.0,971.73,0.53,1400.73,0.56,314.18,0.52,3633.28,0.57,467.0,0.51,2867.8,0.58,440.0,0.5,2148.29,0.59,509.0,0.49,531.32,0.6,406.5,0.44,314.18,0.47,1410.73,0.43,487.0,0.48,3633.28,0.42,430.0,0.49,2867.8,0.41,509.0,0.5,2148.29,0.4,406.5,0.51,531.32
2026-01-07 10:00:18.915000+00:00,2026-01-07 10:00:16.452108+00:00,18.915,0.545,0.54,0.55,0.455,0.45,0.46,1045.73,201.0,201.0,1045.73,0.53,1405.73,0.56,215.22,0.52,3618.28,0.57,419.0,0.51,2867.8,0.58,500.0,0.5,2148.29,0.59,509.0,0.49,531.32,0.6,406.5,0.44,215.22,0.47,1405.73,0.43,419.0,0.48,3618.28,0.42,490.0,0.49,2867.8,0.41,509.0,0.5,2148.29,0.4,406.5,0.51,531.32
2026-01-07 10:00:19.928000+00:00,2026-01-07 10:00:17.457332+00:00,19.928,0.545,0.54,0.55,0.455,0.45,0.46,885.93,216.0,221.0,860.93,0.53,1390.73,0.56,215.22,0.52,3633.28,0.57,489.0,0.51,2867.8,0.58,490.0,0.5,2148.29,0.59,509.0,0.49,531.32,0.6,406.5,0.44,332.22,0.47,1440.73,0.43,444.0,0.48,3633.28,0.42,420.0,0.49,2867.8,0.41,509.0,0.5,2148.29,0.4,406.5,0.51,531.32
2026-01-07 10:00:20.934000+00:00,2026-01-07 10:00:18.459929+00:00,20.934,0.545,0.54,0.55,0.455,0.45,0.46,745.2,307.0,478.0,690.88,0.53,1300.73,0.56,481.22,0.52,3518.28,0.57,424.0,0.51,2872.8,0.58,420.0,0.5,2168.29,0.59,509.0,0.49,363.32,0.6,406.5,0.44,421.22,0.47,1300.73,0.43,424.0,0.48,3543.28,0.42,420.0,0.49,2877.8,0.41,509.0,0.5,2148.29,0.4,406.5,0.51,363.32
2026-01-07 10:00:21.920000+00:00,2026-01-07 10:00:19.468554+00:00,21.92,0.545,0.54,0.55,0.455,0.45,0.46,634.26,518.0,518.0,634.26,0.53,1300.73,0.56,421.22,0.52,3543.28,0.57,424.0,0.51,2877.8,0.58,420.0,0.5,2148.29,0.59,509.0,0.49,363.32,0.6,406.5,0.44,421.22,0.47,1300.73,0.43,424.0,0.48,3543.28,0.42,420.0,0.49,2877.8,0.41,509.0,0.5,2148.29,0.4,406.5,0.51,363.32
2026-01-07 10:00:22.940000+00:00,2026-01-07 10:00:20.472667+00:00,22.94,0.545,0.54,0.55,0.455,0.45,0.46,436.26,362.0,418.0,244.26,0.53,1360.73,0.56,431.22,0.52,3513.28,0.57,444.0,0.51,2817.8,0.58,420.0,0.5,2078.29,0.59,474.0,0.49,363.32,0.6,406.5,0.44,446.22,0.47,1380.73,0.43,444.0,0.48,3513.28,0.42,420.0,0.49,2817.8,0.41,474.0,0.5,2078.29,0.4,406.5,0.51,363.32
2026-01-07 10:00:23.958000+00:00,2026-01-07 10:00:21.492595+00:00,23.958,0.535,0.53,0.54,0.46499999999999997,0.46,0.47,1440.73,23.74,217.74,1440.73,0.52,3583.28,0.55,263.0,0.51,2887.8,0.56,436.22,0.5,2148.29,0.57,464.0,0.49,363.32,0.58,385.0,0.48,268.0,0.59,474.0,0.45,202.0,0.48,3583.28,0.44,471.22,0.49,2887.8,0.43,464.0,0.5,2148.29,0.42,385.0,0.51,398.32,0.41,474.0,0.52,268.0
2026-01-07 10:00:24.910000+00:00,2026-01-07 10:00:22.513311+00:00,24.91,0.535,0.53,0.54,0.46499999999999997,0.46,0.47,1359.05,234.0,234.0,1276.7,0.52,3633.28,0.55,247.0,0.51,2887.8,0.56,466.22,0.5,2148.29,0.57,434.0,0.49,398.32,0.58,385.0,0.48,278.0,0.59,474.0,0.45,242.0,0.48,3633.28,0.44,466.22,0.49,2837.8,0.43,434.0,0.5,2183.29,0.42,385.0,0.51,363.32,0.41,474.0,0.52,268.0
2026-01-07 10:00:25.982000+00:00,2026-01-07 10:00:23.519927+00:00,25.982,0.535,0.53,0.54,0.46499999999999997,0.46,0.47,1257.48,194.0,194.0,1257.48,0.52,3653.28,0.55,252.0,0.51,2837.8,0.56,466.22,0.5,2183.29,0.57,424.0,0.49,398.32,0.58,385.0,0.48,95.0,0.59,474.0,0.45,247.0,0.48,3653.28,0.44,456.22,0.49,2887.8,0.43,424.0,0.5,2148.29,0.42,385.0,0.51,398.32,0.41,474.0,0.52,95.0
2026-01-07 10:00:26.984000+00:00,2026-01-07 10:00:24.525616+00:00,26.984,0.535,0.53,0.54,0.46499999999999997,0.46,0.47,1030.46,294.0,294.0,1030.46,0.52,3638.28,0.55,327.0,0.51,2847.8,0.56,456.22,0.5,2183.29,0.57,424.0,0.49,398.32,0.58,385.0,0.48,95.0,0.59,474.0,0.45,327.0,0.48,3638.28,0.44,456.22,0.49,2867.8,0.43,424.0,0.5,2183.29,0.42,385.0,0.51,398.32,0.41,474.0,0.52,95.0
2026-01-07 10:00:28.008000+00:00,2026-01-07 10:00:25.530020+00:00,28.008,0.525,0.52,0.53,0.475,0.47,0.48,3102.93,50.0,130.0,2616.93,0.51,2772.8,0.54,380.0,0.5,2128.29,0.55,347.0,0.49,273.32,0.56,391.22,0.48,50.0,0.57,389.0,0.47,70.0,0.58,385.0,0.46,299.0,0.49,2772.8,0.45,382.0,0.5,2128.29,0.44,391.22,0.51,318.32,0.43,389.0,0.52,60.0,0.42,385.0,0.53,105.0
2026-01-07 10:00:29.003000+00:00,2026-01-07 10:00:26.537273+00:00,29.003,0.525,0.52,0.53,0.475,0.47,0.48,1875.27,59.39,54.39,1865.27,0.51,2797.8,0.54,198.0,0.5,2148.29,0.55,146.0,0.49,283.32,0.56,270.22,0.48,338.0,0.57,389.0,0.47,318.0,0.58,385.0,0.46,198.0,0.49,2797.8,0.45,146.0,0.5,2148.29,0.44,270.22,0.51,283.32,0.43,389.0,0.52,338.0,0.42,385.0,0.53,303.0
2026-01-07 10:00:30.030000+00:00,2026-01-07 10:00:27.559422+00:00,30.03,0.525,0.52,0.53,0.475,0.47,0.48,1642.25,59.39,54.39,1608.28,0.51,2852.8,0.54,157.0,0.5,2138.29,0.55,146.0,0.49,283.32,0.56,270.22,0.48,338.0,0.57,389.0,0.47,318.0,0.58,395.0,0.46,210.0,0.49,2852.8,0.45,146.0,0.5,2138.29,0.44,270.22,0.51,283.32,0.43,389.0,0.52,338.0,0.42,395.0,0.53,318.0
2026-01-07 10:00:31.034000+00:00,2026-01-07 10:00:28.565651+00:00,31.034,0.525,0.52,0.53,0.475,0.47,0.48,1591.0,119.39,119.39,1581.25,0.51,2837.8,0.54,180.0,0.5,2193.29,0.55,146.0,0.49,378.32,0.56,270.22,0.48,278.0,0.57,399.0,0.47,323.0,0.58,385.0,0.46,180.0,0.49,2837.8,0.45,146.0,0.5,2193.29,0.44,270.22,0.51,378.32,0.43,399.0,0.52,278.0,0.42,385.0,0.53,323.0
2026-01-07 10:00:32.025000+00:00,2026-01-07 10:00:29.572327+00:00,32.025,0.525,0.52,0.53,0.475,0.47,0.48,1406.87,109.39,109.39,1377.12,0.51,2947.8,0.54,215.0,0.5,2143.29,0.55,166.0,0.49,368.32,0.56,270.22,0.48,313.0,0.57,389.0,0.47,318.0,0.58,395.0,0.46,215.0,0.49,2947.8,0.45,166.0,0.5,2143.29,0.44,270.22,0.51,368.32,0.43,389.0,0.52,313.0,0.42,395.0,0.53,318.0
2026-01-07 10:00:33.053000+00:00,2026-01-07 10:00:30.590697+00:00,33.053,0.525,0.52,0.53,0.475,0.47,0.48,1367.37,109.39,109.39,1351.53,0.51,2947.8,0.54,215.0,0.5,2143.29,0.55,166.0,0.49,368.32,0.56,270.22,0.48,313.0,0.57,389.0,0.47,318.0,0.58,395.0,0.46,215.0,0.49,2947.8,0.45,166.0,0.5,2143.29,0.44,270.22,0.51,368.32,0.43,389.0,0.52,313.0,0.42,395.0,0.53,318.0
2026-01-07 10:00:34.101000+00:00,2026-01-07 10:00:31.594837+00:00,34.101,0.525,0.52,0.53,0.475,0.47,0.48,1544.15,54.71,10.0,1485.15,0.51,3170.8,0.54,27.0,0.5,2487.29,0.55,80.0,0.49,687.32,0.56,27.22,0.48,424.0,0.57,73.0,0.47,438.0,0.58,204.0,0.46,117.0,0.49,3231.8,0.45,80.0,0.5,2487.29,0.44,27.22,0.51,687.32,0.43,73.0,0.52,424.0,0.42,21.0,0.53,438.0
2026-01-07 10:00:35.020000+00:00,2026-01-07 10:00:32.614853+00:00,35.02,0.525,0.52,0.53,0.475,0.47,0.48,1448.22,15.42,15.42,1443.22,0.51,3231.8,0.54,117.0,0.5,2487.29,0.55,80.0,0.49,687.32,0.56,27.22,0.48,514.0,0.57,78.0,0.47,438.0,0.58,56.0,0.46,157.0,0.49,3216.8,0.45,80.0,0.5,2502.29,0.44,27.22,0.51,687.32,0.43,73.0,0.52,514.0,0.42,21.0,0.53,438.0
2026-01-07 10:00:36.077000+00:00,2026-01-07 10:00:33.634446+00:00,36.077,0.535,0.53,0.54,0.47,0.46,0.48,25.0,26.85,26.85,1417.95,0.52,1420.18,0.55,75.0,0.51,3231.8,0.56,47.22,0.5,2487.29,0.57,55.0,0.49,687.32,0.58,91.0,0.48,424.0,0.59,100.0,0.45,75.0,0.49,3231.8,0.44,47.22,0.5,2487.29,0.43,55.0,0.51,687.32,0.42,91.0,0.52,424.0,0.41,100.0,0.53,485.0
2026-01-07 10:00:37.132000+00:00,2026-01-07 10:00:34.642221+00:00,37.132,0.535,0.53,0.54,0.46499999999999997,0.46,0.47,15.77,6.85,21.85,15.77,0.52,1417.6,0.55,80.0,0.51,3231.8,0.56,127.22,0.5,2487.29,0.57,145.0,0.49,687.32,0.58,141.0,0.48,424.0,0.59,170.0,0.45,80.0,0.48,1417.6,0.44,127.22,0.49,3231.8,0.43,145.0,0.5,2487.29,0.42,141.0,0.51,687.32,0.41,170.0,0.52,424.0
2026-01-07 10:00:38.074000+00:00,2026-01-07 10:00:35.646739+00:00,38.074,0.535,0.53,0.54,0.46499999999999997,0.46,0.47,7.97,15.0,15.0,7.97,0.52,1417.6,0.55,150.0,0.51,3231.8,0.56,127.22,0.5,2287.29,0.57,203.0,0.49,687.32,0.58,81.0,0.48,514.0,0.59,170.0,0.45,150.0,0.48,1417.6,0.44,127.22,0.49,3231.8,0.43,203.0,0.5,2287.29,0.42,81.0,0.51,687.32,0.41,170.0,0.52,514.0
2026-01-07 10:00:39.142000+00:00,2026-01-07 10:00:36.668133+00:00,39.142,0.535,0.53,0.54,0.46499999999999997,0.46,0.47,18.45,15.0,15.0,18.45,0.52,1427.6,0.55,165.0,0.51,3191.8,0.56,107.22,0.5,2187.29,0.57,143.0,0.49,777.32,0.58,81.0,0.48,424.0,0.59,170.0,0.45,185.0,0.48,1412.6,0.44,167.22,0.49,3201.8,0.43,143.0,0.5,2187.29,0.42,81.0,0.51,697.32,0.41,170.0,0.52,424.0
2026-01-07 10:00:40.139000+00:00,2026-01-07 10:00:37.674441+00:00,40.139,0.535,0.53,0.54,0.47,0.46,0.48,18.45,15.0,58.0,1427.6,0.52,1412.6,0.55,170.0,0.51,3211.8,0.56,167.22,0.5,2187.29,0.57,85.0,0.49,697.32,0.58,81.0,0.48,424.0,0.59,170.0,0.45,210.0,0.49,3166.8,0.44,117.22,0.5,2232.29,0.43,143.0,0.51,777.32,0.42,81.0,0.52,434.0,0.41,292.0,0.53,438.0
2026-01-07 10:00:41.194000+00:00,2026-01-07 10:00:38.679360+00:00,41.194,0.53,0.52,0.54,0.475,0.47,0.48,1397.6,35.0,5.0,1397.6,0.51,3176.8,0.55,215.0,0.5,2148.52,0.56,117.22,0.49,687.32,0.57,143.0,0.48,524.0,0.58,81.0,0.47,438.0,0.59,353.0,0.46,70.0,0.49,3186.8,0.45,190.0,0.5,2148.52,0.44,107.22,0.51,687.32,0.43,143.0,0.52,524.0,0.42,81.0,0.53,438.0
2026-01-07 10:00:42.102000+00:00,2026-01-07 10:00:39.688313+00:00,42.102,0.525,0.52,0.53,0.475,0.47,0.48,711.18,160.0,190.0,631.18,0.51,2767.8,0.54,228.0,0.5,1679.52,0.55,298.0,0.49,303.32,0.56,270.22,0.48,374.0,0.57,389.0,0.47,399.0,0.58,385.0,0.46,148.0,0.49,2767.8,0.45,303.0,0.5,1679.52,0.44,270.22,0.51,303.32,0.43,389.0,0.52,384.0,0.42,385.0,0.53,399.0
2026-01-07 10:00:43.152000+00:00,2026-01-07 10:00:40.697064+00:00,43.152,0.525,0.52,0.53,0.475,0.47,0.48,412.49,145.0,140.0,402.99,0.51,2767.8,0.54,148.0,0.5,1679.52,0.55,303.0,0.49,268.32,0.56,270.22,0.48,105.0,0.57,389.0,0.47,238.0,0.58,385.0,0.46,148.0,0.49,2767.8,0.45,303.0,0.5,1684.52,0.44,270.22,0.51,263.32,0.43,389.0,0.52,85.0,0.42,385.0,0.53,218.0
2026-01-07 10:00:44.155000+00:00,2026-01-07 10:00:41.701190+00:00,44.155,0.525,0.52,0.53,0.475,0.47,0.48,383.94,22.26,52.26,378.94,0.51,2787.8,0.54,173.0,0.5,1724.52,0.55,313.0,0.49,273.32,0.56,279.64,0.48,115.0,0.57,389.0,0.47,233.0,0.58,385.0,0.46,103.0,0.49,2787.8,0.45,313.0,0.5,1734.52,0.44,279.64,0.51,273.32,0.43,389.0,0.52,125.0,0.42,385.0,0.53,233.0
2026-01-07 10:00:45.166000+00:00,2026-01-07 10:00:42.704409+00:00,45.166,0.525,0.52,0.53,0.475,0.47,0.48,365.31,25.0,20.0,350.31,0.51,2807.8,0.54,263.0,0.5,1744.52,0.55,323.0,0.49,273.32,0.56,279.64,0.48,165.0,0.57,389.0,0.47,248.0,0.58,385.0,0.46,316.0,0.49,2807.8,0.45,323.0,0.5,1814.52,0.44,279.64,0.51,343.32,0.43,389.0,0.52,165.0,0.42,385.0,0.53,303.0
2026-01-07 10:00:46.167000+00:00,2026-01-07 10:00:43.712460+00:00,46.167,0.535,0.53,0.54,0.46499999999999997,0.46,0.47,61.0,104.0,104.0,126.0,0.52,450.31,0.55,307.3,0.51,2867.8,0.56,263.47,0.5,1784.52,0.57,389.0,0.49,353.32,0.58,385.0,0.48,155.0,0.59,474.0,0.45,307.3,0.48,450.31,0.44,263.47,0.49,2867.8,0.43,389.0,0.5,1784.52,0.42,385.0,0.51,353.32,0.41,474.0,0.52,155.0
2026-01-07 10:00:47.199000+00:00,2026-01-07 10:00:44.733565+00:00,47.199,0.535,0.53,0.54,0.46499999999999997,0.46,0.47,88.59,50.0,19.44,163.59,0.52,525.31,0.55,125.3,0.51,2987.8,0.56,50.47,0.5,1921.52,0.57,198.0,0.49,702.32,0.58,249.0,0.48,424.0,0.59,434.0,0.45,125.3,0.48,525.31,0.44,50.47,0.49,2987.8,0.43,15.0,0.5,1921.52,0.42,249.0,0.51,702.32,0.41,313.0,0.52,424.0
2026-01-07 10:00:48.187000+00:00,2026-01-07 10:00:45.742025+00:00,48.187,0.545,0.54,0.55,0.455,0.45,0.46,81.13,59.3,111.66,66.13,0.53,161.09,0.56,107.47,0.52,420.31,0.57,40.0,0.51,2882.8,0.58,239.0,0.5,2017.52,0.59,303.0,0.49,702.32,0.6,359.16,0.44,50.47,0.47,161.09,0.43,75.0,0.48,420.31,0.42,214.0,0.49,2882.8,0.41,293.0,0.5,2017.52,0.4,359.16,0.51,702.32
2026-01-07 10:00:49.173000+00:00,2026-01-07 10:00:46.745992+00:00,49.173,0.535,0.53,0.54,0.46499999999999997,0.46,0.47,152.5,16.29,16.29,152.5,0.52,430.31,0.55,121.66,0.51,2952.8,0.56,120.47,0.5,1997.52,0.57,25.0,0.49,697.32,0.58,194.0,0.48,389.0,0.59,283.0,0.45,65.66,0.48,430.31,0.44,177.47,0.49,2952.8,0.43,25.0,0.5,1997.52,0.42,194.0,0.51,697.32,0.41,353.0,0.52,389.0
2026-01-07 10:00:50.220000+00:00,2026-01-07 10:00:47.753174+00:00,50.22,0.54,0.53,0.55,0.455,0.45,0.46,278.13,60.66,55.66,70.0,0.52,460.31,0.56,172.47,0.51,2932.8,0.57,35.0,0.5,1942.52,0.58,194.0,0.49,697.32,0.59,283.0,0.48,509.0,0.6,308.16,0.44,50.47,0.47,285.0,0.43,78.0,0.48,718.31,0.42,259.0,0.49,3155.8,0.41,303.0,0.5,2063.52,0.4,308.16,0.51,652.32
2026-01-07 10:00:51.224000+00:00,2026-01-07 10:00:48.760768+00:00,51.224,0.545,0.54,0.55,0.455,0.45,0.46,45.36,30.01,30.01,95.36,0.53,255.0,0.56,90.47,0.52,819.31,0.57,90.0,0.51,3216.8,0.58,91.0,0.5,2073.52,0.59,100.0,0.49,742.32,0.6,308.16,0.44,90.47,0.47,342.0,0.43,148.0,0.48,824.31,0.42,31.0,0.49,3191.8,0.41,100.0,0.5,2073.52,0.4,308.16,0.51,742.32
2026-01-07 10:00:52.211000+00:00,2026-01-07 10:00:49.765980+00:00,52.211,0.545,0.54,0.55,0.455,0.45,0.46,338.0,16.37,16.37,424.0,0.53,604.0,0.56,50.47,0.52,774.31,0.57,65.0,0.51,3281.8,0.58,31.0,0.5,2063.52,0.59,160.0,0.49,701.32,0.6,138.16,0.44,50.47,0.47,604.0,0.43,65.0,0.48,774.31,0.42,26.0,0.49,3191.8,0.41,150.0,0.5,2063.52,0.4,138.16,0.51,701.32
2026-01-07 10:00:53.219000+00:00,2026-01-07 10:00:50.778628+00:00,53.219,0.545,0.54,0.55,0.455,0.45,0.46,393.13,16.37,16.37,393.13,0.53,524.0,0.56,50.47,0.52,864.31,0.57,65.0,0.51,3191.8,0.58,26.0,0.5,2063.52,0.59,226.0,0.49,652.32,0.6,75.16,0.44,50.47,0.47,524.0,0.43,65.0,0.48,864.31,0.42,26.0,0.49,3191.8,0.41,221.0,0.5,2063.52,0.4,75.16,0.51,652.32
2026-01-07 10:00:54.250000+00:00,2026-01-07 10:00:51.781261+00:00,54.25,0.545,0.54,0.55,0.455,0.45,0.46,205.95,186.37,221.37,205.95,0.53,404.0,0.56,132.47,0.52,729.31,0.57,110.0,0.51,3191.8,0.58,81.0,0.5,2083.52,0.59,170.0,0.49,717.32,0.6,247.16,0.44,95.47,0.47,454.0,0.43,168.0,0.48,704.31,0.42,81.0,0.49,3191.8,0.41,170.0,0.5,2143.52,0.4,247.16,0.51,707.32
2026-01-07 10:00:55.272000+00:00,2026-01-07 10:00:52.788377+00:00,55.272,0.545,0.54,0.55,0.455,0.45,0.46,220.04,2.37,2.37,235.69,0.53,499.0,0.56,100.47,0.52,879.31,0.57,108.0,0.51,3191.8,0.58,21.0,0.5,2103.52,0.59,170.0,0.49,742.32,0.6,308.16,0.44,100.47,0.47,534.0,0.43,50.0,0.48,854.31,0.42,61.0,0.49,3201.8,0.41,170.0,0.5,2103.52,0.4,308.16,0.51,742.32
2026-01-07 10:00:56.251000+00:00,2026-01-07 10:00:53.793321+00:00,56.251,0.555,0.55,0.56,0.445,0.44,0.45,488.0,50.47,50.47,478.26,0.54,331.69,0.57,15.0,0.53,614.0,0.58,66.0,0.52,774.31,0.59,145.0,0.51,3191.8,0.6,158.16,0.5,2068.52,0.61,175.0,0.43,15.0,0.46,331.69,0.42,66.0,0.47,614.0,0.41,145.0,0.48,774.31,0.4,158.16,0.49,3191.8,0.39,175.0,0.5,2068.52
2026-01-07 10:00:57.214000+00:00,2026-01-07 10:00:54.798576+00:00,57.214,0.565,0.56,0.57,0.415,0.41,0.42,473.53,115.0,135.0,116.0,0.55,375.44,0.58,11.0,0.54,396.69,0.59,135.0,0.53,524.0,0.6,85.16,0.52,816.31,0.61,240.0,0.51,3156.8,0.62,110.0,0.4,85.16,0.43,193.0,0.39,240.0,0.44,358.53,0.38,110.0,0.45,375.44,0.37,75.0,0.46,406.69,0.36,75.0,0.47,524.0
2026-01-07 10:00:58.235000+00:00,2026-01-07 10:00:55.806013+00:00,58.235,0.585,0.58,0.59,0.415,0.41,0.42,109.68,198.3,198.3,109.68,0.57,244.0,0.6,160.16,0.56,343.53,0.61,175.0,0.55,395.44,0.62,156.0,0.54,416.69,0.63,75.0,0.53,534.0,0.64,75.0,0.4,160.16,0.43,244.0,0.39,175.0,0.44,328.53,0.38,156.0,0.45,410.44,0.37,75.0,0.46,416.69,0.36,75.0,0.47,534.0
2026-01-07 10:00:59.204000+00:00,2026-01-07 10:00:56.811492+00:00,59.204,0.575,0.57,0.58,0.425,0.42,0.43,237.0,5.0,5.0,237.0,0.56,318.53,0.59,211.26,0.55,400.44,0.6,100.16,0.54,426.69,0.61,239.0,0.53,534.0,0.62,90.0,0.52,655.15,0.63,75.0,0.41,211.26,0.44,318.53,0.4,100.16,0.45,400.44,0.39,239.0,0.46,426.69,0.38,90.0,0.47,534.0,0.37,75.0,0.48,655.15
2026-01-07 10:01:00.284000+00:00,2026-01-07 10:00:57.820834+00:00,60.284,0.575,0.57,0.58,0.425,0.42,0.43,355.62,5.47,5.47,315.62,0.56,418.53,0.59,136.26,0.55,385.44,0.6,135.16,0.54,396.69,0.61,195.0,0.53,554.0,0.62,160.0,0.52,746.15,0.63,213.0,0.41,136.26,0.44,418.53,0.4,145.16,0.45,385.44,0.39,195.0,0.46,396.69,0.38,160.0,0.47,554.0,0.37,213.0,0.48,746.15
2026-01-07 10:01:01.297000+00:00,2026-01-07 10:00:58.822652+00:00,61.297,0.595,0.59,0.6,0.405,0.4,0.41,91.0,440.16,520.16,86.0,0.58,293.53,0.61,472.0,0.57,155.62,0.62,282.0,0.56,288.53,0.63,267.0,0.55,305.44,0.64,388.0,0.54,236.69,0.65,388.0,0.39,472.0,0.42,293.53,0.38,282.0,0.43,155.62,0.37,267.0,0.44,323.53,0.36,388.0,0.45,330.44,0.35,388.0,0.46,261.69
2026-01-07 10:01:02.310000+00:00,2026-01-07 10:00:59.840212+00:00,62.31,0.565,0.56,0.57,0.435,0.43,0.44,74.78,165.0,245.0,69.98,0.55,305.44,0.58,15.0,0.54,376.69,0.59,241.6,0.53,494.0,0.6,203.16,0.52,605.15,0.61,260.0,0.51,3131.8,0.62,160.0,0.42,50.0,0.45,305.44,0.41,241.6,0.46,376.69,0.4,405.16,0.47,494.0,0.39,382.0,0.48,605.15,0.38,282.0,0.49,3141.8
2026-01-07 10:01:03.317000+00:00,2026-01-07 10:01:00.848098+00:00,63.317,0.545,0.54,0.55,0.455,0.45,0.46,170.0,47.11,72.11,170.0,0.53,474.0,0.56,84.77,0.52,625.15,0.57,66.0,0.51,3156.8,0.58,155.0,0.5,2053.52,0.59,90.6,0.49,579.85,0.6,323.16,0.44,59.77,0.47,313.0,0.43,41.0,0.48,595.15,0.42,85.0,0.49,3156.8,0.41,212.6,0.5,2053.52,0.4,323.16,0.51,519.85
2026-01-07 10:01:04.297000+00:00,2026-01-07 10:01:01.854648+00:00,64.297,0.545,0.54,0.55,0.455,0.45,0.46,110.0,142.11,158.11,86.18,0.53,150.0,0.56,161.77,0.52,266.15,0.57,218.0,0.51,3151.8,0.58,348.0,0.5,2058.52,0.59,268.0,0.49,644.85,0.6,323.16,0.44,236.77,0.47,100.0,0.43,218.0,0.48,256.15,0.42,348.0,0.49,3166.8,0.41,268.0,0.5,2063.52,0.4,444.16,0.51,544.85
2026-01-07 10:01:05.282000+00:00,2026-01-07 10:01:02.860072+00:00,65.282,0.545,0.54,0.55,0.455,0.45,0.46,75.85,72.11,82.11,40.2,0.53,155.0,0.56,197.77,0.52,311.15,0.57,219.0,0.51,3176.8,0.58,268.0,0.5,2043.52,0.59,268.0,0.49,594.85,0.6,444.16,0.44,136.77,0.47,155.0,0.43,36.0,0.48,301.15,0.42,268.0,0.49,3176.8,0.41,268.0,0.5,2043.52,0.4,323.16,0.51,674.85
2026-01-07 10:01:06.331000+00:00,2026-01-07 10:01:03.866440+00:00,66.331,0.545,0.54,0.55,0.455,0.45,0.46,300.67,14.83,14.83,310.67,0.53,305.0,0.56,59.77,0.52,594.15,0.57,124.0,0.51,3201.8,0.58,75.0,0.5,2193.52,0.59,198.0,0.49,549.85,0.6,323.16,0.44,59.77,0.47,315.0,0.43,124.0,0.48,629.15,0.42,75.0,0.49,3201.8,0.41,198.0,0.5,2193.52,0.4,323.16,0.51,549.85
2026-01-07 10:01:07.359000+00:00,2026-01-07 10:01:04.886040+00:00,67.359,0.545,0.54,0.55,0.455,0.45,0.46,105.0,94.83,104.83,88.0,0.53,280.0,0.56,176.77,0.52,549.15,0.57,61.0,0.51,3146.8,0.58,15.0,0.5,2123.52,0.59,198.0,0.49,639.85,0.6,323.16,0.44,176.77,0.47,270.0,0.43,61.0,0.48,504.15,0.42,15.0,0.49,3156.8,0.41,198.0,0.5,2123.52,0.4,323.16,0.51,639.85
2026-01-07 10:01:08.260000+00:00,2026-01-07 10:01:05.893290+00:00,68.26,0.535,0.53,0.54,0.46499999999999997,0.46,0.47,105.0,69.64,69.64,105.0,0.52,599.15,0.55,155.83,0.51,3101.8,0.56,69.77,0.5,2158.52,0.57,51.0,0.49,604.85,0.58,198.0,0.48,374.0,0.59,198.0,0.45,175.83,0.48,599.15,0.44,69.77,0.49,3101.8,0.43,51.0,0.5,2158.52,0.42,198.0,0.51,604.85,0.41,198.0,0.52,374.0
2026-01-07 10:01:09.360000+00:00,2026-01-07 10:01:06.913953+00:00,69.36,0.535,0.53,0.54,0.46499999999999997,0.46,0.47,180.0,68.46,58.46,205.0,0.52,539.15,0.55,34.83,0.51,3136.8,0.56,221.77,0.5,2063.52,0.57,171.0,0.49,689.85,0.58,268.0,0.48,374.0,0.59,268.0,0.45,34.83,0.48,539.15,0.44,221.77,0.49,3136.8,0.43,171.0,0.5,2063.52,0.42,268.0,0.51,689.85,0.41,268.0,0.52,374.0
2026-01-07 10:01:10.389000+00:00,2026-01-07 10:01:07.921400+00:00,70.389,0.53,0.52,0.54,0.475,0.47,0.48,589.15,113.46,5.0,594.15,0.51,3111.8,0.55,68.12,0.5,2073.52,0.56,171.77,0.49,674.85,0.57,111.0,0.48,439.5,0.58,85.0,0.47,404.0,0.59,268.0,0.46,178.46,0.49,3101.8,0.45,98.12,0.5,2103.52,0.44,151.77,0.51,694.85,0.43,111.0,0.52,429.0,0.42,85.0,0.53,404.0
2026-01-07 10:01:11.206000+00:00,2026-01-07 10:01:08.928877+00:00,71.206,0.525,0.52,0.53,0.475,0.47,0.48,396.15,50.0,60.0,396.15,0.51,2802.8,0.54,165.7,0.5,2078.52,0.55,114.12,0.49,624.85,0.56,94.77,0.48,459.5,0.57,294.0,0.47,404.0,0.58,268.0,0.46,165.7,0.49,2802.8,0.45,114.12,0.5,2078.52,0.44,94.77,0.51,624.85,0.43,294.0,0.52,459.5,0.42,268.0,0.53,404.0
2026-01-07 10:01:12.359000+00:00,2026-01-07 10:01:09.935866+00:00,72.359,0.525,0.52,0.53,0.475,0.47,0.48,301.15,5.0,5.0,301.15,0.51,2807.8,0.54,136.93,0.5,2103.52,0.55,214.12,0.49,604.85,0.56,94.77,0.48,439.5,0.57,294.0,0.47,439.0,0.58,268.0,0.46,136.93,0.49,2807.8,0.45,214.12,0.5,2103.52,0.44,94.77,0.51,604.85,0.43,294.0,0.52,439.5,0.42,268.0,0.53,439.0
2026-01-07 10:01:13.384000+00:00,2026-01-07 10:01:10.939296+00:00,73.384,0.535,0.53,0.54,0.46499999999999997,0.46,0.47,17.22,126.28,126.28,17.22,0.52,296.15,0.55,214.12,0.51,2807.8,0.56,94.77,0.5,2103.52,0.57,294.0,0.49,604.85,0.58,268.0,0.48,439.5,0.59,273.0,0.45,214.12,0.48,296.15,0.44,94.77,0.49,2807.8,0.43,294.0,0.5,2103.52,0.42,268.0,0.51,604.85,0.41,273.0,0.52,439.5
2026-01-07 10:01:14.375000+00:00,2026-01-07 10:01:11.945725+00:00,74.375,0.535,0.53,0.54,0.46499999999999997,0.46,0.47,5.0,86.28,86.28,5.0,0.52,265.47,0.55,234.12,0.51,2757.8,0.56,104.77,0.5,2123.52,0.57,294.0,0.49,619.85,0.58,268.0,0.48,429.0,0.59,273.0,0.45,234.12,0.48,265.47,0.44,104.77,0.49,2757.8,0.43,294.0,0.5,2123.52,0.42,268.0,0.51,604.85,0.41,273.0,0.52,439.5
2026-01-07 10:01:15.415000+00:00,2026-01-07 10:01:12.947122+00:00,75.415,0.535,0.53,0.54,0.46499999999999997,0.46,0.47,15.0,66.61,66.61,10.0,0.52,255.47,0.55,214.12,0.51,2757.8,0.56,124.77,0.5,2133.52,0.57,294.0,0.49,599.85,0.58,268.0,0.48,429.0,0.59,273.0,0.45,224.12,0.48,255.47,0.44,124.77,0.49,2757.8,0.43,294.0,0.5,2143.52,0.42,268.0,0.51,599.85,0.41,273.0,0.52,429.0
2026-01-07 10:01:16.384000+00:00,2026-01-07 10:01:13.969741+00:00,76.384,0.525,0.52,0.53,0.475,0.47,0.48,185.47,15.0,15.0,178.42,0.51,2822.8,0.54,96.61,0.5,1950.52,0.55,224.12,0.49,609.85,0.56,94.77,0.48,499.0,0.57,294.0,0.47,429.0,0.58,268.0,0.46,96.61,0.49,2822.8,0.45,224.12,0.5,1950.52,0.44,94.77,0.51,609.85,0.43,294.0,0.52,499.0,0.42,268.0,0.53,429.0
2026-01-07 10:01:17.239000+00:00,2026-01-07 10:01:14.975233+00:00,77.239,0.525,0.52,0.53,0.46499999999999997,0.46,0.47,178.42,15.0,22.24,150.0,0.51,2892.8,0.54,96.61,0.5,1950.52,0.55,168.12,0.49,609.85,0.56,151.77,0.48,499.0,0.57,294.0,0.47,429.0,0.58,268.0,0.45,48.12,0.48,171.75,0.44,81.77,0.49,3019.8,0.43,224.0,0.5,2028.02,0.42,268.0,0.51,584.85,0.41,273.0,0.52,464.0
2026-01-07 10:01:18.409000+00:00,2026-01-07 10:01:15.982416+00:00,78.409,0.535,0.53,0.54,0.46499999999999997,0.46,0.47,87.91,12.24,12.24,289.91,0.52,301.75,0.55,83.12,0.51,2990.8,0.56,39.77,0.5,2114.02,0.57,144.0,0.49,674.85,0.58,308.0,0.48,409.0,0.59,273.0,0.45,33.12,0.48,569.75,0.44,59.77,0.49,3126.8,0.43,56.0,0.5,2103.52,0.42,243.0,0.51,674.85,0.41,304.0,0.52,422.0
2026-01-07 10:01:19.450000+00:00,2026-01-07 10:01:16.991971+00:00,79.45,0.555,0.55,0.56,0.445,0.44,0.45,62.11,54.73,69.73,25.0,0.54,100.0,0.57,51.0,0.53,313.0,0.58,105.0,0.52,570.75,0.59,45.0,0.51,3201.8,0.6,283.16,0.5,2103.52,0.61,373.0,0.43,51.0,0.46,135.0,0.42,105.0,0.47,313.0,0.41,45.0,0.48,570.75,0.4,253.16,0.49,3201.8,0.39,373.0,0.5,2103.52
2026-01-07 10:01:20.484000+00:00,2026-01-07 10:01:18.013908+00:00,80.484,0.555,0.55,0.56,0.445,0.44,0.45,7.11,67.55,33.29,7.11,0.54,135.0,0.57,129.0,0.53,323.0,0.58,65.0,0.52,570.75,0.59,35.0,0.51,3211.8,0.6,253.16,0.5,2103.52,0.61,373.0,0.43,97.38,0.46,100.0,0.42,55.0,0.47,313.0,0.41,25.0,0.48,570.75,0.4,253.16,0.49,3211.8,0.39,373.0,0.5,2068.52
2026-01-07 10:01:21.460000+00:00,2026-01-07 10:01:19.018451+00:00,81.46,0.555,0.55,0.56,0.445,0.44,0.45,150.02,28.29,28.29,150.02,0.54,30.0,0.57,69.38,0.53,368.0,0.58,35.0,0.52,580.39,0.59,146.0,0.51,3211.8,0.6,140.16,0.5,2078.52,0.61,443.0,0.43,69.38,0.46,147.0,0.42,35.0,0.47,489.0,0.41,146.0,0.48,670.39,0.4,140.16,0.49,3121.8,0.39,443.0,0.5,2078.52
2026-01-07 10:01:22.484000+00:00,2026-01-07 10:01:20.021930+00:00,82.484,0.555,0.55,0.56,0.445,0.44,0.45,196.5,18.29,18.29,332.38,0.54,444.0,0.57,35.0,0.53,469.0,0.58,160.0,0.52,665.39,0.59,35.0,0.51,3121.8,0.6,140.16,0.5,2068.52,0.61,443.0,0.43,10.0,0.46,444.0,0.42,165.0,0.47,444.0,0.41,35.0,0.48,665.39,0.4,70.16,0.49,3121.8,0.39,260.0,0.5,2068.52
2026-01-07 10:01:23.512000+00:00,2026-01-07 10:01:21.046203+00:00,83.512,0.5700000000000001,0.56,0.58,0.43,0.42,0.44,217.0,60.0,60.0,278.0,0.55,434.75,0.59,90.0,0.54,444.0,0.6,80.16,0.53,524.0,0.61,190.0,0.52,575.39,0.62,160.0,0.51,3131.8,0.63,328.0,0.41,90.0,0.45,434.75,0.4,143.16,0.46,444.0,0.39,190.0,0.47,524.0,0.38,160.0,0.48,575.39,0.37,328.0,0.49,2889.05
2026-01-07 10:01:24.522000+00:00,2026-01-07 10:01:22.051470+00:00,84.522,0.585,0.58,0.59,0.415,0.41,0.42,237.0,35.0,35.0,221.88,0.57,326.0,0.6,90.16,0.56,379.0,0.61,260.0,0.55,434.0,0.62,166.0,0.54,434.0,0.63,258.0,0.53,514.0,0.64,258.0,0.4,80.16,0.43,358.0,0.39,260.0,0.44,374.0,0.38,176.0,0.45,434.0,0.37,258.0,0.46,434.0,0.36,258.0,0.47,514.0
2026-01-07 10:01:25.465000+00:00,2026-01-07 10:01:23.052378+00:00,85.465,0.595,0.59,0.6,0.405,0.4,0.41,310.65,65.28,65.28,292.65,0.58,359.0,0.61,205.0,0.57,409.0,0.62,155.0,0.56,499.0,0.63,95.0,0.55,434.0,0.64,144.0,0.54,424.0,0.65,75.0,0.39,205.0,0.42,359.0,0.38,155.0,0.43,409.0,0.37,95.0,0.44,499.0,0.36,144.0,0.45,434.0,0.35,75.0,0.46,424.0
2026-01-07 10:01:26.541000+00:00,2026-01-07 10:01:24.075253+00:00,86.541,0.605,0.6,0.61,0.395,0.39,0.4,147.72,123.19,188.19,127.72,0.59,298.0,0.62,155.0,0.58,364.0,0.63,163.0,0.57,479.0,0.64,75.0,0.56,524.0,0.65,75.0,0.55,434.0,0.66,145.0,0.38,90.0,0.41,223.0,0.37,75.0,0.42,389.0,0.36,75.0,0.43,469.0,0.35,75.0,0.44,539.0,0.34,145.0,0.45,434.0
2026-01-07 10:01:27.546000+00:00,2026-01-07 10:01:25.079920+00:00,87.546,0.605,0.6,0.61,0.395,0.39,0.4,74.96,103.19,182.19,74.96,0.59,183.0,0.62,90.0,0.58,339.0,0.63,75.0,0.57,464.0,0.64,197.0,0.56,444.0,0.65,197.0,0.55,544.5,0.66,267.0,0.38,90.0,0.41,183.0,0.37,75.0,0.42,339.0,0.36,197.0,0.43,469.0,0.35,197.0,0.44,444.0,0.34,267.0,0.45,464.5
2026-01-07 10:01:28.568000+00:00,2026-01-07 10:01:26.085451+00:00,88.568,0.555,0.55,0.56,0.445,0.44,0.45,35.0,25.0,25.0,35.0,0.54,236.0,0.57,128.0,0.53,359.0,0.6,15.0,0.52,555.39,0.61,388.64,0.51,2849.05,0.62,423.0,0.5,2068.52,0.63,328.0,0.43,128.0,0.46,236.0,0.4,95.0,0.47,176.0,0.39,388.64,0.48,555.39,0.38,423.0,0.49,2849.05,0.37,328.0,0.5,2158.52
2026-01-07 10:01:29.496000+00:00,2026-01-07 10:01:27.089774+00:00,89.496,0.555,0.55,0.56,0.445,0.44,0.45,35.0,25.0,82.0,35.0,0.54,115.0,0.57,138.0,0.53,176.0,0.6,268.0,0.52,555.39,0.61,343.64,0.51,2849.05,0.62,343.0,0.5,2088.52,0.63,328.0,0.43,80.0,0.46,115.0,0.4,268.0,0.47,176.0,0.39,343.64,0.48,555.39,0.38,343.0,0.49,2849.05,0.37,328.0,0.5,2088.52
2026-01-07 10:01:30.384000+00:00,2026-01-07 10:01:28.097487+00:00,90.384,0.555,0.55,0.56,0.445,0.44,0.45,5.0,20.19,20.19,5.0,0.54,135.0,0.57,173.0,0.53,120.0,0.58,10.0,0.52,615.39,0.6,268.0,0.51,2899.05,0.61,343.64,0.5,2203.52,0.62,343.0,0.43,173.0,0.46,135.0,0.42,10.0,0.47,115.0,0.4,268.0,0.48,625.39,0.39,343.64,0.49,2899.05,0.38,343.0,0.5,2203.52
2026-01-07 10:01:31.545000+00:00,2026-01-07 10:01:29.118630+00:00,91.545,0.545,0.54,0.55,0.455,0.45,0.46,25.0,30.0,21.0,5.0,0.53,190.0,0.56,182.19,0.52,550.39,0.57,10.0,0.51,2939.05,0.58,183.0,0.5,2133.52,0.59,253.0,0.49,684.85,0.6,268.0,0.44,182.19,0.47,190.0,0.43,10.0,0.48,550.39,0.42,183.0,0.49,2939.05,0.41,253.0,0.5,2133.52,0.4,268.0,0.51,684.85
2026-01-07 10:01:32.582000+00:00,2026-01-07 10:01:30.124537+00:00,92.582,0.545,0.54,0.55,0.455,0.45,0.46,5.0,20.77,20.77,5.0,0.53,190.0,0.56,182.19,0.52,565.39,0.57,80.0,0.51,2924.05,0.58,70.0,0.5,2133.52,0.59,253.0,0.49,704.85,0.6,268.0,0.44,182.19,0.47,190.0,0.43,80.0,0.48,565.39,0.42,70.0,0.49,2924.05,0.41,253.0,0.5,2113.52,0.4,268.0,0.51,704.85
2026-01-07 10:01:33.593000+00:00,2026-01-07 10:01:31.131010+00:00,93.593,0.525,0.52,0.53,0.475,0.47,0.48,186.39,20.0,20.0,186.39,0.51,2859.05,0.54,170.0,0.5,2093.52,0.55,142.77,0.49,624.85,0.56,292.19,0.48,419.0,0.57,192.0,0.47,384.0,0.58,253.0,0.46,180.0,0.49,2555.05,0.45,127.77,0.5,2093.52,0.44,292.19,0.51,624.85,0.43,253.0,0.52,419.0,0.42,253.0,0.53,384.0
2026-01-07 10:01:34.446000+00:00,2026-01-07 10:01:32.137685+00:00,94.446,0.525,0.52,0.53,0.475,0.47,0.48,166.39,40.0,32.74,166.39,0.51,2560.05,0.54,75.0,0.5,2073.52,0.55,187.77,0.49,634.85,0.56,273.19,0.48,429.0,0.57,253.0,0.47,464.0,0.58,253.0,0.46,75.0,0.49,2560.05,0.45,187.77,0.5,2073.52,0.44,273.19,0.51,634.85,0.43,253.0,0.52,429.0,0.42,253.0,0.53,464.0
2026-01-07 10:01:35.610000+00:00,2026-01-07 10:01:33.144504+00:00,95.61,0.535,0.53,0.54,0.45999999999999996,0.45,0.47,40.0,15.0,21.77,145.0,0.52,277.34,0.55,71.77,0.51,2540.05,0.56,117.19,0.5,2043.52,0.57,253.0,0.49,569.85,0.58,253.0,0.48,464.0,0.59,253.0,0.44,132.19,0.48,160.34,0.43,203.0,0.49,2585.05,0.42,253.0,0.5,2043.52,0.41,253.0,0.51,614.85,0.4,389.0,0.52,464.0
2026-01-07 10:01:36.605000+00:00,2026-01-07 10:01:34.151767+00:00,96.605,0.55,0.54,0.56,0.45,0.44,0.46,245.0,10.19,10.19,195.0,0.53,222.0,0.57,98.0,0.52,629.34,0.58,65.0,0.51,2899.05,0.59,213.0,0.5,2193.52,0.6,198.0,0.49,569.85,0.61,418.64,0.43,98.0,0.47,278.0,0.42,65.0,0.48,629.34,0.41,213.0,0.49,2899.05,0.4,198.0,0.5,2193.52,0.39,418.64,0.51,569.85
2026-01-07 10:01:37.645000+00:00,2026-01-07 10:01:35.175775+00:00,97.645,0.545,0.54,0.55,0.455,0.45,0.46,5.0,25.0,20.0,5.0,0.53,115.0,0.56,162.19,0.52,802.09,0.57,40.0,0.51,2934.05,0.59,183.0,0.5,2123.52,0.6,268.0,0.49,684.85,0.61,418.64,0.44,162.19,0.47,115.0,0.43,30.0,0.48,802.09,0.41,183.0,0.49,2934.05,0.4,268.0,0.5,2123.52,0.39,418.64,0.51,684.85
2026-01-07 10:01:38.661000+00:00,2026-01-07 10:01:36.194553+00:00,98.661,0.545,0.54,0.55,0.45,0.44,0.46,75.0,20.0,65.19,143.0,0.53,60.0,0.56,172.19,0.52,428.09,0.57,10.0,0.51,2919.05,0.59,183.0,0.5,2143.52,0.6,268.0,0.49,674.85,0.61,418.64,0.43,98.0,0.47,30.0,0.41,183.0,0.48,523.09,0.4,268.0,0.49,2909.05,0.39,418.64,0.5,2123.52,0.38,464.0,0.51,649.85
2026-01-07 10:01:39.558000+00:00,2026-01-07 10:01:37.216251+00:00,99.558,0.555,0.55,0.56,0.445,0.44,0.45,40.0,15.0,15.0,35.0,0.54,85.0,0.57,32.42,0.53,145.0,0.59,183.0,0.52,822.09,0.6,268.0,0.51,2919.05,0.61,418.64,0.5,2178.52,0.62,464.0,0.43,25.0,0.46,90.0,0.41,183.0,0.47,155.0,0.4,268.0,0.48,807.09,0.39,418.64,0.49,2889.05,0.38,464.0,0.5,2178.52
2026-01-07 10:01:40.693000+00:00,2026-01-07 10:01:38.223067+00:00,100.693,0.555,0.55,0.56,0.445,0.44,0.45,40.0,15.0,15.0,40.0,0.54,120.0,0.57,40.0,0.53,120.0,0.59,183.0,0.52,822.09,0.6,268.0,0.51,2889.05,0.61,418.64,0.5,2188.52,0.62,464.0,0.43,40.0,0.46,130.0,0.41,183.0,0.47,120.0,0.4,268.0,0.48,822.09,0.39,418.64,0.49,2889.05,0.38,464.0,0.5,2188.52
2026-01-07 10:01:41.440000+00:00,2026-01-07 10:01:39.244889+00:00,101.44,0.555,0.55,0.56,0.445,0.44,0.45,35.0,55.0,40.0,40.0,0.54,165.0,0.57,40.0,0.53,170.0,0.59,183.0,0.52,812.09,0.6,268.0,0.51,2899.05,0.61,418.64,0.5,2178.52,0.62,464.0,0.43,85.0,0.46,175.0,0.42,20.0,0.47,160.0,0.41,183.0,0.48,812.09,0.4,268.0,0.49,2899.05,0.39,418.64,0.5,2178.52
2026-01-07 10:01:42.767000+00:00,2026-01-07 10:01:40.248869+00:00,102.767,0.555,0.55,0.56,0.445,0.44,0.45,85.0,40.0,40.0,60.0,0.54,190.0,0.57,85.0,0.53,160.0,0.58,273.0,0.52,812.09,0.59,253.0,0.51,2889.05,0.6,268.0,0.5,2158.52,0.61,418.64,0.43,85.0,0.46,190.0,0.42,273.0,0.47,160.0,0.41,253.0,0.48,812.09,0.4,268.0,0.49,2889.05,0.39,418.64,0.5,2158.52
2026-01-07 10:01:43.590000+00:00,2026-01-07 10:01:41.255397+00:00,103.59,0.555,0.55,0.56,0.46499999999999997,0.46,0.47,50.0,40.0,25.0,35.0,0.54,195.0,0.57,85.0,0.53,150.0,0.58,273.0,0.52,822.09,0.59,253.0,0.51,2889.05,0.6,268.0,0.5,2158.52,0.61,418.64,0.45,60.0,0.48,707.09,0.44,232.0,0.49,2914.05,0.43,292.0,0.5,2169.02,0.42,253.0,0.51,514.85,0.41,253.0,0.52,374.0
2026-01-07 10:01:44.688000+00:00,2026-01-07 10:01:42.260259+00:00,104.688,0.535,0.53,0.54,0.46499999999999997,0.46,0.47,50.0,12.5,12.5,50.0,0.52,443.09,0.55,75.0,0.51,2580.05,0.56,303.0,0.5,2079.02,0.57,273.0,0.49,514.85,0.58,253.0,0.48,304.0,0.59,253.0,0.45,65.0,0.48,388.09,0.44,298.0,0.49,2635.05,0.43,273.0,0.5,2079.02,0.42,253.0,0.51,514.85,0.41,253.0,0.52,304.0
2026-01-07 10:01:45.734000+00:00,2026-01-07 10:01:43.267266+00:00,105.734,0.525,0.52,0.53,0.475,0.47,0.48,301.44,100.0,287.0,286.44,0.51,2530.05,0.54,10.64,0.5,1872.52,0.55,145.0,0.49,519.85,0.56,308.0,0.48,349.0,0.57,273.0,0.47,394.0,0.58,253.0,0.46,202.64,0.49,2465.05,0.45,408.0,0.5,1862.52,0.44,409.0,0.51,499.85,0.43,394.0,0.52,429.0,0.42,374.0,0.53,389.0
2026-01-07 10:01:46.688000+00:00,2026-01-07 10:01:44.263244+00:00,106.688,0.525,0.52,0.53,0.475,0.47,0.48,31.84,288.0,308.0,1.52,0.51,2465.05,0.54,273.64,0.5,1684.52,0.55,389.0,0.49,240.85,0.56,389.0,0.48,125.0,0.57,394.0,0.47,95.0,0.58,394.0,0.46,273.64,0.49,2480.05,0.45,389.0,0.5,1709.52,0.44,389.0,0.51,225.85,0.43,394.0,0.52,90.0,0.42,374.0,0.53,80.0
2026-01-07 10:01:47.734000+00:00,2026-01-07 10:01:45.270688+00:00,107.734,0.515,0.51,0.52,0.485,0.48,0.49,2445.11,80.0,90.0,2445.11,0.5,1729.52,0.53,268.0,0.49,225.85,0.54,273.64,0.48,90.0,0.55,389.0,0.47,50.0,0.56,389.0,0.46,256.0,0.57,394.0,0.47,238.0,0.5,1679.52,0.46,253.64,0.51,240.85,0.45,389.0,0.52,100.0,0.44,389.0,0.53,60.0,0.43,394.0,0.54,256.0
2026-01-07 10:01:48.883000+00:00,2026-01-07 10:01:46.292079+00:00,108.883,0.515,0.51,0.52,0.485,0.48,0.49,2450.11,60.0,35.0,2455.11,0.5,1684.52,0.53,238.0,0.49,215.85,0.54,193.64,0.48,70.0,0.55,319.0,0.47,80.0,0.56,389.0,0.46,191.0,0.57,394.0,0.47,288.0,0.5,1789.52,0.46,203.64,0.51,240.85,0.45,319.0,0.52,60.0,0.44,389.0,0.53,80.0,0.43,394.0,0.54,226.0
2026-01-07 10:01:49.775000+00:00,2026-01-07 10:01:47.296701+00:00,109.775,0.515,0.51,0.52,0.485,0.48,0.49,2605.11,15.0,15.0,2600.11,0.5,1794.52,0.53,253.0,0.49,310.85,0.54,198.64,0.48,150.0,0.55,369.0,0.47,242.0,0.56,349.0,0.46,296.0,0.57,324.0,0.47,70.0,0.5,1864.52,0.46,198.64,0.51,255.85,0.45,248.0,0.52,150.0,0.44,349.0,0.53,242.0,0.43,324.0,0.54,296.0
2026-01-07 10:01:50.774000+00:00,2026-01-07 10:01:48.300612+00:00,110.774,0.525,0.52,0.53,0.475,0.47,0.48,40.0,26.0,31.0,40.0,0.51,2565.11,0.54,65.0,0.5,1894.52,0.55,128.64,0.49,345.85,0.56,319.0,0.48,333.0,0.57,319.0,0.47,389.0,0.58,374.0,0.46,65.0,0.49,2565.11,0.45,128.64,0.5,1814.52,0.44,319.0,0.51,345.85,0.43,319.0,0.52,333.0,0.42,374.0,0.53,389.0
2026-01-07 10:01:51.790000+00:00,2026-01-07 10:01:49.324056+00:00,111.79,0.515,0.51,0.52,0.485,0.48,0.49,2490.11,15.0,120.0,2480.11,0.5,1739.52,0.53,100.0,0.49,345.85,0.54,213.0,0.48,120.0,0.55,178.64,0.47,333.0,0.56,389.0,0.46,261.0,0.57,389.0,0.47,160.0,0.5,1689.52,0.46,183.0,0.51,205.85,0.45,379.64,0.52,190.0,0.44,389.0,0.53,348.0,0.43,389.0,0.54,291.0
2026-01-07 10:01:52.737000+00:00,2026-01-07 10:01:50.329386+00:00,112.737,0.515,0.51,0.52,0.485,0.48,0.49,2454.49,95.0,105.0,2454.49,0.5,1694.52,0.53,65.0,0.49,270.85,0.54,253.0,0.48,175.0,0.55,299.64,0.47,313.0,0.56,389.0,0.46,291.0,0.57,409.0,0.47,177.0,0.5,1694.52,0.46,374.0,0.51,230.85,0.45,299.64,0.52,75.0,0.44,389.0,0.53,368.0,0.43,389.0,0.54,291.0
2026-01-07 10:01:53.781000+00:00,2026-01-07 10:01:51.335458+00:00,113.781,0.515,0.51,0.52,0.485,0.48,0.49,2459.32,96.0,96.0,2459.32,0.5,1694.52,0.53,238.0,0.49,230.85,0.54,374.0,0.48,75.0,0.55,299.64,0.47,185.0,0.56,389.0,0.46,108.0,0.57,409.0,0.47,238.0,0.5,1694.52,0.46,374.0,0.51,230.85,0.45,299.64,0.52,75.0,0.44,389.0,0.53,185.0,0.43,409.0,0.54,108.0
2026-01-07 10:01:54.807000+00:00,2026-01-07 10:01:52.341943+00:00,114.807,0.515,0.51,0.52,0.485,0.48,0.49,2318.64,65.0,65.0,2318.64,0.5,1719.52,0.53,258.0,0.49,320.85,0.54,394.0,0.48,105.0,0.55,299.64,0.47,175.0,0.56,389.0,0.46,108.0,0.57,409.0,0.47,258.0,0.5,1719.52,0.46,394.0,0.51,320.85,0.45,299.64,0.52,105.0,0.44,389.0,0.53,175.0,0.43,409.0,0.54,108.0
2026-01-07 10:01:55.805000+00:00,2026-01-07 10:01:53.348343+00:00,115.805,0.515,0.51,0.52,0.485,0.48,0.49,2318.64,225.44,235.44,2318.64,0.5,1789.52,0.53,258.0,0.49,320.85,0.54,394.0,0.48,105.0,0.55,299.64,0.47,175.0,0.56,389.0,0.46,93.0,0.57,409.0,0.47,258.0,0.5,1789.52,0.46,394.0,0.51,320.85,0.45,299.64,0.52,105.0,0.44,389.0,0.53,175.0,0.43,409.0,0.54,93.0
2026-01-07 10:01:56.688000+00:00,2026-01-07 10:01:54.353017+00:00,116.688,0.515,0.51,0.52,0.485,0.48,0.49,2283.64,240.44,260.44,2283.64,0.5,1834.52,0.53,258.0,0.49,265.85,0.54,394.0,0.48,105.0,0.55,299.64,0.47,175.0,0.56,389.0,0.46,128.0,0.57,409.0,0.47,258.0,0.5,1794.52,0.46,394.0,0.51,265.85,0.45,299.64,0.52,105.0,0.44,389.0,0.53,175.0,0.43,409.0,0.54,128.0
2026-01-07 10:01:57.785000+00:00,2026-01-07 10:01:55.342484+00:00,117.785,0.515,0.51,0.52,0.485,0.48,0.49,2283.64,216.44,226.44,2283.64,0.5,1819.52,0.53,263.0,0.49,280.85,0.54,394.0,0.48,105.0,0.55,299.64,0.47,175.0,0.56,389.0,0.46,128.0,0.57,409.0,0.47,263.0,0.5,1819.52,0.46,394.0,0.51,280.85,0.45,299.64,0.52,105.0,0.44,389.0,0.53,175.0,0.43,409.0,0.54,128.0
2026-01-07 10:01:58.808000+00:00,2026-01-07 10:01:56.348525+00:00,118.808,0.515,0.51,0.52,0.485,0.48,0.49,2293.64,241.44,241.44,2293.64,0.5,1819.52,0.53,333.0,0.49,270.85,0.54,394.0,0.48,105.0,0.55,299.64,0.47,105.0,0.56,389.0,0.46,198.0,0.57,409.0,0.47,333.0,0.5,1819.52,0.46,394.0,0.51,270.85,0.45,299.64,0.52,105.0,0.44,389.0,0.53,105.0,0.43,389.0,0.54,198.0
2026-01-07 10:01:59.816000+00:00,2026-01-07 10:01:57.351049+00:00,119.816,0.515,0.51,0.52,0.485,0.48,0.49,1735.64,377.44,417.44,1730.64,0.5,1694.52,0.53,449.0,0.49,255.85,0.54,394.0,0.48,80.0,0.55,319.64,0.47,105.0,0.56,389.0,0.46,128.0,0.57,389.0,0.47,429.0,0.5,1659.52,0.46,374.0,0.51,275.85,0.45,299.64,0.52,90.0,0.44,389.0,0.53,105.0,0.43,389.0,0.54,128.0
2026-01-07 10:02:00.825000+00:00,2026-01-07 10:01:58.356721+00:00,120.825,0.515,0.51,0.52,0.485,0.48,0.49,1599.64,382.44,347.44,1604.64,0.5,1664.52,0.53,409.0,0.49,245.85,0.54,394.0,0.48,20.0,0.55,294.64,0.47,35.0,0.56,389.0,0.46,128.0,0.57,389.0,0.47,474.0,0.5,1704.52,0.46,394.0,0.51,245.85,0.45,294.64,0.52,10.0,0.44,389.0,0.53,35.0,0.43,389.0,0.54,128.0
2026-01-07 10:02:01.843000+00:00,2026-01-07 10:01:59.364801+00:00,121.843,0.515,0.51,0.52,0.485,0.48,0.49,1694.64,342.44,273.44,1674.64,0.5,1659.52,0.53,324.0,0.49,195.85,0.54,439.0,0.48,10.0,0.55,314.64,0.47,105.0,0.56,389.0,0.46,198.0,0.57,389.0,0.47,324.0,0.5,1659.52,0.46,439.0,0.51,195.85,0.45,334.64,0.52,10.0,0.44,389.0,0.53,105.0,0.43,389.0,0.54,198.0
2026-01-07 10:02:02.835000+00:00,2026-01-07 10:02:00.371982+00:00,122.835,0.515,0.51,0.52,0.485,0.48,0.49,1634.64,192.44,192.44,1634.64,0.5,1779.52,0.53,334.0,0.49,265.85,0.54,449.0,0.48,80.0,0.55,314.64,0.47,105.0,0.56,389.0,0.46,128.0,0.57,389.0,0.47,334.0,0.5,1789.52,0.46,449.0,0.51,265.85,0.45,314.64,0.52,80.0,0.44,389.0,0.53,105.0,0.43,389.0,0.54,128.0
2026-01-07 10:02:03.694000+00:00,2026-01-07 10:02:01.380800+00:00,123.694,0.515,0.51,0.52,0.485,0.48,0.49,1609.64,157.44,157.44,1649.64,0.5,1819.52,0.53,399.0,0.49,265.85,0.54,404.0,0.48,80.0,0.55,294.64,0.47,105.0,0.56,389.0,0.46,128.0,0.57,389.0,0.47,389.0,0.5,1819.52,0.46,404.0,0.51,265.85,0.45,294.64,0.52,80.0,0.44,389.0,0.53,105.0,0.43,389.0,0.54,198.0
2026-01-07 10:02:04.829000+00:00,2026-01-07 10:02:02.401173+00:00,124.829,0.515,0.51,0.52,0.485,0.48,0.49,1724.64,35.0,20.0,1724.64,0.5,1864.52,0.53,198.0,0.49,240.85,0.54,344.0,0.48,105.0,0.55,304.64,0.47,175.0,0.56,329.0,0.46,143.0,0.57,389.0,0.47,198.0,0.5,1864.52,0.46,344.0,0.51,240.85,0.45,304.64,0.52,105.0,0.44,329.0,0.53,175.0,0.43,389.0,0.54,143.0
2026-01-07 10:02:05.898000+00:00,2026-01-07 10:02:03.419067+00:00,125.898,0.525,0.52,0.53,0.475,0.47,0.48,20.0,205.64,205.64,20.0,0.51,1679.64,0.54,319.0,0.5,1784.52,0.55,274.64,0.49,240.85,0.56,319.0,0.48,105.0,0.57,389.0,0.47,175.0,0.58,374.0,0.46,344.0,0.49,1704.64,0.45,294.64,0.5,1794.52,0.44,319.0,0.51,240.85,0.43,389.0,0.52,105.0,0.42,374.0,0.53,175.0
2026-01-07 10:02:06.713000+00:00,2026-01-07 10:02:04.424140+00:00,126.713,0.525,0.52,0.53,0.475,0.47,0.48,30.0,205.64,205.64,15.0,0.51,1714.64,0.54,344.0,0.5,1794.52,0.55,294.64,0.49,240.85,0.56,319.0,0.48,105.0,0.57,389.0,0.47,175.0,0.58,374.0,0.46,344.0,0.49,1714.64,0.45,294.64,0.5,1794.52,0.44,319.0,0.51,240.85,0.43,389.0,0.52,105.0,0.42,374.0,0.53,175.0
2026-01-07 10:02:07.896000+00:00,2026-01-07 10:02:05.427795+00:00,127.896,0.525,0.52,0.53,0.475,0.47,0.48,10.0,215.64,215.64,10.0,0.51,1722.64,0.54,344.0,0.5,1794.52,0.55,324.64,0.49,240.85,0.56,389.0,0.48,105.0,0.57,389.0,0.47,175.0,0.58,374.0,0.46,354.0,0.49,1722.64,0.45,344.64,0.5,1804.52,0.44,389.0,0.51,240.85,0.43,389.0,0.52,105.0,0.42,374.0,0.53,175.0
2026-01-07 10:02:08.849000+00:00,2026-01-07 10:02:06.447600+00:00,128.849,0.525,0.52,0.53,0.475,0.47,0.48,20.0,210.64,210.64,20.0,0.51,1709.64,0.54,359.0,0.5,1804.52,0.55,324.64,0.49,240.85,0.56,429.0,0.48,105.0,0.57,389.0,0.47,175.0,0.58,374.0,0.46,359.0,0.49,1709.64,0.45,324.64,0.5,1804.52,0.44,429.0,0.51,240.85,0.43,389.0,0.52,105.0,0.42,374.0,0.53,175.0
2026-01-07 10:02:09.925000+00:00,2026-01-07 10:02:07.455483+00:00,129.925,0.52,0.51,0.53,0.475,0.47,0.48,1696.7,220.64,205.64,65.0,0.5,1784.52,0.54,304.0,0.49,240.85,0.55,314.64,0.48,105.0,0.56,389.0,0.47,175.0,0.57,389.0,0.46,158.0,0.58,374.0,0.46,324.0,0.49,1686.7,0.45,364.64,0.5,1794.52,0.44,429.0,0.51,240.85,0.43,389.0,0.52,105.0,0.42,374.0,0.53,175.0
2026-01-07 10:02:10.865000+00:00,2026-01-07 10:02:08.462483+00:00,130.865,0.525,0.52,0.53,0.475,0.47,0.48,5.0,200.64,180.64,5.0,0.51,1701.7,0.54,238.0,0.5,1824.52,0.55,344.64,0.49,240.85,0.56,409.0,0.48,105.0,0.57,389.0,0.47,175.0,0.58,374.0,0.46,238.0,0.49,1701.7,0.45,344.64,0.5,1824.52,0.44,409.0,0.51,240.85,0.43,389.0,0.52,105.0,0.42,374.0,0.53,175.0
2026-01-07 10:02:11.957000+00:00,2026-01-07 10:02:09.480823+00:00,131.957,0.525,0.52,0.53,0.475,0.47,0.48,5.0,200.64,195.64,5.0,0.51,1711.7,0.54,238.0,0.5,1814.52,0.55,344.64,0.49,240.85,0.56,409.0,0.48,105.0,0.57,389.0,0.47,175.0,0.58,374.0,0.46,193.0,0.49,1741.7,0.45,224.64,0.5,1769.52,0.44,319.0,0.51,335.85,0.43,319.0,0.52,135.0,0.42,374.0,0.53,115.0
2026-01-07 10:02:12.873000+00:00,2026-01-07 10:02:10.485481+00:00,132.873,0.535,0.52,0.55,0.46499999999999997,0.45,0.48,110.0,5.0,5.0,80.0,0.51,1676.7,0.56,263.0,0.5,1784.52,0.57,349.0,0.49,335.85,0.58,304.0,0.48,303.0,0.59,324.0,0.47,298.0,0.6,484.0,0.44,253.0,0.49,1676.7,0.43,349.0,0.5,1784.52,0.42,304.0,0.51,335.85,0.41,324.0,0.52,303.0,0.4,484.0,0.53,298.0
2026-01-07 10:02:13.964000+00:00,2026-01-07 10:02:11.491139+00:00,133.964,0.53,0.52,0.54,0.475,0.46,0.49,11.56,35.0,35.0,1691.7,0.51,1666.7,0.55,14.0,0.5,1941.52,0.56,208.0,0.49,402.85,0.57,379.0,0.48,298.0,0.58,324.0,0.47,424.0,0.59,324.0,0.45,24.0,0.5,1951.52,0.44,208.0,0.51,402.85,0.43,379.0,0.52,333.0,0.42,324.0,0.53,424.0,0.41,324.0,0.54,397.0
2026-01-07 10:02:14.937000+00:00,2026-01-07 10:02:12.497311+00:00,134.937,0.53,0.52,0.54,0.475,0.46,0.49,10.0,35.0,35.0,1643.99,0.51,1643.99,0.55,24.0,0.5,2012.52,0.56,20.0,0.49,493.85,0.57,253.0,0.48,303.0,0.58,213.0,0.47,424.0,0.59,304.0,0.45,24.0,0.5,2012.52,0.44,20.0,0.51,493.85,0.43,253.0,0.52,303.0,0.42,213.0,0.53,424.0,0.41,304.0,0.54,397.0
2026-01-07 10:02:15.963000+00:00,2026-01-07 10:02:13.499952+00:00,135.963,0.515,0.51,0.52,0.485,0.48,0.49,1623.99,93.82,53.82,1628.99,0.5,2022.52,0.53,50.0,0.49,483.85,0.54,35.0,0.48,464.0,0.55,24.0,0.47,454.0,0.56,15.0,0.46,407.0,0.57,268.0,0.47,40.0,0.5,2017.52,0.46,55.0,0.51,513.85,0.45,24.0,0.52,454.0,0.44,15.0,0.53,444.0,0.43,268.0,0.54,397.0
2026-01-07 10:02:16.992000+00:00,2026-01-07 10:02:14.514906+00:00,136.992,0.515,0.51,0.52,0.485,0.48,0.49,1537.55,63.82,63.82,1537.55,0.5,2017.52,0.53,65.0,0.49,513.85,0.54,55.0,0.48,454.0,0.55,24.0,0.47,444.0,0.56,15.0,0.46,397.0,0.57,268.0,0.47,65.0,0.5,2017.52,0.46,55.0,0.51,513.85,0.45,24.0,0.52,454.0,0.44,15.0,0.53,444.0,0.43,268.0,0.54,397.0
2026-01-07 10:02:17.959000+00:00,2026-01-07 10:02:15.517216+00:00,137.959,0.515,0.51,0.52,0.485,0.48,0.49,1527.55,148.82,133.82,1527.55,0.5,1877.52,0.53,20.0,0.49,453.85,0.54,105.0,0.48,474.0,0.55,94.0,0.47,444.0,0.56,207.0,0.46,417.0,0.57,268.0,0.47,20.0,0.5,1947.52,0.46,105.0,0.51,398.85,0.45,94.0,0.52,474.0,0.44,207.0,0.53,454.0,0.43,268.0,0.54,417.0
2026-01-07 10:02:18.753000+00:00,2026-01-07 10:02:16.522294+00:00,138.753,0.515,0.51,0.52,0.485,0.48,0.49,1537.55,43.82,43.82,1537.55,0.5,1962.52,0.53,40.0,0.49,503.85,0.54,155.0,0.48,454.0,0.55,94.0,0.47,444.0,0.56,146.0,0.46,397.0,0.57,85.0,0.47,40.0,0.5,1962.52,0.46,155.0,0.51,503.85,0.45,94.0,0.52,454.0,0.44,146.0,0.53,444.0,0.43,85.0,0.54,397.0
2026-01-07 10:02:19.867000+00:00,2026-01-07 10:02:17.545372+00:00,139.867,0.515,0.51,0.52,0.485,0.48,0.49,1820.55,28.82,28.82,1785.55,0.5,2057.52,0.53,25.0,0.49,624.85,0.54,45.0,0.48,454.0,0.55,139.0,0.47,444.0,0.56,95.0,0.46,397.0,0.57,85.0,0.47,25.0,0.5,1977.52,0.46,45.0,0.51,624.85,0.45,139.0,0.52,454.0,0.44,95.0,0.53,444.0,0.43,85.0,0.54,397.0
2026-01-07 10:02:21.981000+00:00,2026-01-07 10:02:19.558130+00:00,141.981,0.515,0.51,0.52,0.485,0.48,0.49,1698.95,103.82,103.82,1698.95,0.5,2017.52,0.53,50.0,0.49,629.85,0.54,70.0,0.48,444.0,0.55,119.0,0.47,454.0,0.56,95.0,0.46,407.0,0.57,85.0,0.47,50.0,0.5,2017.52,0.46,70.0,0.51,629.85,0.45,119.0,0.52,444.0,0.44,95.0,0.53,454.0,0.43,85.0,0.54,407.0
2026-01-07 10:02:22.991000+00:00,2026-01-07 10:02:20.563507+00:00,142.991,0.515,0.51,0.52,0.485,0.48,0.49,1693.64,136.89,136.89,1693.64,0.5,1947.52,0.53,120.0,0.49,599.85,0.54,105.0,0.48,474.0,0.55,94.0,0.47,454.0,0.56,85.0,0.46,407.0,0.57,85.0,0.47,120.0,0.5,1942.52,0.46,105.0,0.51,629.85,0.45,94.0,0.52,444.0,0.44,85.0,0.53,454.0,0.43,85.0,0.54,407.0
2026-01-07 10:02:23.997000+00:00,2026-01-07 10:02:21.568801+00:00,143.997,0.515,0.51,0.52,0.485,0.48,0.49,1515.64,96.89,96.89,1515.64,0.5,1947.52,0.53,120.0,0.49,513.85,0.54,145.0,0.48,434.0,0.55,94.0,0.47,464.0,0.56,85.0,0.46,407.0,0.57,85.0,0.47,120.0,0.5,1947.52,0.46,145.0,0.51,513.85,0.45,94.0,0.52,434.0,0.44,85.0,0.53,464.0,0.43,85.0,0.54,407.0
2026-01-07 10:02:25.029000+00:00,2026-01-07 10:02:22.574510+00:00,145.029,0.54,0.53,0.55,0.45999999999999996,0.45,0.47,52.68,15.0,15.0,62.68,0.52,40.0,0.56,15.0,0.51,1630.81,0.57,25.0,0.5,2072.52,0.58,183.0,0.49,493.85,0.59,183.0,0.48,389.0,0.6,504.0,0.44,15.0,0.48,40.0,0.43,25.0,0.49,1580.81,0.42,183.0,0.5,2067.52,0.41,183.0,0.51,493.85,0.4,504.0,0.52,389.0
2026-01-07 10:02:26.051000+00:00,2026-01-07 10:02:23.580787+00:00,146.051,0.54,0.53,0.55,0.45999999999999996,0.45,0.47,55.0,15.0,15.0,90.0,0.52,10.0,0.56,15.0,0.51,1640.81,0.57,15.0,0.5,2012.52,0.58,183.0,0.49,493.85,0.59,183.0,0.48,419.0,0.6,504.0,0.44,15.0,0.48,30.0,0.43,25.0,0.49,1640.81,0.42,183.0,0.5,2012.52,0.41,183.0,0.51,614.85,0.4,504.0,0.52,419.0
2026-01-07 10:02:27.056000+00:00,2026-01-07 10:02:24.586940+00:00,147.056,0.54,0.53,0.55,0.45999999999999996,0.45,0.47,62.65,44.64,29.64,52.65,0.52,100.0,0.56,60.0,0.51,1710.81,0.57,45.0,0.5,1942.52,0.58,193.0,0.49,614.85,0.59,183.0,0.48,419.0,0.6,484.0,0.44,60.0,0.48,100.0,0.43,35.0,0.49,1720.81,0.42,193.0,0.5,1942.52,0.41,183.0,0.51,584.85,0.4,484.0,0.52,419.0
2026-01-07 10:02:28.026000+00:00,2026-01-07 10:02:25.591415+00:00,148.026,0.54,0.53,0.55,0.46499999999999997,0.46,0.47,130.0,24.34,5.0,110.0,0.52,180.0,0.56,80.0,0.51,1660.81,0.57,25.0,0.5,1942.52,0.58,193.0,0.49,614.85,0.59,183.0,0.48,419.0,0.6,484.0,0.45,69.34,0.48,205.0,0.44,55.0,0.49,1660.81,0.43,25.0,0.5,1952.52,0.42,183.0,0.51,614.85,0.41,183.0,0.52,419.0
2026-01-07 10:02:29.067000+00:00,2026-01-07 10:02:26.596657+00:00,149.067,0.535,0.53,0.54,0.45999999999999996,0.45,0.47,69.0,5.0,29.34,109.0,0.52,220.0,0.55,64.34,0.51,1645.81,0.56,45.0,0.5,1952.52,0.57,25.0,0.49,614.85,0.58,183.0,0.48,454.0,0.59,183.0,0.44,35.0,0.48,195.0,0.43,25.0,0.49,1625.81,0.42,183.0,0.5,1982.52,0.41,183.0,0.51,584.85,0.4,484.0,0.52,454.0
2026-01-07 10:02:30.076000+00:00,2026-01-07 10:02:27.621124+00:00,150.076,0.54,0.53,0.55,0.45999999999999996,0.45,0.47,107.83,24.34,24.34,52.83,0.52,215.0,0.56,75.0,0.51,1748.81,0.57,35.0,0.5,1982.52,0.58,183.0,0.49,639.85,0.59,183.0,0.48,439.0,0.6,484.0,0.44,45.0,0.48,195.0,0.43,15.0,0.49,1738.81,0.42,183.0,0.5,1982.52,0.41,183.0,0.51,569.85,0.4,484.0,0.52,479.0
2026-01-07 10:02:31.077000+00:00,2026-01-07 10:02:28.627657+00:00,151.077,0.535,0.53,0.54,0.47,0.46,0.48,36.23,10.0,10.0,135.0,0.52,135.0,0.55,84.34,0.51,1585.81,0.56,35.0,0.5,2002.52,0.57,15.0,0.49,569.85,0.58,183.0,0.48,479.0,0.59,253.0,0.45,84.34,0.49,1585.81,0.44,35.0,0.5,2002.52,0.43,15.0,0.51,569.85,0.42,183.0,0.52,479.0,0.41,253.0,0.53,389.0
2026-01-07 10:02:32.097000+00:00,2026-01-07 10:02:29.633228+00:00,152.097,0.53,0.52,0.54,0.47,0.46,0.48,205.0,75.0,20.0,200.0,0.51,1575.81,0.55,35.0,0.5,1992.52,0.56,4.7,0.49,569.85,0.57,15.0,0.48,409.0,0.58,253.0,0.47,444.0,0.59,253.0,0.45,25.0,0.49,1555.81,0.44,4.7,0.5,1982.52,0.43,15.0,0.51,569.85,0.42,253.0,0.52,409.0,0.41,273.0,0.53,444.0
2026-01-07 10:02:33.126000+00:00,2026-01-07 10:02:30.656780+00:00,153.126,0.535,0.53,0.54,0.455,0.45,0.46,75.0,20.0,15.0,30.0,0.52,65.0,0.55,15.0,0.51,1615.81,0.56,34.7,0.5,1799.52,0.57,198.0,0.49,518.85,0.58,183.0,0.48,424.0,0.59,394.0,0.44,4.7,0.47,90.0,0.43,198.0,0.48,132.0,0.42,193.0,0.49,1727.81,0.41,304.0,0.5,1976.52,0.4,414.0,0.51,584.85
2026-01-07 10:02:34.092000+00:00,2026-01-07 10:02:31.662623+00:00,154.092,0.545,0.54,0.55,0.455,0.45,0.46,130.0,1.16,1.16,95.0,0.53,115.0,0.56,9.7,0.52,263.0,0.57,15.0,0.51,1753.81,0.58,75.0,0.5,2017.52,0.59,193.0,0.49,604.85,0.6,293.0,0.44,14.7,0.47,125.0,0.43,45.0,0.48,263.0,0.42,30.0,0.49,1753.81,0.41,183.0,0.5,1967.52,0.4,293.0,0.51,639.85
2026-01-07 10:02:35.096000+00:00,2026-01-07 10:02:32.668744+00:00,155.096,0.545,0.54,0.55,0.455,0.45,0.46,75.0,11.16,11.16,75.0,0.53,145.0,0.56,69.7,0.52,303.0,0.57,45.0,0.51,1753.81,0.59,183.0,0.5,1967.52,0.6,293.0,0.49,639.85,0.61,539.64,0.44,54.7,0.47,150.0,0.43,45.0,0.48,303.0,0.41,183.0,0.49,1753.81,0.4,293.0,0.5,1967.52,0.39,539.64,0.51,639.85
2026-01-07 10:02:36.090000+00:00,2026-01-07 10:02:33.674595+00:00,156.09,0.53,0.52,0.54,0.47,0.46,0.48,70.0,10.0,10.0,70.0,0.51,1600.81,0.55,66.16,0.5,1784.52,0.56,24.7,0.49,569.85,0.57,198.0,0.48,494.0,0.58,183.0,0.47,404.0,0.59,183.0,0.45,66.16,0.49,1600.81,0.44,24.7,0.5,1784.52,0.43,198.0,0.51,569.85,0.42,183.0,0.52,494.0,0.41,183.0,0.53,404.0
2026-01-07 10:02:37.903000+00:00,2026-01-07 10:02:35.703495+00:00,157.903,0.535,0.53,0.54,0.46499999999999997,0.46,0.47,15.0,5.0,5.0,15.0,0.52,100.0,0.55,46.16,0.51,1555.81,0.56,44.7,0.5,1967.52,0.57,15.0,0.49,448.85,0.58,183.0,0.48,479.0,0.59,253.0,0.45,46.16,0.48,100.0,0.44,44.7,0.49,1555.81,0.43,15.0,0.5,1967.52,0.42,183.0,0.51,448.85,0.41,253.0,0.52,479.0
2026-01-07 10:02:39.026000+00:00,2026-01-07 10:02:36.708221+00:00,159.026,0.54,0.53,0.55,0.45999999999999996,0.45,0.47,5.0,46.16,46.16,5.0,0.52,100.0,0.56,44.7,0.51,1565.81,0.57,15.0,0.5,1967.52,0.58,183.0,0.49,448.85,0.59,253.0,0.48,479.0,0.6,484.0,0.44,44.7,0.48,100.0,0.43,15.0,0.49,1565.81,0.42,183.0,0.5,1967.52,0.41,253.0,0.51,448.85,0.4,484.0,0.52,479.0
2026-01-07 10:02:40.173000+00:00,2026-01-07 10:02:37.703397+00:00,160.173,0.53,0.52,0.54,0.47,0.46,0.48,120.0,30.0,30.0,120.0,0.51,1610.81,0.55,41.16,0.5,1977.52,0.56,24.7,0.49,448.85,0.57,137.0,0.48,479.0,0.58,183.0,0.47,404.0,0.59,253.0,0.45,41.16,0.49,1610.81,0.44,24.7,0.5,1977.52,0.43,137.0,0.51,448.85,0.42,183.0,0.52,479.0,0.41,253.0,0.53,404.0
2026-01-07 10:02:41.140000+00:00,2026-01-07 10:02:38.707193+00:00,161.14,0.515,0.51,0.52,0.485,0.48,0.49,1380.81,29.8,29.8,1380.81,0.5,1729.52,0.53,253.0,0.49,215.85,0.54,203.0,0.48,205.0,0.55,209.16,0.47,120.0,0.56,328.7,0.46,296.0,0.57,389.0,0.47,253.0,0.5,1729.52,0.46,203.0,0.51,215.85,0.45,209.16,0.52,65.0,0.44,328.7,0.53,120.0,0.43,389.0,0.54,296.0
2026-01-07 10:02:42.187000+00:00,2026-01-07 10:02:39.712990+00:00,162.187,0.515,0.51,0.52,0.475,0.47,0.48,1355.06,4.2,19.02,5.0,0.5,1724.52,0.53,20.0,0.49,170.85,0.54,223.0,0.48,35.0,0.55,239.16,0.47,190.0,0.56,328.7,0.46,366.0,0.57,389.0,0.46,233.0,0.49,1408.06,0.45,239.16,0.5,1709.52,0.44,328.7,0.51,160.85,0.43,389.0,0.52,35.0,0.42,374.0,0.53,260.0
2026-01-07 10:02:43.096000+00:00,2026-01-07 10:02:40.721243+00:00,163.096,0.54,0.53,0.55,0.46499999999999997,0.45,0.48,5.0,56.16,56.16,3.34,0.52,65.0,0.56,34.7,0.51,1467.06,0.57,198.0,0.5,1784.52,0.58,203.0,0.49,448.85,0.59,329.0,0.48,288.0,0.6,414.0,0.44,34.7,0.49,1467.06,0.43,198.0,0.5,1784.52,0.42,203.0,0.51,448.85,0.41,329.0,0.52,288.0,0.4,414.0,0.53,466.16
2026-01-07 10:02:44.015000+00:00,2026-01-07 10:02:41.741547+00:00,164.015,0.535,0.53,0.54,0.46499999999999997,0.46,0.47,117.87,26.38,26.38,117.87,0.52,120.0,0.55,26.16,0.51,1442.06,0.56,64.7,0.5,1942.52,0.57,35.0,0.49,448.85,0.58,183.0,0.48,479.0,0.59,309.0,0.45,26.16,0.48,120.0,0.44,64.7,0.49,1442.06,0.43,35.0,0.5,1942.52,0.42,183.0,0.51,448.85,0.41,309.0,0.52,479.0
2026-01-07 10:02:45.224000+00:00,2026-01-07 10:02:42.763679+00:00,165.224,0.535,0.53,0.54,0.46499999999999997,0.46,0.47,30.31,26.38,26.38,55.31,0.52,105.0,0.55,16.16,0.51,1600.06,0.56,4.7,0.5,1967.52,0.57,15.0,0.49,644.85,0.58,183.0,0.48,424.0,0.59,188.0,0.45,26.16,0.48,155.0,0.44,84.7,0.49,1610.06,0.43,15.0,0.5,1967.52,0.42,183.0,0.51,644.85,0.41,188.0,0.52,424.0
2026-01-07 10:02:46+00:00,2026-01-07 10:02:43.768217+00:00,166.0,0.535,0.53,0.54,0.46499999999999997,0.46,0.47,45.31,26.38,26.38,45.31,0.52,348.0,0.55,36.16,0.51,1620.06,0.56,74.7,0.5,2088.52,0.57,15.0,0.49,644.85,0.59,188.0,0.48,424.0,0.6,313.0,0.45,36.16,0.48,313.0,0.44,74.7,0.49,1610.06,0.43,15.0,0.5,2053.52,0.41,188.0,0.51,644.85,0.4,313.0,0.52,389.0
2026-01-07 10:02:47.229000+00:00,2026-01-07 10:02:44.757360+00:00,167.229,0.535,0.53,0.54,0.46499999999999997,0.46,0.47,30.31,31.38,31.38,30.31,0.52,293.0,0.55,71.16,0.51,1665.06,0.56,34.7,0.5,2063.52,0.57,15.0,0.49,644.85,0.59,188.0,0.48,424.0,0.6,293.0,0.45,71.16,0.48,298.0,0.44,34.7,0.49,1665.06,0.43,15.0,0.5,2063.52,0.42,70.0,0.51,644.85,0.41,258.0,0.52,424.0
2026-01-07 10:02:48.153000+00:00,2026-01-07 10:02:45.762865+00:00,168.153,0.53,0.52,0.54,0.47,0.46,0.48,288.0,56.38,56.38,288.0,0.51,1675.06,0.55,76.16,0.5,2063.52,0.56,24.7,0.49,644.85,0.57,85.0,0.48,424.0,0.58,70.0,0.47,461.16,0.59,258.0,0.45,76.16,0.49,1675.06,0.44,24.7,0.5,2063.52,0.43,85.0,0.51,644.85,0.42,70.0,0.52,424.0,0.41,258.0,0.53,461.16
2026-01-07 10:02:49.239000+00:00,2026-01-07 10:02:46.770868+00:00,169.239,0.535,0.53,0.54,0.46499999999999997,0.46,0.47,9.46,116.38,101.38,9.46,0.52,70.0,0.55,26.16,0.51,1630.06,0.56,4.7,0.5,2123.52,0.57,85.0,0.49,584.85,0.58,192.0,0.48,479.0,0.59,258.0,0.45,46.16,0.48,70.0,0.44,74.7,0.49,1650.06,0.43,85.0,0.5,2103.52,0.42,192.0,0.51,574.85,0.41,258.0,0.52,479.0
2026-01-07 10:02:50.164000+00:00,2026-01-07 10:02:47.795691+00:00,170.164,0.535,0.53,0.54,0.46499999999999997,0.46,0.47,14.46,76.38,76.38,14.46,0.52,75.0,0.55,71.16,0.51,1670.06,0.56,74.7,0.5,2103.52,0.57,85.0,0.49,574.85,0.58,253.0,0.48,479.0,0.59,258.0,0.45,71.16,0.48,90.0,0.44,74.7,0.49,1670.06,0.43,85.0,0.5,2093.52,0.42,253.0,0.51,574.85,0.41,258.0,0.52,479.0
2026-01-07 10:02:51.103000+00:00,2026-01-07 10:02:48.800723+00:00,171.103,0.535,0.53,0.54,0.46499999999999997,0.46,0.47,7.33,58.54,58.54,7.33,0.52,80.0,0.55,71.16,0.51,1512.06,0.56,94.7,0.5,2073.52,0.57,85.0,0.49,574.85,0.58,253.0,0.48,479.0,0.59,258.0,0.45,71.16,0.48,80.0,0.44,94.7,0.49,1512.06,0.43,85.0,0.5,2073.52,0.42,253.0,0.51,574.85,0.41,258.0,0.52,479.0
2026-01-07 10:02:52.104000+00:00,2026-01-07 10:02:49.788966+00:00,172.104,0.535,0.53,0.54,0.46499999999999997,0.46,0.47,12.33,56.48,56.48,12.33,0.52,145.0,0.55,71.16,0.51,1492.06,0.56,94.7,0.5,2063.52,0.57,85.0,0.49,574.85,0.58,253.0,0.48,479.0,0.59,258.0,0.45,71.16,0.48,145.0,0.44,94.7,0.49,1492.06,0.43,85.0,0.5,2063.52,0.42,253.0,0.51,574.85,0.41,258.0,0.52,479.0
2026-01-07 10:02:53.247000+00:00,2026-01-07 10:02:50.796261+00:00,173.247,0.535,0.53,0.54,0.46499999999999997,0.46,0.47,137.33,7.77,5.0,153.33,0.52,165.0,0.55,21.16,0.51,1610.06,0.56,124.7,0.5,2088.52,0.57,115.0,0.49,644.85,0.58,253.0,0.48,439.0,0.59,258.0,0.45,11.16,0.48,165.0,0.44,124.7,0.49,1610.06,0.43,115.0,0.5,2088.52,0.42,253.0,0.51,644.85,0.41,258.0,0.52,439.0
2026-01-07 10:02:54.231000+00:00,2026-01-07 10:02:51.802197+00:00,174.231,0.535,0.53,0.54,0.46499999999999997,0.46,0.47,99.76,3.11,3.11,115.0,0.52,165.0,0.55,11.16,0.51,1610.06,0.56,124.7,0.5,2088.52,0.57,115.0,0.49,644.85,0.58,70.0,0.48,439.0,0.59,258.0,0.45,6.16,0.48,155.0,0.44,84.7,0.49,1610.06,0.43,85.0,0.5,2088.52,0.42,70.0,0.51,644.85,0.41,258.0,0.52,439.0
2026-01-07 10:02:55.268000+00:00,2026-01-07 10:02:52.809251+00:00,175.268,0.535,0.53,0.54,0.46499999999999997,0.46,0.47,327.0,0.27,0.27,388.0,0.52,343.0,0.55,1.16,0.51,1816.06,0.56,9.7,0.5,2103.52,0.57,60.0,0.49,619.85,0.58,40.0,0.48,389.0,0.59,5.0,0.45,1.16,0.48,343.0,0.44,9.7,0.49,1816.06,0.43,60.0,0.5,2103.52,0.42,40.0,0.51,619.85,0.41,5.0,0.52,389.0
2026-01-07 10:02:56.280000+00:00,2026-01-07 10:02:53.815731+00:00,176.28,0.545,0.54,0.55,0.455,0.45,0.46,65.0,1.16,1.16,65.0,0.53,307.0,0.56,9.7,0.52,439.0,0.57,75.0,0.51,1816.06,0.58,40.0,0.5,2118.52,0.59,5.0,0.49,569.85,0.6,110.0,0.44,9.7,0.47,307.0,0.43,75.0,0.48,439.0,0.42,40.0,0.49,1816.06,0.41,5.0,0.5,2118.52,0.4,110.0,0.51,554.85
2026-01-07 10:02:57.300000+00:00,2026-01-07 10:02:54.833452+00:00,177.3,0.545,0.54,0.55,0.455,0.45,0.46,243.0,6.16,1.16,247.0,0.53,307.0,0.56,49.7,0.52,439.0,0.57,35.0,0.51,1816.06,0.58,20.0,0.5,2133.52,0.59,5.0,0.49,554.85,0.6,110.0,0.44,14.7,0.47,273.0,0.43,15.0,0.48,489.0,0.41,5.0,0.49,1761.06,0.4,110.0,0.5,2133.52,0.39,235.64,0.51,554.85
2026-01-07 10:02:58.331000+00:00,2026-01-07 10:02:55.859823+00:00,178.331,0.555,0.55,0.56,0.435,0.43,0.44,286.84,4.7,20.0,128.3,0.54,579.0,0.57,20.0,0.53,479.0,0.58,45.0,0.52,439.0,0.59,60.0,0.51,1761.06,0.6,140.0,0.5,2167.52,0.61,165.64,0.42,45.0,0.45,286.84,0.41,60.0,0.46,579.0,0.4,140.0,0.47,514.0,0.39,165.64,0.48,454.0,0.38,90.0,0.49,1726.06
2026-01-07 10:02:59.244000+00:00,2026-01-07 10:02:56.868012+00:00,179.244,0.575,0.57,0.58,0.425,0.42,0.43,173.0,35.0,35.0,173.0,0.56,238.3,0.59,95.0,0.55,362.84,0.6,150.0,0.54,504.0,0.61,165.64,0.53,454.0,0.62,90.0,0.52,424.0,0.63,145.0,0.41,95.0,0.44,238.3,0.4,150.0,0.45,362.84,0.39,165.64,0.46,504.0,0.38,90.0,0.47,454.0,0.37,145.0,0.48,424.0
2026-01-07 10:03:00.359000+00:00,2026-01-07 10:02:57.888711+00:00,180.359,0.575,0.57,0.58,0.425,0.42,0.43,154.44,20.0,55.0,154.44,0.56,258.3,0.59,60.0,0.55,342.84,0.6,140.0,0.54,504.0,0.61,165.64,0.53,454.0,0.62,160.0,0.52,424.0,0.63,145.0,0.41,70.0,0.44,258.3,0.4,130.0,0.45,424.7,0.39,235.64,0.46,424.0,0.38,160.0,0.47,454.0,0.37,145.0,0.48,424.0
2026-01-07 10:03:01.365000+00:00,2026-01-07 10:02:58.894874+00:00,181.365,0.565,0.56,0.57,0.435,0.43,0.44,213.3,85.0,105.0,35.0,0.55,317.84,0.58,130.0,0.54,444.0,0.59,5.0,0.53,534.0,0.6,110.0,0.52,424.0,0.61,235.64,0.51,1756.06,0.62,282.0,0.42,75.0,0.45,196.84,0.41,5.0,0.46,434.0,0.4,110.0,0.47,554.0,0.39,235.64,0.48,424.0,0.38,282.0,0.49,1756.06
2026-01-07 10:03:02.350000+00:00,2026-01-07 10:02:59.917750+00:00,182.35,0.565,0.56,0.57,0.435,0.43,0.44,154.72,15.0,15.0,215.72,0.55,266.84,0.58,75.0,0.54,444.0,0.59,15.0,0.53,544.0,0.6,180.0,0.52,454.0,0.61,235.64,0.51,1726.06,0.62,343.0,0.42,75.0,0.45,261.84,0.41,15.0,0.46,444.0,0.4,180.0,0.47,524.0,0.39,235.64,0.48,454.0,0.38,160.0,0.49,1726.06
2026-01-07 10:03:03.387000+00:00,2026-01-07 10:03:00.924507+00:00,183.387,0.565,0.56,0.57,0.435,0.43,0.44,270.72,15.0,15.0,255.72,0.55,316.84,0.58,40.0,0.54,504.0,0.59,55.0,0.53,424.0,0.6,180.0,0.52,454.0,0.61,235.64,0.51,1726.06,0.62,160.0,0.42,5.0,0.45,321.84,0.41,65.0,0.46,504.0,0.4,200.0,0.47,454.0,0.39,235.64,0.48,424.0,0.38,160.0,0.49,1726.06
2026-01-07 10:03:04.383000+00:00,2026-01-07 10:03:01.931589+00:00,184.383,0.565,0.56,0.57,0.435,0.43,0.44,215.72,96.0,111.0,215.72,0.55,271.84,0.58,40.0,0.54,449.0,0.59,15.0,0.53,524.0,0.6,180.0,0.52,424.0,0.61,235.64,0.51,1756.06,0.62,160.0,0.42,30.0,0.45,271.84,0.41,15.0,0.46,459.0,0.4,180.0,0.47,524.0,0.39,235.64,0.48,424.0,0.38,160.0,0.49,1756.06
2026-01-07 10:03:05.390000+00:00,2026-01-07 10:03:02.940691+00:00,185.39,0.555,0.55,0.56,0.445,0.44,0.45,241.84,15.0,15.0,362.84,0.54,444.0,0.57,31.0,0.53,514.0,0.58,65.0,0.52,469.0,0.59,25.0,0.51,1761.06,0.6,180.0,0.5,2048.52,0.61,235.64,0.43,31.0,0.46,524.0,0.42,65.0,0.47,484.0,0.41,25.0,0.48,454.0,0.4,110.0,0.49,1761.06,0.39,165.64,0.5,2048.52
2026-01-07 10:03:06.346000+00:00,2026-01-07 10:03:03.946287+00:00,186.346,0.575,0.57,0.58,0.425,0.42,0.43,162.0,5.0,5.0,167.0,0.56,218.0,0.59,60.0,0.55,452.84,0.6,140.0,0.54,494.0,0.61,165.64,0.53,439.0,0.62,160.0,0.52,454.0,0.63,328.0,0.41,60.0,0.44,218.0,0.4,140.0,0.45,452.84,0.39,165.64,0.46,494.0,0.38,160.0,0.47,439.0,0.37,328.0,0.48,454.0
2026-01-07 10:03:07.422000+00:00,2026-01-07 10:03:04.952898+00:00,187.422,0.575,0.57,0.58,0.425,0.42,0.43,162.0,40.0,30.0,162.0,0.56,208.0,0.59,60.0,0.55,427.84,0.6,120.0,0.54,449.0,0.61,165.64,0.53,479.0,0.62,160.0,0.52,454.0,0.63,328.0,0.41,60.0,0.44,208.0,0.4,120.0,0.45,427.84,0.39,165.64,0.46,534.0,0.38,160.0,0.47,439.0,0.37,328.0,0.48,454.0
2026-01-07 10:03:08.362000+00:00,2026-01-07 10:03:05.963444+00:00,188.362,0.575,0.57,0.58,0.425,0.42,0.43,157.0,30.0,10.0,157.0,0.56,278.0,0.59,60.0,0.55,402.84,0.6,120.0,0.54,449.0,0.61,235.64,0.53,494.0,0.62,165.0,0.52,454.0,0.63,328.0,0.41,75.0,0.44,293.0,0.4,120.0,0.45,412.84,0.39,235.64,0.46,464.0,0.38,165.0,0.47,494.0,0.37,328.0,0.48,454.0
2026-01-07 10:03:09.368000+00:00,2026-01-07 10:03:06.983246+00:00,189.368,0.575,0.57,0.58,0.425,0.42,0.43,147.54,10.0,10.0,147.54,0.56,293.0,0.59,85.0,0.55,412.84,0.6,110.0,0.54,449.0,0.61,235.64,0.53,494.0,0.62,165.0,0.52,454.0,0.63,328.0,0.41,85.0,0.44,293.0,0.4,110.0,0.45,412.84,0.39,235.64,0.46,449.0,0.38,165.0,0.47,494.0,0.37,328.0,0.48,454.0
2026-01-07 10:03:10.439000+00:00,2026-01-07 10:03:07.972918+00:00,190.439,0.565,0.56,0.57,0.445,0.44,0.45,168.0,40.0,15.0,35.0,0.55,357.84,0.58,110.0,0.54,324.0,0.59,170.0,0.53,419.0,0.6,302.0,0.52,409.0,0.61,357.64,0.51,1866.06,0.62,287.0,0.43,170.0,0.46,30.0,0.42,95.0,0.47,338.0,0.41,150.0,0.48,419.0,0.4,302.0,0.49,1866.06,0.39,418.64,0.5,2083.52
2026-01-07 10:03:11.384000+00:00,2026-01-07 10:03:08.992368+00:00,191.384,0.535,0.53,0.54,0.475,0.47,0.48,55.0,15.0,35.0,223.0,0.52,243.0,0.55,35.0,0.51,1716.06,0.56,90.0,0.5,2103.52,0.57,95.0,0.49,589.85,0.58,75.0,0.48,468.0,0.59,253.0,0.46,15.0,0.49,1701.06,0.45,135.0,0.5,2038.52,0.44,15.0,0.51,504.85,0.43,287.0,0.52,439.0,0.42,197.0,0.53,334.0
2026-01-07 10:03:12.464000+00:00,2026-01-07 10:03:09.999778+00:00,192.464,0.515,0.51,0.52,0.485,0.48,0.49,1307.06,25.0,20.0,1499.06,0.5,1734.52,0.53,100.0,0.49,215.85,0.54,45.0,0.48,263.0,0.55,207.0,0.47,339.0,0.56,268.0,0.46,432.0,0.57,389.0,0.47,45.0,0.5,1891.52,0.46,15.0,0.51,528.85,0.45,203.0,0.52,399.0,0.44,273.0,0.53,339.0,0.43,329.0,0.54,357.0
2026-01-07 10:03:13.471000+00:00,2026-01-07 10:03:11.005688+00:00,193.471,0.535,0.53,0.54,0.46499999999999997,0.46,0.47,40.0,15.0,15.0,120.0,0.52,105.0,0.55,76.0,0.51,1500.06,0.56,20.0,0.5,1982.52,0.57,90.0,0.49,564.85,0.58,193.0,0.48,439.0,0.59,263.0,0.45,76.0,0.48,40.0,0.44,20.0,0.49,1525.06,0.43,90.0,0.5,1982.52,0.42,193.0,0.51,564.85,0.41,263.0,0.52,404.0
2026-01-07 10:03:14.477000+00:00,2026-01-07 10:03:12.024578+00:00,194.477,0.535,0.53,0.54,0.46499999999999997,0.46,0.47,100.0,15.0,15.0,100.0,0.52,30.0,0.55,20.0,0.51,1630.06,0.56,80.0,0.5,2052.52,0.57,25.0,0.49,634.85,0.58,10.0,0.48,404.0,0.59,253.0,0.45,20.0,0.48,30.0,0.44,80.0,0.49,1715.06,0.43,25.0,0.5,1997.52,0.42,10.0,0.51,634.85,0.41,183.0,0.52,404.0
2026-01-07 10:03:15.388000+00:00,2026-01-07 10:03:13.030965+00:00,195.388,0.535,0.53,0.54,0.46499999999999997,0.46,0.47,248.16,15.0,15.0,238.16,0.52,313.0,0.55,20.0,0.51,1806.06,0.56,70.0,0.5,2148.52,0.57,70.0,0.49,604.85,0.58,20.0,0.48,404.0,0.6,115.4,0.45,20.0,0.48,313.0,0.44,70.0,0.49,1806.06,0.43,70.0,0.5,2148.52,0.42,20.0,0.51,604.85,0.4,115.4,0.52,404.0
2026-01-07 10:03:16.510000+00:00,2026-01-07 10:03:14.036250+00:00,196.51,0.535,0.53,0.54,0.46499999999999997,0.46,0.47,268.16,15.0,15.0,278.16,0.52,398.0,0.55,20.0,0.51,1751.06,0.56,70.0,0.5,2148.52,0.57,80.0,0.49,604.85,0.58,10.0,0.48,453.0,0.59,5.4,0.45,15.0,0.48,358.0,0.44,20.0,0.49,1771.06,0.43,95.0,0.5,2118.52,0.42,40.0,0.51,604.85,0.4,110.0,0.52,453.0
2026-01-07 10:03:17.473000+00:00,2026-01-07 10:03:15.039210+00:00,197.473,0.545,0.54,0.55,0.455,0.45,0.46,248.0,15.0,15.0,218.0,0.53,328.98,0.56,50.0,0.52,414.0,0.57,50.0,0.51,1771.06,0.58,55.0,0.5,2118.52,0.59,10.0,0.49,624.85,0.6,110.0,0.44,50.0,0.47,323.98,0.43,50.0,0.48,414.0,0.42,55.0,0.49,1771.06,0.41,10.0,0.5,2118.52,0.4,110.0,0.51,624.85
2026-01-07 10:03:18.516000+00:00,2026-01-07 10:03:16.045560+00:00,198.516,0.545,0.54,0.55,0.455,0.45,0.46,248.0,15.0,15.0,213.0,0.53,333.98,0.56,50.0,0.52,424.0,0.57,85.0,0.51,1771.06,0.58,30.0,0.5,2118.52,0.59,70.0,0.49,624.85,0.6,180.0,0.44,50.0,0.47,333.98,0.43,85.0,0.48,454.0,0.42,30.0,0.49,1741.06,0.41,70.0,0.5,2118.52,0.4,180.0,0.51,624.85
2026-01-07 10:03:19.418000+00:00,2026-01-07 10:03:17.050458+00:00,199.418,0.545,0.54,0.55,0.455,0.45,0.46,228.0,15.0,15.0,228.0,0.53,343.98,0.56,65.0,0.52,454.0,0.57,80.0,0.51,1761.06,0.58,20.0,0.5,2118.52,0.59,70.0,0.49,624.85,0.6,180.0,0.44,65.0,0.47,343.98,0.43,80.0,0.48,454.0,0.42,20.0,0.49,1761.06,0.41,70.0,0.5,2118.52,0.4,180.0,0.51,624.85
2026-01-07 10:03:20.442000+00:00,2026-01-07 10:03:18.055457+00:00,200.442,0.545,0.54,0.55,0.455,0.45,0.46,188.0,20.0,20.0,181.3,0.53,308.98,0.56,115.0,0.52,454.0,0.57,45.0,0.51,1781.06,0.59,70.0,0.5,2138.52,0.6,180.0,0.49,624.85,0.61,235.64,0.44,115.0,0.47,308.98,0.43,45.0,0.48,454.0,0.41,70.0,0.49,1781.06,0.4,180.0,0.5,2138.52,0.39,235.64,0.51,624.85
2026-01-07 10:03:21.524000+00:00,2026-01-07 10:03:19.061647+00:00,201.524,0.545,0.54,0.55,0.455,0.45,0.46,176.3,20.0,20.0,176.3,0.53,308.98,0.56,115.0,0.52,454.0,0.57,35.0,0.51,1781.06,0.58,70.0,0.5,2138.52,0.59,70.0,0.49,624.85,0.6,180.0,0.44,125.0,0.47,308.98,0.43,35.0,0.48,454.0,0.42,70.0,0.49,1781.06,0.41,70.0,0.5,2138.52,0.4,180.0,0.51,624.85
2026-01-07 10:03:22.361000+00:00,2026-01-07 10:03:20.070648+00:00,202.361,0.545,0.54,0.55,0.455,0.45,0.46,182.3,95.0,95.0,182.3,0.53,213.98,0.56,80.0,0.52,494.0,0.57,25.0,0.51,1811.06,0.58,70.0,0.5,2118.52,0.59,70.0,0.49,644.85,0.6,180.0,0.44,80.0,0.47,213.98,0.43,25.0,0.48,494.0,0.42,70.0,0.49,1811.06,0.41,70.0,0.5,2118.52,0.4,180.0,0.51,644.85
2026-01-07 10:03:23.508000+00:00,2026-01-07 10:03:21.061028+00:00,203.508,0.555,0.55,0.56,0.445,0.44,0.45,5.0,55.0,55.0,5.0,0.54,415.56,0.57,90.0,0.53,374.98,0.58,90.0,0.52,469.0,0.59,70.0,0.51,1761.06,0.6,180.0,0.5,2078.52,0.61,241.14,0.43,80.0,0.46,415.56,0.42,90.0,0.47,374.98,0.41,70.0,0.48,469.0,0.4,180.0,0.49,1761.06,0.39,235.64,0.5,2078.52
2026-01-07 10:03:24.531000+00:00,2026-01-07 10:03:22.068463+00:00,204.531,0.585,0.58,0.59,0.415,0.41,0.42,148.53,55.0,45.0,128.53,0.57,90.0,0.6,170.0,0.56,378.0,0.61,165.64,0.55,539.5,0.62,90.0,0.54,486.56,0.63,263.6,0.53,379.98,0.64,263.6,0.4,170.0,0.43,90.0,0.39,165.64,0.44,439.0,0.38,90.0,0.45,469.5,0.37,258.0,0.46,476.56,0.36,263.6,0.47,379.98
2026-01-07 10:03:25.553000+00:00,2026-01-07 10:03:23.089727+00:00,205.553,0.595,0.59,0.6,0.405,0.4,0.41,127.0,110.0,95.0,178.0,0.58,128.95,0.61,245.64,0.57,344.0,0.62,90.0,0.56,369.0,0.63,75.0,0.55,394.0,0.64,267.0,0.54,381.56,0.65,267.0,0.39,245.64,0.42,133.95,0.38,90.0,0.43,389.0,0.37,75.0,0.44,369.0,0.36,197.0,0.45,394.0,0.35,197.0,0.46,381.56
2026-01-07 10:03:26.564000+00:00,2026-01-07 10:03:24.097700+00:00,206.564,0.595,0.59,0.6,0.395,0.39,0.4,302.0,4.75,63.39,142.0,0.58,363.95,0.61,165.64,0.57,464.0,0.62,125.0,0.56,449.0,0.63,115.0,0.55,585.0,0.64,75.0,0.54,381.56,0.65,75.0,0.38,125.0,0.41,287.0,0.37,115.0,0.42,283.95,0.36,75.0,0.43,464.0,0.35,75.0,0.44,449.0,0.34,75.0,0.45,505.0
2026-01-07 10:03:27.586000+00:00,2026-01-07 10:03:25.117812+00:00,207.586,0.615,0.61,0.62,0.365,0.36,0.37,5.0,9.0,90.0,63.0,0.6,484.0,0.63,75.0,0.59,308.0,0.64,75.0,0.58,389.95,0.65,75.0,0.57,474.0,0.66,75.0,0.56,565.0,0.67,85.0,0.35,75.0,0.38,61.0,0.34,75.0,0.39,181.0,0.33,85.0,0.4,469.0,0.32,86.75,0.41,308.0,0.31,81.1,0.42,389.95
2026-01-07 10:03:28.538000+00:00,2026-01-07 10:03:26.123657+00:00,208.538,0.645,0.64,0.65,0.355,0.35,0.36,79.83,15.0,15.0,226.83,0.63,281.77,0.66,40.0,0.62,262.0,0.67,10.0,0.61,186.0,0.68,5.75,0.6,487.0,0.7,16.0,0.59,373.0,0.71,183.0,0.34,20.0,0.37,256.77,0.33,10.0,0.38,262.0,0.32,5.75,0.39,186.0,0.3,16.0,0.4,487.0,0.29,183.0,0.41,393.0
2026-01-07 10:03:29.488000+00:00,2026-01-07 10:03:27.128327+00:00,209.488,0.655,0.65,0.66,0.345,0.34,0.35,142.0,35.0,35.0,203.0,0.64,387.88,0.67,30.0,0.63,332.77,0.68,5.75,0.62,267.0,0.7,16.0,0.61,231.0,0.71,183.0,0.6,449.0,0.72,189.4,0.33,30.0,0.36,372.88,0.32,5.75,0.37,332.77,0.3,16.0,0.38,267.0,0.28,189.4,0.39,231.0,0.27,189.6,0.4,449.0
2026-01-07 10:03:30.622000+00:00,2026-01-07 10:03:28.134971+00:00,210.622,0.675,0.67,0.68,0.305,0.3,0.31,153.17,5.75,16.0,136.85,0.66,479.0,0.7,16.0,0.65,564.0,0.71,5.0,0.64,566.88,0.72,25.0,0.63,720.77,0.73,60.0,0.62,397.0,0.74,5.0,0.29,5.0,0.32,126.25,0.28,25.0,0.33,289.17,0.27,60.0,0.34,513.0,0.26,5.0,0.35,564.0,0.25,198.0,0.36,417.88
2026-01-07 10:03:31.581000+00:00,2026-01-07 10:03:29.139818+00:00,211.581,0.715,0.71,0.72,0.28500000000000003,0.28,0.29,213.0,29.23,29.23,298.0,0.7,282.43,0.73,50.0,0.69,345.85,0.75,15.0,0.68,349.13,0.76,15.0,0.67,496.17,0.77,7.3,0.66,439.0,0.78,190.6,0.27,50.0,0.3,282.43,0.25,15.0,0.31,345.85,0.24,15.0,0.32,349.13,0.23,7.3,0.33,496.17,0.22,190.6,0.34,439.0
2026-01-07 10:03:32.616000+00:00,2026-01-07 10:03:30.145472+00:00,212.616,0.725,0.72,0.73,0.275,0.27,0.28,9.82,95.0,95.0,9.82,0.71,90.0,0.74,15.0,0.7,312.43,0.75,15.0,0.69,360.85,0.76,144.1,0.68,319.13,0.77,190.3,0.67,370.17,0.78,260.6,0.26,15.0,0.29,25.0,0.25,15.0,0.3,312.43,0.24,205.1,0.31,345.85,0.23,190.3,0.32,339.13,0.22,260.6,0.33,380.17
2026-01-07 10:03:33.614000+00:00,2026-01-07 10:03:31.149313+00:00,213.614,0.685,0.68,0.69,0.315,0.31,0.32,389.13,10.0,10.0,61.38,0.67,345.17,0.7,25.0,0.66,369.0,0.71,33.0,0.65,389.0,0.72,15.0,0.64,372.88,0.73,85.0,0.63,374.77,0.74,207.0,0.3,10.0,0.33,345.17,0.28,15.0,0.34,359.0,0.27,85.0,0.35,334.0,0.26,274.8,0.36,372.88,0.25,274.9,0.37,374.77
2026-01-07 10:03:34.633000+00:00,2026-01-07 10:03:32.171037+00:00,214.633,0.715,0.71,0.72,0.28500000000000003,0.28,0.29,153.0,27.0,22.0,215.0,0.7,227.0,0.73,30.0,0.69,344.0,0.74,45.0,0.68,339.88,0.75,15.0,0.67,410.17,0.76,260.1,0.66,404.0,0.77,260.3,0.27,25.0,0.3,278.0,0.26,45.0,0.31,344.0,0.25,35.0,0.32,339.88,0.24,77.1,0.33,410.17,0.23,260.3,0.34,404.0
2026-01-07 10:03:35.633000+00:00,2026-01-07 10:03:33.177823+00:00,215.633,0.715,0.71,0.72,0.28500000000000003,0.28,0.29,308.55,11.8,11.8,369.55,0.7,434.0,0.73,5.0,0.69,404.0,0.74,35.0,0.68,499.88,0.75,55.0,0.67,400.17,0.76,25.0,0.66,513.0,0.77,15.24,0.27,5.0,0.3,434.0,0.26,35.0,0.31,404.0,0.25,55.0,0.32,499.88,0.24,25.0,0.33,400.17,0.23,15.24,0.34,513.0
2026-01-07 10:03:36.524000+00:00,2026-01-07 10:03:34.198472+00:00,216.524,0.735,0.73,0.74,0.265,0.26,0.27,119.81,10.0,10.0,146.36,0.72,97.03,0.75,40.0,0.71,243.0,0.76,35.0,0.7,344.0,0.77,35.24,0.69,414.0,0.78,190.6,0.68,409.88,0.79,190.8,0.25,40.0,0.28,70.0,0.24,35.0,0.29,243.0,0.23,27.3,0.3,344.0,0.22,19.4,0.31,414.0,0.21,190.8,0.32,409.88
2026-01-07 10:03:37.672000+00:00,2026-01-07 10:03:35.205158+00:00,217.672,0.745,0.74,0.75,0.25,0.24,0.26,45.0,10.0,25.0,172.0,0.73,353.36,0.76,15.0,0.72,414.0,0.77,30.0,0.71,484.0,0.78,32.6,0.7,404.0,0.79,30.74,0.69,485.0,0.8,306.1,0.23,40.0,0.27,429.36,0.22,27.6,0.28,414.0,0.21,22.8,0.29,484.0,0.2,134.9,0.3,414.0,0.19,191.4,0.31,485.0
2026-01-07 10:03:38.673000+00:00,2026-01-07 10:03:36.209938+00:00,218.673,0.755,0.75,0.76,0.245,0.24,0.25,159.7,7.68,1.71,184.7,0.74,238.0,0.77,40.0,0.73,317.81,0.78,20.0,0.72,414.0,0.79,32.8,0.71,414.0,0.8,123.1,0.7,404.0,0.81,199.34,0.23,40.0,0.26,243.0,0.22,30.0,0.27,317.81,0.21,32.8,0.28,414.0,0.2,123.1,0.29,414.0,0.19,199.34,0.3,404.0
2026-01-07 10:03:39.723000+00:00,2026-01-07 10:03:37.227568+00:00,219.723,0.795,0.79,0.8,0.195,0.19,0.2,159.9,57.62,15.0,89.38,0.78,334.0,0.81,15.0,0.77,444.85,0.82,22.94,0.76,339.0,0.83,38.53,0.75,438.7,0.84,171.69,0.74,414.0,0.85,192.28,0.18,15.0,0.21,189.9,0.17,38.53,0.22,334.0,0.16,171.69,0.23,444.85,0.15,192.28,0.24,339.0,0.14,266.97,0.25,448.7
2026-01-07 10:03:40.685000+00:00,2026-01-07 10:03:38.232500+00:00,220.685,0.825,0.82,0.83,0.175,0.17,0.18,35.0,221.53,23.53,35.0,0.81,142.0,0.84,238.0,0.8,283.0,0.85,238.28,0.79,242.0,0.86,387.97,0.78,459.55,0.87,382.36,0.77,359.85,0.88,399.19,0.16,25.0,0.19,127.0,0.15,70.28,0.2,320.11,0.14,266.97,0.21,293.0,0.13,269.3,0.22,459.55,0.12,387.39,0.23,349.85
2026-01-07 10:03:41.697000+00:00,2026-01-07 10:03:39.236723+00:00,221.697,0.84,0.83,0.85,0.155,0.15,0.16,141.55,65.28,90.28,20.0,0.82,231.18,0.86,102.5,0.81,81.0,0.87,269.3,0.8,405.11,0.88,266.39,0.79,424.0,0.89,231.02,0.78,813.0,0.9,415.48,0.14,102.5,0.17,95.0,0.13,269.3,0.18,259.88,0.12,266.39,0.19,81.0,0.11,231.02,0.2,445.11,0.1,415.48,0.21,424.0
2026-01-07 10:03:42.711000+00:00,2026-01-07 10:03:40.242742+00:00,222.711,0.83,0.82,0.84,0.175,0.17,0.18,18.18,111.54,15.0,18.18,0.81,85.0,0.85,272.28,0.8,77.11,0.86,295.5,0.79,259.55,0.87,246.36,0.78,404.0,0.88,372.39,0.77,330.85,0.89,352.02,0.16,47.23,0.19,85.0,0.15,253.28,0.2,77.11,0.14,280.5,0.21,76.55,0.13,246.36,0.22,283.0,0.12,372.39,0.23,330.85
2026-01-07 10:03:43.714000+00:00,2026-01-07 10:03:41.250113+00:00,223.714,0.805,0.8,0.81,0.195,0.19,0.2,62.11,21.37,16.37,62.11,0.79,55.0,0.82,30.0,0.78,218.0,0.83,14.19,0.77,433.44,0.84,195.66,0.76,344.0,0.85,248.28,0.75,330.0,0.86,270.5,0.18,30.0,0.21,85.0,0.17,14.19,0.22,218.0,0.16,195.66,0.23,433.44,0.15,248.28,0.24,344.0,0.14,270.5,0.25,330.0
2026-01-07 10:03:44.709000+00:00,2026-01-07 10:03:42.255464+00:00,224.709,0.805,0.8,0.81,0.195,0.19,0.2,47.11,8.06,7.04,137.11,0.79,85.0,0.82,48.8,0.78,100.0,0.83,9.19,0.77,74.44,0.84,275.66,0.76,334.0,0.85,318.28,0.75,330.0,0.86,340.5,0.18,8.8,0.21,30.0,0.17,24.19,0.22,182.0,0.16,200.66,0.23,269.85,0.15,238.28,0.24,334.0,0.14,270.5,0.25,330.0
2026-01-07 10:03:45.735000+00:00,2026-01-07 10:03:43.264126+00:00,225.735,0.835,0.83,0.84,0.165,0.16,0.17,185.0,17.66,17.48,140.0,0.82,130.0,0.85,55.28,0.81,443.0,0.86,92.5,0.8,330.11,0.87,73.36,0.79,404.0,0.88,261.39,0.78,404.0,0.89,231.02,0.15,60.28,0.18,112.59,0.14,112.5,0.19,363.0,0.13,195.36,0.2,330.11,0.12,251.39,0.21,404.0,0.11,271.02,0.22,404.0
2026-01-07 10:03:46.736000+00:00,2026-01-07 10:03:44.271451+00:00,226.736,0.835,0.83,0.84,0.16,0.15,0.17,60.0,15.0,70.28,100.0,0.82,70.0,0.85,70.28,0.81,180.0,0.86,112.5,0.8,269.11,0.87,256.36,0.79,283.0,0.88,251.39,0.78,404.0,0.89,261.02,0.14,97.5,0.18,90.0,0.13,251.36,0.19,180.0,0.12,251.39,0.2,269.11,0.11,231.02,0.21,283.0,0.1,420.48,0.22,404.0
2026-01-07 10:03:47.740000+00:00,2026-01-07 10:03:45.276214+00:00,227.74,0.835,0.83,0.84,0.165,0.16,0.17,239.11,9.69,5.0,234.11,0.82,312.0,0.85,55.28,0.81,382.0,0.86,87.5,0.8,451.11,0.87,246.36,0.79,404.0,0.88,262.29,0.78,453.0,0.89,241.02,0.15,50.09,0.18,322.0,0.14,112.5,0.19,382.0,0.13,261.36,0.2,451.11,0.12,251.39,0.21,404.0,0.11,271.02,0.22,453.0
2026-01-07 10:03:48.736000+00:00,2026-01-07 10:03:46.283060+00:00,228.736,0.845,0.84,0.85,0.16,0.15,0.17,5.0,35.19,35.19,3.82,0.83,90.0,0.86,304.67,0.82,85.0,0.87,266.36,0.81,170.0,0.88,331.39,0.8,77.11,0.89,442.02,0.79,213.0,0.9,480.48,0.14,304.67,0.18,140.0,0.13,266.36,0.19,170.0,0.12,331.39,0.2,77.11,0.11,442.02,0.21,213.0,0.1,480.48,0.22,453.0
2026-01-07 10:03:49.760000+00:00,2026-01-07 10:03:47.288539+00:00,229.76,0.815,0.81,0.82,0.185,0.18,0.19,80.0,22.75,32.75,80.0,0.8,147.11,0.83,22.62,0.79,40.0,0.84,192.69,0.78,243.0,0.85,283.19,0.77,330.85,0.86,429.67,0.76,334.0,0.87,437.36,0.17,27.62,0.2,132.11,0.16,202.69,0.21,130.0,0.15,223.19,0.22,233.0,0.14,359.67,0.23,330.85,0.13,447.36,0.24,334.0
2026-01-07 10:03:50.758000+00:00,2026-01-07 10:03:48.279523+00:00,230.758,0.815,0.81,0.82,0.175,0.17,0.18,270.0,8.8,15.0,30.0,0.8,93.19,0.83,24.19,0.79,182.0,0.84,192.69,0.78,151.0,0.85,193.19,0.77,209.85,0.86,279.67,0.76,334.0,0.87,367.36,0.16,197.69,0.19,280.0,0.15,198.19,0.2,228.19,0.14,289.67,0.21,167.0,0.13,387.36,0.22,273.0,0.12,382.39,0.23,330.85
2026-01-07 10:03:51.748000+00:00,2026-01-07 10:03:49.283723+00:00,231.748,0.825,0.82,0.83,0.175,0.17,0.18,210.0,13.97,13.97,240.0,0.81,215.0,0.84,192.69,0.8,77.11,0.85,193.19,0.79,91.0,0.86,279.67,0.78,283.0,0.87,367.36,0.77,400.85,0.88,372.39,0.16,192.69,0.19,245.0,0.15,208.19,0.2,77.11,0.14,294.67,0.21,91.0,0.13,377.36,0.22,283.0,0.12,402.39,0.23,400.85
2026-01-07 10:03:52.741000+00:00,2026-01-07 10:03:50.289389+00:00,232.741,0.825,0.82,0.83,0.175,0.17,0.18,180.0,9.5,8.29,227.0,0.81,220.0,0.84,14.69,0.8,147.11,0.85,208.19,0.79,161.0,0.86,299.67,0.78,283.0,0.87,377.36,0.77,400.85,0.88,392.39,0.16,15.0,0.19,332.0,0.15,183.0,0.2,269.11,0.14,279.67,0.21,282.0,0.13,372.36,0.22,628.0,0.12,382.39,0.23,558.85
2026-01-07 10:03:53.790000+00:00,2026-01-07 10:03:51.299749+00:00,233.79,0.855,0.85,0.86,0.14500000000000002,0.14,0.15,165.0,85.87,85.87,165.0,0.83,30.0,0.87,63.36,0.82,318.0,0.88,68.39,0.81,378.0,0.89,236.02,0.8,330.11,0.9,435.48,0.79,297.0,0.91,390.95,0.13,63.36,0.17,30.0,0.12,68.39,0.18,303.0,0.11,236.02,0.19,363.0,0.1,435.48,0.2,330.11,0.09,390.95,0.21,297.0
2026-01-07 10:03:54.792000+00:00,2026-01-07 10:03:52.323483+00:00,234.792,0.865,0.86,0.87,0.125,0.12,0.13,105.0,51.86,68.39,95.0,0.85,95.0,0.88,68.39,0.84,61.0,0.89,236.02,0.83,293.0,0.9,304.48,0.82,363.0,0.91,400.95,0.81,484.0,0.92,1366.82,0.11,236.02,0.14,70.0,0.1,324.48,0.15,60.0,0.09,400.95,0.16,61.0,0.08,1381.82,0.17,293.0,0.07,392.27,0.18,363.0
2026-01-07 10:03:55.786000+00:00,2026-01-07 10:03:53.316793+00:00,235.786,0.895,0.89,0.9,0.10500000000000001,0.1,0.11,64.57,131.48,131.48,64.57,0.88,120.0,0.91,304.95,0.87,65.0,0.92,1371.82,0.86,91.0,0.93,377.27,0.85,213.0,0.94,493.02,0.84,61.0,0.95,638.56,0.09,304.95,0.12,120.0,0.08,1250.82,0.13,65.0,0.07,377.27,0.14,30.0,0.06,493.02,0.15,213.0,0.05,638.56,0.16,61.0
2026-01-07 10:03:56.780000+00:00,2026-01-07 10:03:54.323637+00:00,236.78,0.885,0.88,0.89,0.11499999999999999,0.11,0.12,12.0,237.0,247.0,12.0,0.87,88.0,0.9,348.48,0.86,111.47,0.91,400.95,0.85,233.0,0.92,1361.82,0.84,61.0,0.93,397.27,0.83,334.0,0.94,473.02,0.1,338.48,0.14,95.0,0.09,400.95,0.15,130.0,0.08,1361.82,0.16,61.0,0.07,387.27,0.17,213.0,0.06,473.02,0.18,334.0
2026-01-07 10:03:57.790000+00:00,2026-01-07 10:03:55.330487+00:00,237.79,0.895,0.89,0.9,0.10500000000000001,0.1,0.11,90.0,234.48,224.48,90.0,0.88,76.0,0.91,450.95,0.87,120.0,0.92,1371.82,0.86,30.0,0.93,397.27,0.85,30.0,0.94,413.02,0.84,183.0,0.95,618.56,0.09,450.95,0.12,76.0,0.08,1371.82,0.13,120.0,0.07,397.27,0.14,30.0,0.06,403.02,0.15,30.0,0.05,618.56,0.16,183.0
2026-01-07 10:03:58.769000+00:00,2026-01-07 10:03:56.335859+00:00,238.769,0.895,0.89,0.9,0.10500000000000001,0.1,0.11,90.0,207.21,210.76,85.0,0.88,81.0,0.91,329.95,0.87,100.0,0.92,1371.82,0.86,100.0,0.93,387.27,0.85,100.0,0.94,413.02,0.84,253.0,0.95,628.56,0.09,354.95,0.12,80.16,0.08,1371.82,0.13,110.0,0.07,397.27,0.14,100.0,0.06,403.02,0.15,100.0,0.05,628.56,0.16,253.0
2026-01-07 10:03:59.836000+00:00,2026-01-07 10:03:57.358800+00:00,239.836,0.895,0.89,0.9,0.10500000000000001,0.1,0.11,40.0,200.76,220.76,50.0,0.88,45.16,0.91,329.95,0.87,125.0,0.92,1351.82,0.86,110.0,0.93,377.27,0.85,100.0,0.94,473.02,0.84,70.0,0.95,618.56,0.09,324.95,0.12,98.05,0.08,1391.82,0.13,175.0,0.07,397.27,0.14,100.0,0.06,483.02,0.15,100.0,0.05,618.56,0.16,70.0
2026-01-07 10:04:00.833000+00:00,2026-01-07 10:03:58.362183+00:00,240.833,0.885,0.88,0.89,0.11499999999999999,0.11,0.12,160.16,48.83,35.0,80.16,0.87,160.0,0.9,17.76,0.86,130.0,0.91,284.95,0.85,100.0,0.92,1381.82,0.84,253.0,0.93,387.27,0.83,283.0,0.94,493.02,0.1,17.76,0.13,160.0,0.09,289.95,0.14,100.0,0.08,1381.82,0.15,126.47,0.07,387.27,0.16,253.0,0.06,493.02,0.17,283.0
2026-01-07 10:04:01.828000+00:00,2026-01-07 10:03:59.368006+00:00,241.828,0.885,0.88,0.89,0.11499999999999999,0.11,0.12,25.86,27.8,18.9,20.86,0.87,110.0,0.9,149.76,0.86,181.67,0.91,314.95,0.85,126.47,0.92,1361.82,0.84,253.0,0.93,387.27,0.83,283.0,0.94,483.02,0.1,149.76,0.13,115.0,0.09,314.95,0.14,181.67,0.08,1361.82,0.15,126.47,0.07,387.27,0.16,253.0,0.06,473.02,0.17,283.0
2026-01-07 10:04:02.792000+00:00,2026-01-07 10:04:00.373591+00:00,242.792,0.885,0.88,0.89,0.125,0.12,0.13,12.52,34.24,20.0,98.93,0.87,115.0,0.9,210.76,0.86,181.67,0.91,314.95,0.85,126.47,0.92,1431.82,0.84,70.0,0.93,467.27,0.83,283.0,0.94,473.02,0.11,20.34,0.14,181.67,0.1,210.76,0.15,126.47,0.09,314.95,0.16,70.0,0.08,1431.82,0.17,283.0,0.07,467.27,0.18,283.0
2026-01-07 10:04:03.886000+00:00,2026-01-07 10:04:01.395825+00:00,243.886,0.875,0.87,0.88,0.125,0.12,0.13,23.93,290.0,210.0,23.93,0.85,20.0,0.89,318.34,0.84,151.67,0.9,265.76,0.83,126.47,0.91,495.95,0.82,283.0,0.92,1421.82,0.81,363.0,0.93,447.27,0.11,238.34,0.15,20.0,0.1,265.76,0.16,151.67,0.09,495.95,0.17,126.47,0.08,1421.82,0.18,283.0,0.07,447.27,0.19,363.0
2026-01-07 10:04:04.865000+00:00,2026-01-07 10:04:02.401328+00:00,244.865,0.875,0.87,0.88,0.125,0.12,0.13,23.93,50.0,167.0,23.93,0.86,23.85,0.89,223.34,0.85,35.0,0.9,285.76,0.84,51.67,0.91,485.95,0.83,70.0,0.92,1431.82,0.82,243.0,0.93,447.27,0.11,298.34,0.14,8.85,0.1,406.76,0.15,25.0,0.09,485.95,0.16,66.67,0.08,1421.82,0.17,80.0,0.07,447.27,0.18,243.0
2026-01-07 10:04:05.865000+00:00,2026-01-07 10:04:03.404975+00:00,245.865,0.865,0.86,0.87,0.135,0.13,0.14,18.85,18.91,12.25,18.85,0.85,20.0,0.88,223.0,0.84,50.0,0.89,228.34,0.83,85.0,0.9,406.76,0.82,60.0,0.91,485.95,0.81,229.0,0.92,1421.82,0.12,223.0,0.15,20.0,0.11,228.34,0.16,60.0,0.1,406.76,0.17,85.0,0.09,485.95,0.18,45.0,0.08,1421.82,0.19,240.47
2026-01-07 10:04:06.879000+00:00,2026-01-07 10:04:04.412500+00:00,246.879,0.865,0.86,0.87,0.135,0.13,0.14,8.85,15.34,10.34,8.85,0.85,40.0,0.88,223.0,0.84,50.0,0.89,238.34,0.83,105.0,0.9,1396.76,0.82,140.0,0.91,473.95,0.81,206.47,0.92,1421.82,0.12,233.0,0.15,40.0,0.11,298.34,0.16,50.0,0.1,1396.76,0.17,155.0,0.09,473.95,0.18,100.0,0.08,1421.82,0.19,206.47
2026-01-07 10:04:07.891000+00:00,2026-01-07 10:04:05.434516+00:00,247.891,0.855,0.85,0.86,0.14500000000000002,0.14,0.15,5.0,20.0,15.0,45.0,0.84,55.0,0.87,15.0,0.83,100.0,0.88,228.0,0.82,151.67,0.89,288.34,0.81,206.47,0.9,1406.76,0.8,379.11,0.91,463.95,0.13,5.0,0.16,40.0,0.12,223.0,0.17,70.0,0.11,278.34,0.18,151.67,0.1,1396.76,0.19,206.47,0.09,473.95,0.2,379.11
2026-01-07 10:04:08.729000+00:00,2026-01-07 10:04:06.440673+00:00,248.729,0.855,0.85,0.86,0.14500000000000002,0.14,0.15,27.23,13.83,13.83,27.23,0.84,40.0,0.87,188.0,0.83,70.0,0.88,233.0,0.82,151.67,0.89,409.34,0.81,206.47,0.9,1406.76,0.8,379.11,0.91,473.95,0.13,188.0,0.16,40.0,0.12,233.0,0.17,70.0,0.11,409.34,0.18,151.67,0.1,1406.76,0.19,206.47,0.09,473.95,0.2,379.11
2026-01-07 10:04:09.879000+00:00,2026-01-07 10:04:07.444860+00:00,249.879,0.855,0.85,0.86,0.14500000000000002,0.14,0.15,5.9,35.0,25.0,5.9,0.84,5.0,0.87,203.0,0.83,100.0,0.88,349.0,0.82,181.67,0.89,409.34,0.81,180.0,0.9,1386.76,0.8,409.11,0.91,453.95,0.13,193.0,0.16,5.0,0.12,359.0,0.17,100.0,0.11,409.34,0.18,181.67,0.1,1386.76,0.19,180.0,0.09,453.95,0.2,409.11
2026-01-07 10:04:10.809000+00:00,2026-01-07 10:04:08.467637+00:00,250.809,0.845,0.83,0.86,0.15500000000000003,0.14,0.17,15.0,174.31,174.31,15.0,0.82,50.0,0.87,223.0,0.81,235.0,0.88,409.0,0.8,330.11,0.89,399.34,0.79,236.47,0.9,1386.76,0.78,283.0,0.91,468.95,0.13,223.0,0.18,50.0,0.12,409.0,0.19,235.0,0.11,399.34,0.2,330.11,0.1,1386.76,0.21,236.47,0.09,468.95,0.22,283.0
2026-01-07 10:04:11.923000+00:00,2026-01-07 10:04:09.474829+00:00,251.923,0.855,0.85,0.86,0.14500000000000002,0.14,0.15,5.0,214.31,214.31,5.0,0.82,5.0,0.87,193.0,0.81,160.0,0.88,409.0,0.8,198.78,0.89,389.34,0.79,172.47,0.9,1386.76,0.78,298.0,0.91,468.95,0.13,314.0,0.18,5.0,0.12,409.0,0.19,160.0,0.11,389.34,0.2,198.78,0.1,1386.76,0.21,172.47,0.09,468.95,0.22,298.0
2026-01-07 10:04:12.945000+00:00,2026-01-07 10:04:10.481520+00:00,252.945,0.8200000000000001,0.81,0.83,0.18,0.17,0.19,160.0,9.19,9.19,160.0,0.8,198.78,0.85,10.0,0.79,100.0,0.86,274.31,0.78,313.0,0.87,324.0,0.77,302.0,0.88,399.0,0.76,374.0,0.89,389.34,0.15,32.0,0.2,198.78,0.14,234.31,0.21,100.0,0.13,324.0,0.22,313.0,0.12,399.0,0.23,302.0,0.11,389.34,0.24,374.0
2026-01-07 10:04:13.947000+00:00,2026-01-07 10:04:11.485340+00:00,253.947,0.825,0.82,0.83,0.175,0.17,0.18,35.0,9.19,9.19,209.67,0.81,90.0,0.84,5.0,0.8,198.78,0.85,5.0,0.79,126.47,0.86,224.31,0.78,283.0,0.87,324.0,0.77,302.0,0.88,399.0,0.14,179.31,0.19,256.47,0.13,304.0,0.2,269.11,0.12,339.0,0.21,222.0,0.11,349.34,0.22,283.0,0.1,1326.76,0.23,423.0
2026-01-07 10:04:14.774000+00:00,2026-01-07 10:04:12.488456+00:00,254.774,0.865,0.86,0.87,0.135,0.13,0.14,10.0,188.0,188.0,10.0,0.85,85.0,0.88,334.0,0.83,85.0,0.89,319.34,0.82,90.0,0.9,1366.76,0.81,180.0,0.91,428.95,0.8,330.11,0.92,1421.82,0.12,334.0,0.15,85.0,0.11,319.34,0.17,85.0,0.1,1366.76,0.18,90.0,0.09,428.95,0.19,180.0,0.08,1421.82,0.2,330.11
2026-01-07 10:04:15.966000+00:00,2026-01-07 10:04:13.503968+00:00,255.966,0.86,0.85,0.87,0.14,0.13,0.15,49.66,188.0,188.0,49.66,0.83,85.0,0.88,334.0,0.82,60.0,0.89,319.34,0.81,180.0,0.9,1366.76,0.8,330.11,0.91,498.95,0.79,283.0,0.92,1421.82,0.12,334.0,0.17,85.0,0.11,319.34,0.18,60.0,0.1,1346.76,0.19,180.0,0.09,488.95,0.2,330.11,0.08,1421.82,0.21,283.0
2026-01-07 10:04:16.939000+00:00,2026-01-07 10:04:14.525110+00:00,256.939,0.845,0.83,0.86,0.15500000000000003,0.14,0.17,100.0,13.32,13.32,85.0,0.82,140.0,0.87,238.0,0.81,206.47,0.88,339.0,0.8,330.11,0.89,319.34,0.79,283.0,0.9,1316.76,0.78,332.0,0.91,468.95,0.13,223.0,0.18,170.0,0.12,339.0,0.19,180.0,0.11,319.34,0.2,330.11,0.1,1316.76,0.21,283.0,0.09,468.95,0.22,332.0
2026-01-07 10:04:17.979000+00:00,2026-01-07 10:04:15.533000+00:00,257.979,0.855,0.84,0.87,0.14500000000000002,0.13,0.16,30.0,40.0,40.0,30.0,0.83,125.0,0.88,349.0,0.82,130.0,0.89,329.34,0.81,180.0,0.9,1386.76,0.8,330.11,0.91,468.95,0.79,283.0,0.92,1421.82,0.12,349.0,0.17,125.0,0.11,329.34,0.18,130.0,0.1,1386.76,0.19,180.0,0.09,468.95,0.2,330.11,0.08,1421.82,0.21,283.0
2026-01-07 10:04:18.960000+00:00,2026-01-07 10:04:16.540193+00:00,258.96,0.865,0.86,0.87,0.135,0.13,0.14,5.0,35.0,35.0,5.0,0.85,15.0,0.88,339.0,0.84,45.0,0.89,419.34,0.83,185.0,0.9,1386.76,0.82,130.0,0.91,468.95,0.81,180.0,0.92,1421.82,0.12,339.0,0.15,15.0,0.11,419.34,0.16,126.67,0.1,1386.76,0.17,130.0,0.09,468.95,0.18,130.0,0.08,1421.82,0.19,180.0
2026-01-07 10:04:19.811000+00:00,2026-01-07 10:04:17.545274+00:00,259.811,0.845,0.84,0.85,0.155,0.15,0.16,59.0,5.0,37.0,10.0,0.83,215.0,0.87,45.0,0.82,140.0,0.88,369.0,0.81,180.0,0.89,389.34,0.8,330.11,0.9,1386.76,0.79,283.0,0.91,468.95,0.13,45.0,0.17,215.0,0.12,369.0,0.18,140.0,0.11,389.34,0.19,180.0,0.1,1386.76,0.2,330.11,0.09,468.95,0.21,283.0
2026-01-07 10:04:21.002000+00:00,2026-01-07 10:04:18.550889+00:00,261.002,0.845,0.84,0.85,0.155,0.15,0.16,15.0,37.0,37.0,15.0,0.83,225.0,0.86,10.0,0.82,130.0,0.87,35.0,0.81,180.0,0.88,369.0,0.8,330.11,0.89,389.34,0.79,283.0,0.9,1386.76,0.14,10.0,0.17,215.0,0.13,15.0,0.18,130.0,0.12,369.0,0.19,180.0,0.11,389.34,0.2,330.11,0.1,1386.76,0.21,283.0
2026-01-07 10:04:22.885000+00:00,2026-01-07 10:04:20.561787+00:00,262.885,0.855,0.85,0.86,0.14500000000000002,0.14,0.15,35.0,5.0,5.0,35.0,0.84,191.67,0.87,10.0,0.83,362.0,0.88,55.0,0.82,283.0,0.89,379.34,0.81,363.0,0.9,1316.76,0.8,330.11,0.91,398.95,0.13,10.0,0.16,191.67,0.12,55.0,0.17,362.0,0.11,379.34,0.18,283.0,0.1,1316.76,0.19,363.0,0.09,398.95,0.2,330.11
2026-01-07 10:04:23.966000+00:00,2026-01-07 10:04:21.567227+00:00,263.966,0.87,0.86,0.88,0.13,0.12,0.14,86.67,45.0,45.0,86.67,0.85,100.0,0.89,151.34,0.84,126.47,0.9,1366.76,0.83,332.0,0.91,468.95,0.82,283.0,0.92,1421.82,0.81,363.0,0.93,447.27,0.11,151.34,0.15,110.0,0.1,1366.76,0.16,126.47,0.09,468.95,0.17,332.0,0.08,1421.82,0.18,283.0,0.07,447.27,0.19,363.0
2026-01-07 10:04:24.965000+00:00,2026-01-07 10:04:22.589097+00:00,264.965,0.86,0.85,0.87,0.14,0.13,0.15,71.33,20.0,5.98,86.33,0.84,126.47,0.88,38.69,0.83,332.0,0.89,156.34,0.82,283.0,0.9,1416.76,0.81,363.0,0.91,468.95,0.8,330.11,0.92,1421.82,0.12,38.69,0.16,126.47,0.11,156.34,0.17,332.0,0.1,1416.76,0.18,283.0,0.09,468.95,0.19,363.0,0.08,1421.82,0.2,330.11
2026-01-07 10:04:26.069000+00:00,2026-01-07 10:04:23.596278+00:00,266.069,0.865,0.86,0.87,0.14,0.13,0.15,6.0,15.0,15.0,91.0,0.85,85.0,0.88,58.69,0.84,126.47,0.89,146.34,0.83,332.0,0.9,1396.76,0.82,283.0,0.91,468.95,0.81,363.0,0.92,1421.82,0.12,58.69,0.16,126.47,0.11,146.34,0.17,332.0,0.1,1396.76,0.18,283.0,0.09,468.95,0.19,363.0,0.08,1421.82,0.2,330.11
2026-01-07 10:04:27.067000+00:00,2026-01-07 10:04:24.599638+00:00,267.067,0.865,0.86,0.87,0.14,0.13,0.15,5.0,5.0,40.0,105.0,0.85,130.0,0.88,88.69,0.84,110.0,0.89,136.34,0.83,372.0,0.9,1386.76,0.82,283.0,0.91,468.95,0.81,363.0,0.92,1421.82,0.12,53.69,0.16,156.47,0.11,136.34,0.17,342.0,0.1,1386.76,0.18,293.0,0.09,468.95,0.19,363.0,0.08,1421.82,0.2,330.11
2026-01-07 10:04:28.096000+00:00,2026-01-07 10:04:25.622500+00:00,268.096,0.855,0.85,0.86,0.14500000000000002,0.14,0.15,123.18,5.0,5.0,123.18,0.84,156.47,0.87,5.0,0.83,342.0,0.88,68.69,0.82,283.0,0.89,156.34,0.81,363.0,0.9,1386.76,0.8,330.11,0.91,468.95,0.13,5.0,0.16,146.47,0.12,48.69,0.17,342.0,0.11,176.34,0.18,283.0,0.1,1386.76,0.19,363.0,0.09,468.95,0.2,330.11
2026-01-07 10:04:29.061000+00:00,2026-01-07 10:04:26.642761+00:00,269.061,0.87,0.86,0.88,0.13,0.12,0.14,10.0,38.69,38.69,76.67,0.85,163.18,0.89,186.34,0.84,136.47,0.9,1386.76,0.83,342.0,0.91,468.95,0.82,283.0,0.92,1421.82,0.81,363.0,0.93,447.27,0.11,191.34,0.15,113.18,0.1,1386.76,0.16,136.47,0.09,468.95,0.17,342.0,0.08,1421.82,0.18,283.0,0.07,447.27,0.19,363.0
2026-01-07 10:04:30.959000+00:00,2026-01-07 10:04:28.668658+00:00,270.959,0.875,0.87,0.88,0.125,0.12,0.13,5.0,50.51,50.51,5.0,0.86,10.0,0.89,156.34,0.85,148.18,0.9,1316.76,0.84,156.47,0.91,398.95,0.83,293.0,0.92,1421.82,0.82,283.0,0.93,447.27,0.11,156.34,0.14,10.0,0.1,1316.76,0.15,148.18,0.09,398.95,0.16,156.47,0.08,1421.82,0.17,293.0,0.07,447.27,0.18,283.0
2026-01-07 10:04:32.098000+00:00,2026-01-07 10:04:29.670646+00:00,272.098,0.885,0.88,0.89,0.11499999999999999,0.11,0.12,166.67,15.34,15.34,90.0,0.87,160.0,0.9,1138.76,0.86,241.47,0.91,463.95,0.85,220.18,0.92,1361.82,0.84,283.0,0.93,377.27,0.83,283.0,0.94,403.02,0.1,1017.76,0.13,215.0,0.09,280.95,0.14,241.47,0.08,1361.82,0.15,220.18,0.07,377.27,0.16,283.0,0.06,403.02,0.17,283.0
2026-01-07 10:04:33.158000+00:00,2026-01-07 10:04:30.678514+00:00,273.158,0.885,0.88,0.89,0.11499999999999999,0.11,0.12,10.0,35.34,20.34,10.0,0.87,159.0,0.9,1097.76,0.86,272.0,0.91,215.95,0.85,321.18,0.92,1351.82,0.84,283.0,0.93,377.27,0.83,283.0,0.94,403.02,0.1,1097.76,0.13,159.0,0.09,215.95,0.14,333.0,0.08,1351.82,0.15,321.18,0.07,377.27,0.16,283.0,0.06,403.02,0.17,283.0
2026-01-07 10:04:34.059000+00:00,2026-01-07 10:04:31.701257+00:00,274.059,0.875,0.87,0.88,0.125,0.12,0.13,49.0,60.0,60.0,49.0,0.86,147.67,0.89,75.34,0.85,326.18,0.9,1012.76,0.84,339.47,0.91,215.95,0.83,283.0,0.92,1351.82,0.82,283.0,0.93,447.27,0.11,75.34,0.14,86.67,0.1,1012.76,0.15,326.18,0.09,215.95,0.16,339.47,0.08,1351.82,0.17,283.0,0.07,447.27,0.18,283.0
2026-01-07 10:04:35.170000+00:00,2026-01-07 10:04:32.708187+00:00,275.17,0.875,0.87,0.88,0.135,0.12,0.15,24.0,75.0,90.0,10.0,0.85,10.0,0.89,85.34,0.84,131.67,0.9,1203.76,0.83,339.47,0.91,468.95,0.82,283.0,0.92,1421.82,0.81,363.0,0.93,447.27,0.11,15.34,0.16,131.67,0.1,1203.76,0.17,339.47,0.09,468.95,0.18,283.0,0.08,1421.82,0.19,363.0,0.07,447.27,0.2,330.11
2026-01-07 10:04:36.179000+00:00,2026-01-07 10:04:33.729858+00:00,276.179,0.845,0.84,0.85,0.155,0.15,0.16,5.0,35.0,20.0,5.0,0.83,329.67,0.86,70.0,0.82,233.0,0.87,25.0,0.81,319.47,0.89,258.34,0.8,330.11,0.9,1325.76,0.79,424.0,0.91,468.95,0.14,60.0,0.17,329.67,0.13,25.0,0.18,233.0,0.11,258.34,0.19,319.47,0.1,1325.76,0.2,330.11,0.09,468.95,0.21,424.0
2026-01-07 10:04:37.149000+00:00,2026-01-07 10:04:34.737086+00:00,277.149,0.84,0.83,0.85,0.16,0.15,0.17,126.67,60.0,35.0,45.0,0.82,253.0,0.86,70.0,0.81,319.47,0.87,20.0,0.8,379.11,0.89,389.34,0.79,303.0,0.9,1386.76,0.78,318.0,0.91,468.95,0.14,70.0,0.18,308.0,0.13,20.0,0.19,319.47,0.11,389.34,0.2,309.11,0.1,1386.76,0.21,283.0,0.09,468.95,0.22,283.0
2026-01-07 10:04:38.210000+00:00,2026-01-07 10:04:35.759537+00:00,278.21,0.835,0.83,0.84,0.165,0.16,0.17,91.67,20.0,20.0,10.0,0.82,273.0,0.85,35.0,0.81,319.47,0.86,50.0,0.8,260.11,0.88,70.0,0.79,283.0,0.89,399.14,0.78,283.0,0.9,1386.76,0.15,35.0,0.18,145.0,0.14,50.0,0.19,319.47,0.12,313.0,0.2,260.11,0.11,399.14,0.21,283.0,0.1,1386.76,0.22,283.0
2026-01-07 10:04:39.237000+00:00,2026-01-07 10:04:36.782870+00:00,279.237,0.85,0.84,0.86,0.15000000000000002,0.14,0.16,5.0,40.0,40.0,5.0,0.83,121.67,0.87,80.0,0.82,50.0,0.88,374.0,0.81,319.47,0.89,399.14,0.8,260.11,0.9,1386.76,0.79,283.0,0.91,468.95,0.13,90.0,0.17,131.67,0.12,374.0,0.18,50.0,0.11,399.14,0.19,319.47,0.1,1386.76,0.2,260.11,0.09,468.95,0.21,283.0
2026-01-07 10:04:40.253000+00:00,2026-01-07 10:04:37.789576+00:00,280.253,0.825,0.82,0.83,0.175,0.17,0.18,71.0,9.19,9.19,71.0,0.81,384.67,0.84,10.0,0.8,320.11,0.85,55.0,0.79,298.0,0.87,70.0,0.78,332.0,0.88,374.0,0.77,253.0,0.89,389.34,0.16,10.0,0.19,384.67,0.15,75.0,0.2,320.11,0.13,70.0,0.21,298.0,0.12,374.0,0.22,332.0,0.11,389.34,0.23,253.0
2026-01-07 10:04:41.225000+00:00,2026-01-07 10:04:38.780360+00:00,281.225,0.825,0.82,0.83,0.175,0.17,0.18,30.0,5.0,5.0,30.0,0.81,374.67,0.85,95.0,0.8,280.11,0.86,20.0,0.79,309.47,0.87,70.0,0.78,332.0,0.88,374.0,0.77,288.0,0.89,389.34,0.15,80.0,0.19,364.67,0.14,20.0,0.2,280.11,0.13,70.0,0.21,309.47,0.12,374.0,0.22,332.0,0.11,389.34,0.23,288.0
2026-01-07 10:04:42.253000+00:00,2026-01-07 10:04:39.788793+00:00,282.253,0.835,0.83,0.84,0.165,0.16,0.17,45.0,2.58,2.58,50.0,0.82,20.0,0.85,31.25,0.81,354.67,0.86,30.0,0.8,290.11,0.87,80.0,0.79,283.0,0.88,374.0,0.78,332.0,0.89,389.34,0.15,31.25,0.18,20.0,0.14,40.0,0.19,344.67,0.13,100.0,0.2,290.11,0.12,374.0,0.21,283.0,0.11,389.34,0.22,332.0
2026-01-07 10:04:43.253000+00:00,2026-01-07 10:04:40.794921+00:00,283.253,0.84,0.83,0.85,0.16,0.15,0.17,45.0,21.25,21.25,45.0,0.82,30.0,0.86,40.0,0.81,161.67,0.87,100.0,0.8,360.11,0.88,374.0,0.79,283.0,0.89,389.34,0.78,332.0,0.9,1386.76,0.14,50.0,0.18,30.0,0.13,100.0,0.19,161.67,0.12,374.0,0.2,360.11,0.11,389.34,0.21,283.0,0.1,1386.76,0.22,332.0
