timestamp,collected_at,seconds,mid,bid,ask,asset
2026-01-06 02:15:00+00:00,2026-01-06 02:16:07.077110+00:00,0.0,93747.161,93745.1,93751.54,BTC
2026-01-06 02:15:01+00:00,2026-01-06 02:16:08.079426+00:00,1.0,93746.961,93745.1,93751.43,BTC
2026-01-06 02:15:02+00:00,2026-01-06 02:16:09.072986+00:00,2.0,93735.061,93733.14,93737.92,BTC
2026-01-06 02:15:03+00:00,2026-01-06 02:16:10.088016+00:00,3.0,93735.031,93733.12,93737.83,BTC
2026-01-06 02:15:04+00:00,2026-01-06 02:16:11.100067+00:00,4.0,93735.031,93733.12,93737.83,BTC
2026-01-06 02:15:05+00:00,2026-01-06 02:16:12.106933+00:00,5.0,93735.341,93732.97,93738.21,BTC
2026-01-06 02:15:06+00:00,2026-01-06 02:16:13.122108+00:00,6.0,93735.361,93732.97,93738.21,BTC
2026-01-06 02:15:07+00:00,2026-01-06 02:16:14.138478+00:00,7.0,93738.451,93737.21,93741.07,BTC
2026-01-06 02:15:08+00:00,2026-01-06 02:16:15.345051+00:00,8.0,93738.451,93737.21,93741.07,BTC
2026-01-06 02:15:09+00:00,2026-01-06 02:16:16.373951+00:00,9.0,93738.501,93737.9,93741.24,BTC
2026-01-06 02:15:10+00:00,2026-01-06 02:16:17.384904+00:00,10.0,93738.541,93737.86,93741.29,BTC
2026-01-06 02:15:11+00:00,2026-01-06 02:16:18.406413+00:00,11.0,93738.541,93737.86,93741.3,BTC
2026-01-06 02:15:12+00:00,2026-01-06 02:16:19.401465+00:00,12.0,93738.541,93737.86,93741.29,BTC
2026-01-06 02:15:13+00:00,2026-01-06 02:16:20.409318+00:00,13.0,93740.341,93739.59,93742.62,BTC
2026-01-06 02:15:14+00:00,2026-01-06 02:16:21.547205+00:00,14.0,93740.391,93740.29,93742.81,BTC
2026-01-06 02:15:15+00:00,2026-01-06 02:16:22.434771+00:00,15.0,93740.431,93740.28,93743.0,BTC
2026-01-06 02:15:16+00:00,2026-01-06 02:16:23.453122+00:00,16.0,93738.541,93738.45,93741.15,BTC
2026-01-06 02:15:17+00:00,2026-01-06 02:16:24.504689+00:00,17.0,93737.661,93737.56,93740.58,BTC
2026-01-06 02:15:18+00:00,2026-01-06 02:16:25.676007+00:00,18.0,93737.701,93737.49,93740.55,BTC
2026-01-06 02:15:19+00:00,2026-01-06 02:16:26.493439+00:00,19.0,93737.381,93735.74,93740.31,BTC
2026-01-06 02:15:20+00:00,2026-01-06 02:16:27.510224+00:00,20.0,93737.421,93735.74,93740.31,BTC
2026-01-06 02:15:21+00:00,2026-01-06 02:16:28.550740+00:00,21.0,93737.421,93736.41,93740.09,BTC
2026-01-06 02:15:22+00:00,2026-01-06 02:16:29.587333+00:00,22.0,93737.451,93736.62,93740.14,BTC
2026-01-06 02:15:23+00:00,2026-01-06 02:16:30.594691+00:00,23.0,93736.691,93734.93,93740.01,BTC
2026-01-06 02:15:24+00:00,2026-01-06 02:16:31.632343+00:00,24.0,93728.591,93725.7,93733.0,BTC
2026-01-06 02:15:25+00:00,2026-01-06 02:16:32.633187+00:00,25.0,93728.591,93725.7,93733.0,BTC
2026-01-06 02:15:00+00:00,2026-01-06 02:17:06.245343+00:00,0.0,93723.881,93721.01,93727.04,BTC
2026-01-06 02:15:01+00:00,2026-01-06 02:17:07.232392+00:00,1.0,93729.611,93728.17,93732.82,BTC
2026-01-06 02:15:02+00:00,2026-01-06 02:17:08.248557+00:00,2.0,93730.341,93729.1,93733.3,BTC
2026-01-06 02:15:03+00:00,2026-01-06 02:17:09.268033+00:00,3.0,93730.341,93729.1,93733.3,BTC
2026-01-06 02:15:04+00:00,2026-01-06 02:17:10.294082+00:00,4.0,93729.041,93728.33,93732.27,BTC
2026-01-06 02:15:05+00:00,2026-01-06 02:17:11.292576+00:00,5.0,93730.061,93730.02,93732.64,BTC
2026-01-06 02:15:06+00:00,2026-01-06 02:17:13.301595+00:00,6.0,93730.231,93730.05,93732.85,BTC
2026-01-06 02:15:07+00:00,2026-01-06 02:17:14.294754+00:00,7.0,93730.251,93730.05,93732.86,BTC
2026-01-06 02:15:08+00:00,2026-01-06 02:17:15.302538+00:00,8.0,93730.261,93730.05,93732.87,BTC
2026-01-06 02:15:09+00:00,2026-01-06 02:17:16.321753+00:00,9.0,93730.271,93730.05,93732.88,BTC
2026-01-06 02:15:10+00:00,2026-01-06 02:17:17.315798+00:00,10.0,93730.261,93730.06,93732.87,BTC
2026-01-06 02:15:11+00:00,2026-01-06 02:17:18.333546+00:00,11.0,93730.261,93730.07,93732.84,BTC
2026-01-06 02:15:12+00:00,2026-01-06 02:17:19.335260+00:00,12.0,93730.261,93729.91,93732.84,BTC
2026-01-06 02:15:13+00:00,2026-01-06 02:17:20.323523+00:00,13.0,93730.261,93729.76,93732.85,BTC
2026-01-06 02:15:14+00:00,2026-01-06 02:17:21.332170+00:00,14.0,93731.181,93730.58,93733.77,BTC
2026-01-06 02:15:15+00:00,2026-01-06 02:17:22.379934+00:00,15.0,93732.111,93731.4,93734.69,BTC
2026-01-06 02:15:16+00:00,2026-01-06 02:17:23.361499+00:00,16.0,93730.791,93730.0,93733.6,BTC
2026-01-06 02:15:18+00:00,2026-01-06 02:17:24.534182+00:00,18.0,93729.451,93728.6,93732.5,BTC
2026-01-06 02:15:19+00:00,2026-01-06 02:17:25.565489+00:00,19.0,93732.901,93732.53,93735.51,BTC
2026-01-06 02:15:20+00:00,2026-01-06 02:17:26.559368+00:00,20.0,93732.951,93732.77,93735.52,BTC
2026-01-06 02:15:22+00:00,2026-01-06 02:17:28.674121+00:00,22.0,93726.851,93725.93,93729.79,BTC
2026-01-06 02:15:23+00:00,2026-01-06 02:17:29.689541+00:00,23.0,93726.561,93725.93,93729.54,BTC
2026-01-06 02:15:24+00:00,2026-01-06 02:17:31.016420+00:00,24.0,93726.271,93724.47,93729.01,BTC
2026-01-06 02:15:25+00:00,2026-01-06 02:17:32.018261+00:00,25.0,93726.711,93724.84,93729.5,BTC
2026-01-06 02:15:26+00:00,2026-01-06 02:17:32.865569+00:00,26.0,93726.941,93725.03,93729.75,BTC
2026-01-06 02:15:26+00:00,2026-01-06 02:17:33.016671+00:00,26.0,93727.331,93725.46,93730.37,BTC
2026-01-06 02:15:27+00:00,2026-01-06 02:17:33.849325+00:00,27.0,93727.721,93725.89,93731.0,BTC
2026-01-06 02:15:27+00:00,2026-01-06 02:17:34.031675+00:00,27.0,93728.151,93726.43,93731.37,BTC
2026-01-06 02:15:28+00:00,2026-01-06 02:17:34.858618+00:00,28.0,93728.581,93726.97,93731.75,BTC
2026-01-06 02:15:28+00:00,2026-01-06 02:17:35.049045+00:00,28.0,93727.101,93725.54,93730.27,BTC
2026-01-06 02:15:29+00:00,2026-01-06 02:17:36.057322+00:00,29.0,93725.631,93724.11,93728.8,BTC
2026-01-06 02:15:29+00:00,2026-01-06 02:17:36.877927+00:00,29.0,93727.301,93726.0,93730.21,BTC
2026-01-06 02:15:30+00:00,2026-01-06 02:17:37.057629+00:00,30.0,93728.981,93727.88,93731.63,BTC
2026-01-06 02:15:30+00:00,2026-01-06 02:17:37.876969+00:00,30.0,93728.911,93727.53,93731.64,BTC
2026-01-06 02:15:31+00:00,2026-01-06 02:17:38.081796+00:00,31.0,93728.841,93727.19,93731.64,BTC
2026-01-06 02:15:31+00:00,2026-01-06 02:17:38.939866+00:00,31.0,93728.891,93727.55,93731.61,BTC
2026-01-06 02:15:32+00:00,2026-01-06 02:17:39.125810+00:00,32.0,93728.931,93727.91,93731.58,BTC
2026-01-06 02:15:32+00:00,2026-01-06 02:17:39.974390+00:00,32.0,93728.911,93727.88,93731.56,BTC
2026-01-06 02:15:33+00:00,2026-01-06 02:17:40.102273+00:00,33.0,93728.891,93727.84,93731.54,BTC
2026-01-06 02:15:34+00:00,2026-01-06 02:17:41.140920+00:00,34.0,93726.491,93725.3,93729.45,BTC
2026-01-06 02:15:33+00:00,2026-01-06 02:17:40.985763+00:00,33.0,93727.691,93726.57,93730.5,BTC
2026-01-06 02:15:35+00:00,2026-01-06 02:17:42.115735+00:00,35.0,93726.261,93725.3,93729.13,BTC
2026-01-06 02:15:35+00:00,2026-01-06 02:17:42.276367+00:00,35.0,93726.261,93725.3,93729.13,BTC
2026-01-06 02:15:36+00:00,2026-01-06 02:17:43.130639+00:00,36.0,93726.111,93724.73,93728.81,BTC
2026-01-06 02:15:36+00:00,2026-01-06 02:17:43.284081+00:00,36.0,93726.111,93724.73,93728.81,BTC
2026-01-06 02:15:37+00:00,2026-01-06 02:17:44.134376+00:00,37.0,93726.261,93724.53,93729.04,BTC
2026-01-06 02:15:37+00:00,2026-01-06 02:17:44.296405+00:00,37.0,93726.261,93724.53,93729.04,BTC
2026-01-06 02:15:38+00:00,2026-01-06 02:17:45.141287+00:00,38.0,93725.991,93724.55,93729.05,BTC
2026-01-06 02:15:38+00:00,2026-01-06 02:17:45.297922+00:00,38.0,93725.991,93724.55,93729.05,BTC
2026-01-06 02:15:39+00:00,2026-01-06 02:17:46.162683+00:00,39.0,93725.791,93724.42,93728.74,BTC
2026-01-06 02:15:39+00:00,2026-01-06 02:17:46.315579+00:00,39.0,93725.791,93724.42,93728.74,BTC
2026-01-06 02:15:40+00:00,2026-01-06 02:17:47.181121+00:00,40.0,93725.981,93724.44,93728.89,BTC
2026-01-06 02:15:40+00:00,2026-01-06 02:17:47.316626+00:00,40.0,93725.981,93724.44,93728.89,BTC
2026-01-06 02:15:41+00:00,2026-01-06 02:17:48.213924+00:00,41.0,93726.051,93724.63,93728.9,BTC
2026-01-06 02:15:41+00:00,2026-01-06 02:17:48.391757+00:00,41.0,93726.051,93724.63,93728.9,BTC
2026-01-06 02:15:42+00:00,2026-01-06 02:17:49.212326+00:00,42.0,93726.061,93725.13,93728.9,BTC
2026-01-06 02:15:42+00:00,2026-01-06 02:17:49.423540+00:00,42.0,93726.061,93725.13,93728.9,BTC
2026-01-06 02:15:43+00:00,2026-01-06 02:17:50.215496+00:00,43.0,93726.161,93725.13,93728.94,BTC
2026-01-06 02:15:43+00:00,2026-01-06 02:17:50.425953+00:00,43.0,93726.161,93725.13,93728.94,BTC
2026-01-06 02:15:44+00:00,2026-01-06 02:17:51.368591+00:00,44.0,93726.811,93725.55,93729.86,BTC
2026-01-06 02:15:44+00:00,2026-01-06 02:17:51.505237+00:00,44.0,93726.071,93725.13,93728.93,BTC
2026-01-06 02:15:45+00:00,2026-01-06 02:17:52.341295+00:00,45.0,93727.341,93725.84,93730.54,BTC
2026-01-06 02:15:45+00:00,2026-01-06 02:17:52.405292+00:00,45.0,93727.551,93725.97,93730.78,BTC
2026-01-06 02:15:46+00:00,2026-01-06 02:17:53.324126+00:00,46.0,93728.021,93726.75,93730.96,BTC
2026-01-06 02:15:46+00:00,2026-01-06 02:17:53.422466+00:00,46.0,93727.131,93725.7,93730.3,BTC
2026-01-06 02:15:47+00:00,2026-01-06 02:17:54.338639+00:00,47.0,93730.341,93729.29,93733.27,BTC
2026-01-06 02:15:47+00:00,2026-01-06 02:17:54.414724+00:00,47.0,93728.921,93727.8,93731.62,BTC
2026-01-06 02:15:48+00:00,2026-01-06 02:17:55.362690+00:00,48.0,93733.101,93732.6,93735.34,BTC
2026-01-06 02:15:48+00:00,2026-01-06 02:17:55.640756+00:00,48.0,93731.761,93730.78,93734.92,BTC
2026-01-06 02:15:49+00:00,2026-01-06 02:17:56.349797+00:00,49.0,93735.391,93735.32,93736.44,BTC
2026-01-06 02:15:49+00:00,2026-01-06 02:17:56.663529+00:00,49.0,93734.441,93734.41,93735.76,BTC
2026-01-06 02:15:50+00:00,2026-01-06 02:17:57.365505+00:00,50.0,93736.411,93736.34,93737.1,BTC
2026-01-06 02:15:50+00:00,2026-01-06 02:17:57.644120+00:00,50.0,93736.331,93736.22,93737.12,BTC
2026-01-06 02:15:51+00:00,2026-01-06 02:17:58.369436+00:00,51.0,93736.491,93736.47,93737.08,BTC
2026-01-06 02:15:51+00:00,2026-01-06 02:17:58.666649+00:00,51.0,93736.491,93736.47,93737.08,BTC
2026-01-06 02:15:52+00:00,2026-01-06 02:17:59.381780+00:00,52.0,93736.491,93736.47,93737.08,BTC
2026-01-06 02:15:52+00:00,2026-01-06 02:17:59.664656+00:00,52.0,93736.491,93736.47,93737.08,BTC
2026-01-06 02:15:53+00:00,2026-01-06 02:18:00.390633+00:00,53.0,93737.221,93736.58,93737.86,BTC
2026-01-06 02:15:53+00:00,2026-01-06 02:18:00.727955+00:00,53.0,93737.221,93736.58,93737.86,BTC
2026-01-06 02:15:54+00:00,2026-01-06 02:18:01.384589+00:00,54.0,93737.221,93736.6,93737.94,BTC
2026-01-06 02:15:54+00:00,2026-01-06 02:18:01.758570+00:00,54.0,93737.221,93736.6,93737.94,BTC
2026-01-06 02:15:55+00:00,2026-01-06 02:18:02.406135+00:00,55.0,93738.231,93738.21,93738.37,BTC
2026-01-06 02:15:55+00:00,2026-01-06 02:18:02.709514+00:00,55.0,93738.231,93738.21,93738.37,BTC
2026-01-06 02:15:56+00:00,2026-01-06 02:18:03.423410+00:00,56.0,93737.451,93736.98,93738.04,BTC
2026-01-06 02:15:56+00:00,2026-01-06 02:18:03.709226+00:00,56.0,93737.451,93736.98,93738.04,BTC
2026-01-06 02:15:57+00:00,2026-01-06 02:18:04.406931+00:00,57.0,93737.271,93736.76,93737.93,BTC
2026-01-06 02:15:57+00:00,2026-01-06 02:18:04.708442+00:00,57.0,93737.271,93736.76,93737.93,BTC
2026-01-06 02:15:58+00:00,2026-01-06 02:18:05.398957+00:00,58.0,93737.401,93736.83,93738.21,BTC
2026-01-06 02:15:58+00:00,2026-01-06 02:18:05.716000+00:00,58.0,93737.401,93736.83,93738.21,BTC
2026-01-06 02:15:59+00:00,2026-01-06 02:18:06.418728+00:00,59.0,93737.401,93736.83,93738.21,BTC
2026-01-06 02:15:59+00:00,2026-01-06 02:18:06.727829+00:00,59.0,93737.401,93736.83,93738.21,BTC
2026-01-06 02:16:00+00:00,2026-01-06 02:18:07.435723+00:00,60.0,93737.421,93736.99,93738.22,BTC
2026-01-06 02:16:00+00:00,2026-01-06 02:18:07.968799+00:00,60.0,93737.421,93736.99,93738.22,BTC
2026-01-06 02:16:01+00:00,2026-01-06 02:18:08.431680+00:00,61.0,93737.471,93736.98,93738.33,BTC
2026-01-06 02:16:01+00:00,2026-01-06 02:18:08.969574+00:00,61.0,93737.471,93736.98,93738.33,BTC
2026-01-06 02:16:02+00:00,2026-01-06 02:18:09.795015+00:00,62.0,93737.471,93736.98,93738.33,BTC
2026-01-06 02:16:02+00:00,2026-01-06 02:18:09.965184+00:00,62.0,93737.471,93736.98,93738.33,BTC
2026-01-06 02:16:03+00:00,2026-01-06 02:18:10.983176+00:00,63.0,93737.951,93737.83,93738.35,BTC
2026-01-06 02:16:03+00:00,2026-01-06 02:18:10.783388+00:00,63.0,93737.951,93737.83,93738.35,BTC
2026-01-06 02:16:04+00:00,2026-01-06 02:18:12.025439+00:00,64.0,93737.951,93737.83,93738.57,BTC
2026-01-06 02:16:04+00:00,2026-01-06 02:18:12.000317+00:00,64.0,93737.951,93737.83,93738.57,BTC
2026-01-06 02:16:05+00:00,2026-01-06 02:18:12.747822+00:00,65.0,93736.811,93736.26,93738.05,BTC
2026-01-06 02:16:05+00:00,2026-01-06 02:18:13.001821+00:00,65.0,93736.811,93736.26,93738.05,BTC
2026-01-06 02:16:06+00:00,2026-01-06 02:18:13.840605+00:00,66.0,93737.661,93737.14,93738.59,BTC
2026-01-06 02:16:06+00:00,2026-01-06 02:18:14.024234+00:00,66.0,93737.661,93737.14,93738.59,BTC
2026-01-06 02:16:07+00:00,2026-01-06 02:18:14.865939+00:00,67.0,93738.121,93738.09,93738.86,BTC
2026-01-06 02:16:07+00:00,2026-01-06 02:18:15.016136+00:00,67.0,93738.121,93738.09,93738.86,BTC
2026-01-06 02:16:08+00:00,2026-01-06 02:18:15.831061+00:00,68.0,93735.311,93734.65,93737.63,BTC
2026-01-06 02:16:08+00:00,2026-01-06 02:18:16.024061+00:00,68.0,93735.311,93734.65,93737.63,BTC
2026-01-06 02:16:09+00:00,2026-01-06 02:18:16.881174+00:00,69.0,93738.101,93737.51,93740.16,BTC
2026-01-06 02:16:09+00:00,2026-01-06 02:18:17.035496+00:00,69.0,93738.101,93737.51,93740.16,BTC
2026-01-06 02:16:10+00:00,2026-01-06 02:18:17.890840+00:00,70.0,93738.001,93737.42,93740.14,BTC
2026-01-06 02:16:10+00:00,2026-01-06 02:18:18.041933+00:00,70.0,93738.001,93737.42,93740.14,BTC
2026-01-06 02:16:11+00:00,2026-01-06 02:18:18.883483+00:00,71.0,93734.591,93734.03,93737.07,BTC
2026-01-06 02:16:11+00:00,2026-01-06 02:18:19.051344+00:00,71.0,93734.591,93734.03,93737.07,BTC
2026-01-06 02:16:12+00:00,2026-01-06 02:18:19.882912+00:00,72.0,93746.381,93745.81,93748.34,BTC
2026-01-06 02:16:12+00:00,2026-01-06 02:18:20.056215+00:00,72.0,93746.381,93745.81,93748.34,BTC
2026-01-06 02:16:13+00:00,2026-01-06 02:18:21.077418+00:00,73.0,93747.291,93746.67,93748.49,BTC
2026-01-06 02:16:13+00:00,2026-01-06 02:18:20.905436+00:00,73.0,93747.291,93746.67,93748.49,BTC
2026-01-06 02:16:14+00:00,2026-01-06 02:18:22.221553+00:00,74.0,93747.171,93746.61,93748.03,BTC
2026-01-06 02:16:14+00:00,2026-01-06 02:18:22.092643+00:00,74.0,93747.171,93746.61,93748.03,BTC
2026-01-06 02:16:15+00:00,2026-01-06 02:18:22.886362+00:00,75.0,93753.671,93752.93,93755.91,BTC
2026-01-06 02:16:15+00:00,2026-01-06 02:18:23.088403+00:00,75.0,93753.671,93752.93,93755.91,BTC
2026-01-06 02:16:16+00:00,2026-01-06 02:18:24.919023+00:00,76.0,93754.191,93753.55,93755.82,BTC
2026-01-06 02:16:16+00:00,2026-01-06 02:18:25.128593+00:00,76.0,93754.191,93753.55,93755.82,BTC
2026-01-06 02:16:18+00:00,2026-01-06 02:18:25.919097+00:00,78.0,93755.491,93754.92,93756.53,BTC
2026-01-06 02:16:17+00:00,2026-01-06 02:18:26.137185+00:00,77.0,93755.481,93754.86,93756.74,BTC
2026-01-06 02:16:19+00:00,2026-01-06 02:18:26.935263+00:00,79.0,93751.141,93750.56,93753.43,BTC
2026-01-06 02:16:18+00:00,2026-01-06 02:18:27.146998+00:00,78.0,93753.311,93752.74,93754.98,BTC
2026-01-06 02:16:20+00:00,2026-01-06 02:18:27.991016+00:00,80.0,93757.021,93756.46,93758.7,BTC
2026-01-06 02:16:19+00:00,2026-01-06 02:18:28.153720+00:00,79.0,93754.081,93753.51,93756.07,BTC
2026-01-06 02:16:20+00:00,2026-01-06 02:18:29.169991+00:00,80.0,93757.781,93757.21,93759.73,BTC
2026-01-06 02:16:21+00:00,2026-01-06 02:18:29.062217+00:00,81.0,93758.531,93757.97,93760.75,BTC
2026-01-06 02:16:21+00:00,2026-01-06 02:18:30.164501+00:00,81.0,93758.911,93758.31,93760.83,BTC
2026-01-06 02:16:22+00:00,2026-01-06 02:18:30.306082+00:00,82.0,93756.911,93756.47,93758.31,BTC
2026-01-06 02:16:22+00:00,2026-01-06 02:18:31.162290+00:00,82.0,93756.911,93756.47,93758.31,BTC
2026-01-06 02:16:23+00:00,2026-01-06 02:18:31.334290+00:00,83.0,93752.461,93752.3,93754.4,BTC
2026-01-06 02:16:24+00:00,2026-01-06 02:18:32.235175+00:00,84.0,93750.381,93750.3,93753.09,BTC
2026-01-06 02:16:24+00:00,2026-01-06 02:18:32.349681+00:00,84.0,93750.391,93750.31,93752.78,BTC
2026-01-06 02:16:25+00:00,2026-01-06 02:18:33.232869+00:00,85.0,93750.391,93750.31,93752.47,BTC
2026-01-06 02:16:25+00:00,2026-01-06 02:18:33.338946+00:00,85.0,93749.431,93749.22,93752.02,BTC
2026-01-06 02:16:26+00:00,2026-01-06 02:18:34.211041+00:00,86.0,93748.471,93748.13,93751.57,BTC
2026-01-06 02:16:26+00:00,2026-01-06 02:18:34.335394+00:00,86.0,93748.201,93747.73,93750.85,BTC
2026-01-06 02:16:27+00:00,2026-01-06 02:18:35.213226+00:00,87.0,93747.941,93747.33,93750.14,BTC
2026-01-06 02:16:27+00:00,2026-01-06 02:18:35.320164+00:00,87.0,93747.941,93747.33,93750.14,BTC
2026-01-06 02:16:28+00:00,2026-01-06 02:18:36.213316+00:00,88.0,93747.941,93747.33,93750.14,BTC
2026-01-06 02:16:28+00:00,2026-01-06 02:18:36.360631+00:00,88.0,93747.631,93747.08,93749.64,BTC
2026-01-06 02:16:29+00:00,2026-01-06 02:18:37.268037+00:00,89.0,93747.321,93746.84,93749.15,BTC
2026-01-06 02:16:29+00:00,2026-01-06 02:18:37.318081+00:00,89.0,93747.121,93746.59,93749.42,BTC
2026-01-06 02:16:30+00:00,2026-01-06 02:18:38.282246+00:00,90.0,93746.911,93746.33,93749.69,BTC
2026-01-06 02:16:30+00:00,2026-01-06 02:18:38.320842+00:00,90.0,93746.911,93746.3,93749.69,BTC
2026-01-06 02:16:31+00:00,2026-01-06 02:18:39.290431+00:00,91.0,93746.911,93746.27,93749.69,BTC
2026-01-06 02:16:31+00:00,2026-01-06 02:18:39.321435+00:00,91.0,93747.141,93746.51,93750.17,BTC
2026-01-06 02:16:32+00:00,2026-01-06 02:18:40.305271+00:00,92.0,93747.361,93746.76,93750.64,BTC
2026-01-06 02:16:32+00:00,2026-01-06 02:18:40.338311+00:00,92.0,93747.471,93746.88,93750.64,BTC
2026-01-06 02:16:33+00:00,2026-01-06 02:18:41.317502+00:00,93.0,93747.581,93747.0,93750.64,BTC
2026-01-06 02:16:33+00:00,2026-01-06 02:18:41.352258+00:00,93.0,93747.411,93746.82,93750.49,BTC
2026-01-06 02:16:34+00:00,2026-01-06 02:18:42.317743+00:00,94.0,93747.251,93746.64,93750.33,BTC
2026-01-06 02:16:34+00:00,2026-01-06 02:18:42.348000+00:00,94.0,93747.281,93746.71,93750.33,BTC
2026-01-06 02:16:35+00:00,2026-01-06 02:18:43.340502+00:00,95.0,93747.301,93746.78,93750.33,BTC
2026-01-06 02:16:35+00:00,2026-01-06 02:18:43.352673+00:00,95.0,93747.421,93746.78,93750.46,BTC
2026-01-06 02:16:36+00:00,2026-01-06 02:18:44.324005+00:00,96.0,93747.531,93746.78,93750.59,BTC
2026-01-06 02:16:36+00:00,2026-01-06 02:18:44.355924+00:00,96.0,93748.951,93748.26,93752.58,BTC
2026-01-06 02:16:37+00:00,2026-01-06 02:18:45.349193+00:00,97.0,93750.371,93749.74,93754.58,BTC
2026-01-06 02:16:37+00:00,2026-01-06 02:18:45.366189+00:00,97.0,93750.371,93749.74,93754.7,BTC
2026-01-06 02:16:38+00:00,2026-01-06 02:18:46.345602+00:00,98.0,93750.371,93749.74,93754.83,BTC
2026-01-06 02:16:38+00:00,2026-01-06 02:18:46.371100+00:00,98.0,93750.921,93750.29,93755.27,BTC
2026-01-06 02:16:39+00:00,2026-01-06 02:18:47.350891+00:00,99.0,93751.471,93750.83,93755.7,BTC
2026-01-06 02:16:39+00:00,2026-01-06 02:18:47.392880+00:00,99.0,93751.471,93750.83,93755.7,BTC
2026-01-06 02:16:40+00:00,2026-01-06 02:18:48.359247+00:00,100.0,93751.471,93750.83,93755.7,BTC
2026-01-06 02:16:40+00:00,2026-01-06 02:18:48.405508+00:00,100.0,93751.471,93750.83,93755.7,BTC
2026-01-06 02:16:41+00:00,2026-01-06 02:18:49.361141+00:00,101.0,93751.691,93751.06,93755.79,BTC
2026-01-06 02:16:41+00:00,2026-01-06 02:18:49.410952+00:00,101.0,93751.691,93751.06,93755.79,BTC
2026-01-06 02:16:42+00:00,2026-01-06 02:18:50.366162+00:00,102.0,93751.731,93751.15,93755.49,BTC
2026-01-06 02:16:42+00:00,2026-01-06 02:18:50.527458+00:00,102.0,93751.731,93751.15,93755.49,BTC
2026-01-06 02:16:43+00:00,2026-01-06 02:18:51.363721+00:00,103.0,93751.621,93751.08,93755.83,BTC
2026-01-06 02:16:43+00:00,2026-01-06 02:18:51.576603+00:00,103.0,93751.621,93751.08,93755.83,BTC
2026-01-06 02:16:44+00:00,2026-01-06 02:18:52.654863+00:00,104.0,93752.181,93751.63,93756.0,BTC
2026-01-06 02:16:44+00:00,2026-01-06 02:18:52.729219+00:00,104.0,93752.181,93751.63,93756.0,BTC
2026-01-06 02:16:45+00:00,2026-01-06 02:18:53.516187+00:00,105.0,93752.161,93751.63,93756.31,BTC
2026-01-06 02:16:45+00:00,2026-01-06 02:18:53.607033+00:00,105.0,93752.161,93751.63,93756.31,BTC
2026-01-06 02:16:46+00:00,2026-01-06 02:18:54.489463+00:00,106.0,93752.621,93752.19,93756.06,BTC
2026-01-06 02:16:46+00:00,2026-01-06 02:18:54.619355+00:00,106.0,93752.621,93752.19,93756.06,BTC
2026-01-06 02:16:47+00:00,2026-01-06 02:18:55.501144+00:00,107.0,93752.561,93752.54,93756.28,BTC
2026-01-06 02:16:47+00:00,2026-01-06 02:18:55.650345+00:00,107.0,93752.561,93752.54,93756.28,BTC
2026-01-06 02:16:48+00:00,2026-01-06 02:18:56.492641+00:00,108.0,93752.351,93751.91,93755.65,BTC
2026-01-06 02:16:48+00:00,2026-01-06 02:18:56.682504+00:00,108.0,93752.351,93751.91,93755.65,BTC
2026-01-06 02:16:49+00:00,2026-01-06 02:18:57.484054+00:00,109.0,93752.291,93751.75,93755.64,BTC
2026-01-06 02:16:49+00:00,2026-01-06 02:18:57.661890+00:00,109.0,93752.291,93751.75,93755.64,BTC
2026-01-06 02:16:50+00:00,2026-01-06 02:18:58.569819+00:00,110.0,93750.311,93750.29,93753.62,BTC
2026-01-06 02:16:50+00:00,2026-01-06 02:18:58.672184+00:00,110.0,93750.311,93750.29,93753.62,BTC
2026-01-06 02:16:51+00:00,2026-01-06 02:18:59.676849+00:00,111.0,93750.321,93750.3,93753.63,BTC
2026-01-06 02:16:51+00:00,2026-01-06 02:18:59.572850+00:00,111.0,93750.321,93750.3,93753.63,BTC
2026-01-06 02:16:52+00:00,2026-01-06 02:19:01.188450+00:00,112.0,93749.661,93748.81,93754.19,BTC
2026-01-06 02:16:52+00:00,2026-01-06 02:19:00.931039+00:00,112.0,93749.661,93748.81,93754.19,BTC
2026-01-06 02:16:53+00:00,2026-01-06 02:19:01.787924+00:00,113.0,93751.221,93750.7,93755.05,BTC
2026-01-06 02:16:53+00:00,2026-01-06 02:19:01.621389+00:00,113.0,93751.051,93750.32,93755.23,BTC
2026-01-06 02:16:54+00:00,2026-01-06 02:19:02.678302+00:00,114.0,93751.391,93751.09,93754.87,BTC
2026-01-06 02:16:55+00:00,2026-01-06 02:19:03.690749+00:00,115.0,93751.301,93750.78,93755.05,BTC
2026-01-06 02:16:56+00:00,2026-01-06 02:19:05.098078+00:00,116.0,93750.971,93750.38,93755.03,BTC
2026-01-06 02:16:54+00:00,2026-01-06 02:19:02.709968+00:00,114.0,93751.391,93751.09,93754.87,BTC
2026-01-06 02:16:56+00:00,2026-01-06 02:19:06.408635+00:00,116.0,93751.061,93750.43,93755.03,BTC
2026-01-06 02:16:57+00:00,2026-01-06 02:19:06.089716+00:00,117.0,93750.941,93750.34,93754.94,BTC
2026-01-06 02:16:58+00:00,2026-01-06 02:19:06.491103+00:00,118.0,93751.001,93750.34,93754.85,BTC
2026-01-06 02:16:58+00:00,2026-01-06 02:19:07.096524+00:00,118.0,93751.001,93750.35,93754.98,BTC
2026-01-06 02:16:59+00:00,2026-01-06 02:19:07.433955+00:00,119.0,93751.011,93750.35,93755.11,BTC
2026-01-06 02:16:59+00:00,2026-01-06 02:19:08.146166+00:00,119.0,93751.321,93750.79,93755.12,BTC
2026-01-06 02:17:00+00:00,2026-01-06 02:19:09.128375+00:00,120.0,93751.651,93751.43,93755.13,BTC
2026-01-06 02:17:00+00:00,2026-01-06 02:19:08.440014+00:00,120.0,93751.641,93751.22,93755.13,BTC
2026-01-06 02:17:01+00:00,2026-01-06 02:19:10.161061+00:00,121.0,93751.661,93751.64,93755.14,BTC
2026-01-06 02:17:01+00:00,2026-01-06 02:19:10.197675+00:00,121.0,93751.661,93751.64,93755.13,BTC
2026-01-06 02:17:02+00:00,2026-01-06 02:19:11.446509+00:00,122.0,93751.661,93751.64,93755.14,BTC
2026-01-06 02:17:02+00:00,2026-01-06 02:19:11.155446+00:00,122.0,93751.671,93751.65,93755.13,BTC
2026-01-06 02:17:03+00:00,2026-01-06 02:19:11.892874+00:00,123.0,93751.671,93751.65,93755.12,BTC
2026-01-06 02:17:03+00:00,2026-01-06 02:19:12.220320+00:00,123.0,93751.671,93751.65,93755.12,BTC
2026-01-06 02:17:04+00:00,2026-01-06 02:19:12.888053+00:00,124.0,93751.671,93751.07,93755.12,BTC
2026-01-06 02:17:04+00:00,2026-01-06 02:19:13.283784+00:00,124.0,93751.321,93750.73,93755.21,BTC
2026-01-06 02:17:05+00:00,2026-01-06 02:19:13.926364+00:00,125.0,93750.971,93750.38,93755.3,BTC
2026-01-06 02:17:05+00:00,2026-01-06 02:19:14.216993+00:00,125.0,93750.971,93750.38,93755.3,BTC
2026-01-06 02:17:06+00:00,2026-01-06 02:19:14.959025+00:00,126.0,93750.971,93750.38,93755.3,BTC
2026-01-06 02:17:06+00:00,2026-01-06 02:19:15.776104+00:00,126.0,93752.051,93751.47,93755.82,BTC
2026-01-06 02:17:07+00:00,2026-01-06 02:19:15.975920+00:00,127.0,93753.121,93752.55,93756.34,BTC
2026-01-06 02:17:07+00:00,2026-01-06 02:19:16.817522+00:00,127.0,93753.121,93752.55,93756.34,BTC
2026-01-06 02:17:08+00:00,2026-01-06 02:19:17.211209+00:00,128.0,93753.121,93752.55,93756.34,BTC
2026-01-06 02:17:08+00:00,2026-01-06 02:19:17.876871+00:00,128.0,93752.981,93752.45,93756.3,BTC
2026-01-06 02:17:09+00:00,2026-01-06 02:19:18.183203+00:00,129.0,93752.831,93752.35,93756.27,BTC
2026-01-06 02:17:09+00:00,2026-01-06 02:19:18.807675+00:00,129.0,93753.021,93752.5,93756.24,BTC
2026-01-06 02:17:10+00:00,2026-01-06 02:19:19.374024+00:00,130.0,93753.461,93752.92,93756.27,BTC
2026-01-06 02:17:10+00:00,2026-01-06 02:19:19.860305+00:00,130.0,93753.461,93752.92,93756.27,BTC
2026-01-06 02:17:11+00:00,2026-01-06 02:19:20.331655+00:00,131.0,93753.721,93753.18,93756.35,BTC
2026-01-06 02:17:11+00:00,2026-01-06 02:19:20.940276+00:00,131.0,93753.721,93753.18,93756.35,BTC
2026-01-06 02:17:12+00:00,2026-01-06 02:19:21.438001+00:00,132.0,93753.471,93752.93,93756.29,BTC
2026-01-06 02:17:12+00:00,2026-01-06 02:19:21.865777+00:00,132.0,93753.471,93752.93,93756.29,BTC
2026-01-06 02:17:13+00:00,2026-01-06 02:19:22.355516+00:00,133.0,93753.211,93752.67,93756.16,BTC
2026-01-06 02:17:14+00:00,2026-01-06 02:19:22.944236+00:00,134.0,93753.211,93752.67,93756.13,BTC
2026-01-06 02:17:14+00:00,2026-01-06 02:19:23.346314+00:00,134.0,93747.721,93747.43,93749.74,BTC
2026-01-06 02:17:15+00:00,2026-01-06 02:19:23.876008+00:00,135.0,93742.221,93742.2,93743.35,BTC
2026-01-06 02:17:15+00:00,2026-01-06 02:19:24.399225+00:00,135.0,93734.881,93734.48,93737.24,BTC
2026-01-06 02:17:16+00:00,2026-01-06 02:19:25.055038+00:00,136.0,93727.551,93726.77,93731.14,BTC
2026-01-06 02:17:16+00:00,2026-01-06 02:19:25.360089+00:00,136.0,93727.551,93726.77,93731.14,BTC
2026-01-06 02:17:17+00:00,2026-01-06 02:19:26.450161+00:00,137.0,93728.391,93727.03,93732.23,BTC
2026-01-06 02:17:17+00:00,2026-01-06 02:19:26.090964+00:00,137.0,93727.551,93726.77,93731.14,BTC
2026-01-06 02:17:18+00:00,2026-01-06 02:19:27.389614+00:00,138.0,93728.851,93726.71,93732.73,BTC
2026-01-06 02:17:18+00:00,2026-01-06 02:19:27.385552+00:00,138.0,93728.851,93726.71,93732.73,BTC
2026-01-06 02:17:19+00:00,2026-01-06 02:19:28.423085+00:00,139.0,93728.061,93725.54,93731.52,BTC
2026-01-06 02:17:19+00:00,2026-01-06 02:19:28.439088+00:00,139.0,93728.061,93725.54,93731.52,BTC
2026-01-06 02:17:20+00:00,2026-01-06 02:19:29.422803+00:00,140.0,93727.671,93724.96,93730.91,BTC
2026-01-06 02:17:20+00:00,2026-01-06 02:19:29.491452+00:00,140.0,93727.671,93724.96,93730.91,BTC
2026-01-06 02:17:21+00:00,2026-01-06 02:19:30.439012+00:00,141.0,93727.861,93725.46,93731.2,BTC
2026-01-06 02:17:21+00:00,2026-01-06 02:19:30.487960+00:00,141.0,93727.861,93725.46,93731.2,BTC
2026-01-06 02:17:22+00:00,2026-01-06 02:19:31.458222+00:00,142.0,93728.241,93726.37,93731.68,BTC
2026-01-06 02:17:22+00:00,2026-01-06 02:19:31.537330+00:00,142.0,93728.241,93726.37,93731.68,BTC
2026-01-06 02:17:23+00:00,2026-01-06 02:19:32.453673+00:00,143.0,93728.441,93726.79,93731.92,BTC
2026-01-06 02:17:24+00:00,2026-01-06 02:19:32.921309+00:00,144.0,93728.451,93726.79,93731.98,BTC
2026-01-06 02:17:24+00:00,2026-01-06 02:19:33.478659+00:00,144.0,93728.801,93726.93,93732.49,BTC
2026-01-06 02:17:25+00:00,2026-01-06 02:19:33.990910+00:00,145.0,93729.161,93727.08,93733.0,BTC
2026-01-06 02:17:25+00:00,2026-01-06 02:19:34.773603+00:00,145.0,93729.171,93727.08,93733.02,BTC
2026-01-06 02:17:26+00:00,2026-01-06 02:19:34.938283+00:00,146.0,93729.191,93727.08,93733.04,BTC
2026-01-06 02:17:26+00:00,2026-01-06 02:19:35.695797+00:00,146.0,93729.191,93727.08,93733.04,BTC
2026-01-06 02:17:27+00:00,2026-01-06 02:19:35.946304+00:00,147.0,93730.161,93728.95,93733.2,BTC
2026-01-06 02:17:27+00:00,2026-01-06 02:19:36.788743+00:00,147.0,93730.161,93728.95,93733.2,BTC
2026-01-06 02:17:28+00:00,2026-01-06 02:19:37.658050+00:00,148.0,93730.161,93728.95,93733.2,BTC
2026-01-06 02:17:28+00:00,2026-01-06 02:19:36.962690+00:00,148.0,93730.161,93728.95,93733.2,BTC
2026-01-06 02:17:29+00:00,2026-01-06 02:19:38.972821+00:00,149.0,93729.591,93728.1,93733.06,BTC
2026-01-06 02:17:30+00:00,2026-01-06 02:19:38.994228+00:00,150.0,93729.081,93728.07,93732.13,BTC
2026-01-06 02:17:29+00:00,2026-01-06 02:19:38.675162+00:00,149.0,93729.591,93728.1,93733.06,BTC
2026-01-06 02:17:31+00:00,2026-01-06 02:19:40.091256+00:00,151.0,93729.081,93728.07,93732.11,BTC
2026-01-06 02:17:30+00:00,2026-01-06 02:19:40.247587+00:00,150.0,93729.081,93728.07,93732.12,BTC
2026-01-06 02:17:31+00:00,2026-01-06 02:19:41.313997+00:00,151.0,93729.081,93728.1,93732.11,BTC
2026-01-06 02:17:32+00:00,2026-01-06 02:19:41.089192+00:00,152.0,93729.091,93728.13,93732.11,BTC
2026-01-06 02:17:33+00:00,2026-01-06 02:19:42.789840+00:00,153.0,93729.091,93728.13,93732.11,BTC
2026-01-06 02:17:32+00:00,2026-01-06 02:19:42.425337+00:00,152.0,93729.091,93728.13,93732.11,BTC
2026-01-06 02:17:34+00:00,2026-01-06 02:19:43.107541+00:00,154.0,93729.431,93728.15,93732.72,BTC
2026-01-06 02:17:33+00:00,2026-01-06 02:19:43.254873+00:00,153.0,93729.261,93728.14,93732.42,BTC
2026-01-06 02:17:35+00:00,2026-01-06 02:19:44.102303+00:00,155.0,93729.431,93728.15,93732.72,BTC
2026-01-06 02:17:34+00:00,2026-01-06 02:19:44.363726+00:00,154.0,93729.431,93728.15,93732.72,BTC
2026-01-06 02:17:36+00:00,2026-01-06 02:19:45.116441+00:00,156.0,93729.431,93728.18,93732.73,BTC
2026-01-06 02:17:35+00:00,2026-01-06 02:19:45.277214+00:00,155.0,93729.431,93728.16,93732.73,BTC
2026-01-06 02:17:37+00:00,2026-01-06 02:19:46.122407+00:00,157.0,93729.361,93728.24,93732.69,BTC
2026-01-06 02:17:36+00:00,2026-01-06 02:19:46.572615+00:00,156.0,93729.401,93728.21,93732.71,BTC
2026-01-06 02:17:38+00:00,2026-01-06 02:19:47.297581+00:00,158.0,93729.391,93728.26,93732.58,BTC
2026-01-06 02:17:37+00:00,2026-01-06 02:19:47.311621+00:00,157.0,93729.381,93728.25,93732.64,BTC
2026-01-06 02:17:39+00:00,2026-01-06 02:19:48.164501+00:00,159.0,93729.411,93728.28,93732.52,BTC
2026-01-06 02:17:38+00:00,2026-01-06 02:19:48.355203+00:00,158.0,93729.401,93728.27,93732.55,BTC
2026-01-06 02:17:40+00:00,2026-01-06 02:19:49.189082+00:00,160.0,93729.411,93728.28,93732.52,BTC
2026-01-06 02:17:39+00:00,2026-01-06 02:19:49.389762+00:00,159.0,93729.411,93728.28,93732.52,BTC
2026-01-06 02:17:41+00:00,2026-01-06 02:19:50.182131+00:00,161.0,93727.711,93726.02,93731.27,BTC
2026-01-06 02:17:40+00:00,2026-01-06 02:19:50.445269+00:00,160.0,93728.561,93727.15,93731.89,BTC
2026-01-06 02:17:41+00:00,2026-01-06 02:19:51.531090+00:00,161.0,93727.281,93725.76,93730.3,BTC
2026-01-06 02:17:42+00:00,2026-01-06 02:19:51.326262+00:00,162.0,93726.851,93725.49,93729.33,BTC
2026-01-06 02:17:43+00:00,2026-01-06 02:19:52.376364+00:00,163.0,93725.941,93724.09,93728.33,BTC
2026-01-06 02:17:42+00:00,2026-01-06 02:19:52.082173+00:00,162.0,93726.401,93724.79,93728.83,BTC
2026-01-06 02:17:44+00:00,2026-01-06 02:19:53.347859+00:00,164.0,93725.041,93722.69,93727.34,BTC
2026-01-06 02:17:43+00:00,2026-01-06 02:19:53.487886+00:00,163.0,93725.491,93723.39,93727.83,BTC
2026-01-06 02:17:45+00:00,2026-01-06 02:19:54.359301+00:00,165.0,93724.141,93721.29,93726.34,BTC
2026-01-06 02:17:44+00:00,2026-01-06 02:19:54.429126+00:00,164.0,93724.591,93721.99,93726.84,BTC
2026-01-06 02:17:46+00:00,2026-01-06 02:19:55.455070+00:00,166.0,93715.871,93713.62,93717.37,BTC
2026-01-06 02:17:45+00:00,2026-01-06 02:19:55.480622+00:00,165.0,93722.731,93719.86,93723.88,BTC
2026-01-06 02:17:47+00:00,2026-01-06 02:19:56.455744+00:00,167.0,93710.301,93708.71,93713.25,BTC
2026-01-06 02:17:47+00:00,2026-01-06 02:19:56.571500+00:00,167.0,93710.431,93708.81,93713.32,BTC
2026-01-06 02:17:48+00:00,2026-01-06 02:19:57.465506+00:00,168.0,93710.071,93707.8,93712.44,BTC
2026-01-06 02:17:48+00:00,2026-01-06 02:19:57.643883+00:00,168.0,93710.161,93708.61,93713.18,BTC
2026-01-06 02:17:49+00:00,2026-01-06 02:19:58.480158+00:00,169.0,93709.981,93706.99,93711.7,BTC
2026-01-06 02:17:49+00:00,2026-01-06 02:19:58.648257+00:00,169.0,93709.981,93706.99,93711.7,BTC
2026-01-06 02:17:50+00:00,2026-01-06 02:19:59.476665+00:00,170.0,93709.981,93706.99,93711.7,BTC
2026-01-06 02:17:50+00:00,2026-01-06 02:19:59.659763+00:00,170.0,93709.981,93706.99,93711.7,BTC
2026-01-06 02:17:51+00:00,2026-01-06 02:20:00.527912+00:00,171.0,93714.501,93713.97,93716.84,BTC
2026-01-06 02:17:51+00:00,2026-01-06 02:20:00.702434+00:00,171.0,93714.501,93713.97,93716.84,BTC
2026-01-06 02:17:52+00:00,2026-01-06 02:20:01.524683+00:00,172.0,93715.331,93714.47,93718.07,BTC
2026-01-06 02:17:52+00:00,2026-01-06 02:20:01.723345+00:00,172.0,93715.331,93714.47,93718.07,BTC
2026-01-06 02:17:53+00:00,2026-01-06 02:20:02.680051+00:00,173.0,93715.141,93714.35,93717.72,BTC
2026-01-06 02:17:53+00:00,2026-01-06 02:20:02.877324+00:00,173.0,93715.141,93714.35,93717.72,BTC
2026-01-06 02:17:54+00:00,2026-01-06 02:20:03.538252+00:00,174.0,93710.371,93710.25,93713.27,BTC
2026-01-06 02:17:54+00:00,2026-01-06 02:20:03.871946+00:00,174.0,93710.371,93710.25,93713.27,BTC
2026-01-06 02:17:55+00:00,2026-01-06 02:20:04.657775+00:00,175.0,93710.371,93710.25,93713.27,BTC
2026-01-06 02:17:55+00:00,2026-01-06 02:20:04.976622+00:00,175.0,93710.101,93709.32,93713.06,BTC
2026-01-06 02:17:56+00:00,2026-01-06 02:20:05.589249+00:00,176.0,93709.821,93708.4,93712.84,BTC
2026-01-06 02:17:56+00:00,2026-01-06 02:20:05.995176+00:00,176.0,93709.821,93708.4,93712.84,BTC
2026-01-06 02:17:57+00:00,2026-01-06 02:20:06.754584+00:00,177.0,93709.821,93708.4,93712.84,BTC
2026-01-06 02:17:57+00:00,2026-01-06 02:20:07.375116+00:00,177.0,93709.421,93707.27,93711.78,BTC
2026-01-06 02:17:58+00:00,2026-01-06 02:20:07.726240+00:00,178.0,93709.011,93706.14,93710.73,BTC
2026-01-06 02:17:59+00:00,2026-01-06 02:20:08.495855+00:00,179.0,93707.671,93706.14,93710.73,BTC
2026-01-06 02:17:59+00:00,2026-01-06 02:20:08.678180+00:00,179.0,93707.671,93706.14,93710.73,BTC
2026-01-06 02:18:00+00:00,2026-01-06 02:20:09.527761+00:00,180.0,93707.291,93705.72,93710.85,BTC
2026-01-06 02:18:00+00:00,2026-01-06 02:20:10.456040+00:00,180.0,93707.291,93705.72,93710.85,BTC
2026-01-06 02:18:01+00:00,2026-01-06 02:20:10.690140+00:00,181.0,93707.281,93705.63,93710.85,BTC
2026-01-06 02:18:01+00:00,2026-01-06 02:20:10.492026+00:00,181.0,93707.281,93705.63,93710.85,BTC
2026-01-06 02:18:02+00:00,2026-01-06 02:20:12.072355+00:00,182.0,93704.761,93702.37,93707.41,BTC
2026-01-06 02:18:02+00:00,2026-01-06 02:20:11.720385+00:00,182.0,93704.761,93702.37,93707.41,BTC
2026-01-06 02:18:03+00:00,2026-01-06 02:20:12.471435+00:00,183.0,93704.761,93702.37,93707.41,BTC
2026-01-06 02:18:03+00:00,2026-01-06 02:20:13.341765+00:00,183.0,93704.761,93702.37,93707.41,BTC
2026-01-06 02:18:04+00:00,2026-01-06 02:20:13.477862+00:00,184.0,93703.641,93702.79,93706.97,BTC
2026-01-06 02:18:04+00:00,2026-01-06 02:20:13.752659+00:00,184.0,93703.641,93702.79,93706.97,BTC
2026-01-06 02:18:05+00:00,2026-01-06 02:20:14.561637+00:00,185.0,93704.041,93702.79,93707.05,BTC
2026-01-06 02:18:05+00:00,2026-01-06 02:20:14.892661+00:00,185.0,93704.801,93703.8,93708.01,BTC
2026-01-06 02:18:06+00:00,2026-01-06 02:20:15.486545+00:00,186.0,93705.561,93704.81,93708.96,BTC
2026-01-06 02:18:06+00:00,2026-01-06 02:20:15.775076+00:00,186.0,93705.561,93704.81,93708.96,BTC
2026-01-06 02:18:07+00:00,2026-01-06 02:20:16.502461+00:00,187.0,93705.601,93704.81,93708.96,BTC
2026-01-06 02:18:07+00:00,2026-01-06 02:20:16.831713+00:00,187.0,93705.601,93704.77,93709.03,BTC
2026-01-06 02:18:08+00:00,2026-01-06 02:20:17.891735+00:00,188.0,93705.611,93704.73,93709.08,BTC
2026-01-06 02:18:08+00:00,2026-01-06 02:20:17.574582+00:00,188.0,93705.611,93704.73,93709.09,BTC
2026-01-06 02:18:09+00:00,2026-01-06 02:20:18.847406+00:00,189.0,93705.611,93704.73,93709.07,BTC
2026-01-06 02:18:09+00:00,2026-01-06 02:20:18.830138+00:00,189.0,93704.081,93702.46,93707.18,BTC
2026-01-06 02:18:10+00:00,2026-01-06 02:20:19.867216+00:00,190.0,93702.101,93700.19,93705.28,BTC
2026-01-06 02:18:10+00:00,2026-01-06 02:20:19.851477+00:00,190.0,93702.551,93700.19,93705.28,BTC
2026-01-06 02:18:11+00:00,2026-01-06 02:20:20.912349+00:00,191.0,93699.731,93698.61,93703.5,BTC
2026-01-06 02:18:11+00:00,2026-01-06 02:20:21.273645+00:00,191.0,93699.731,93698.61,93703.5,BTC
2026-01-06 02:18:12+00:00,2026-01-06 02:20:21.970809+00:00,192.0,93698.521,93697.83,93702.15,BTC
2026-01-06 02:18:12+00:00,2026-01-06 02:20:22.264441+00:00,192.0,93698.521,93697.83,93702.15,BTC
2026-01-06 02:18:13+00:00,2026-01-06 02:20:23.469153+00:00,193.0,93699.341,93698.82,93702.52,BTC
2026-01-06 02:18:13+00:00,2026-01-06 02:20:23.505123+00:00,193.0,93699.341,93698.82,93702.52,BTC
2026-01-06 02:18:14+00:00,2026-01-06 02:20:24.461046+00:00,194.0,93699.441,93698.99,93702.47,BTC
2026-01-06 02:18:14+00:00,2026-01-06 02:20:24.539149+00:00,194.0,93699.441,93698.99,93702.47,BTC
2026-01-06 02:18:15+00:00,2026-01-06 02:20:25.535170+00:00,195.0,93699.441,93698.99,93702.47,BTC
2026-01-06 02:18:15+00:00,2026-01-06 02:20:25.445662+00:00,195.0,93699.441,93698.99,93702.47,BTC
2026-01-06 02:18:16+00:00,2026-01-06 02:20:26.925148+00:00,196.0,93699.251,93698.73,93702.78,BTC
2026-01-06 02:18:16+00:00,2026-01-06 02:20:26.524651+00:00,196.0,93699.251,93698.73,93702.78,BTC
2026-01-06 02:18:17+00:00,2026-01-06 02:20:27.854062+00:00,197.0,93699.381,93699.08,93702.78,BTC
2026-01-06 02:18:17+00:00,2026-01-06 02:20:27.167700+00:00,197.0,93699.241,93698.66,93702.77,BTC
2026-01-06 02:18:18+00:00,2026-01-06 02:20:28.774219+00:00,198.0,93699.521,93699.5,93702.78,BTC
2026-01-06 02:18:18+00:00,2026-01-06 02:20:28.587853+00:00,198.0,93699.461,93699.24,93702.77,BTC
2026-01-06 02:18:19+00:00,2026-01-06 02:20:29.616214+00:00,199.0,93699.391,93698.97,93702.77,BTC
2026-01-06 02:18:19+00:00,2026-01-06 02:20:29.690937+00:00,199.0,93699.461,93699.24,93702.77,BTC
2026-01-06 02:18:20+00:00,2026-01-06 02:20:30.199709+00:00,200.0,93699.521,93699.5,93702.77,BTC
2026-01-06 02:18:20+00:00,2026-01-06 02:20:30.637027+00:00,200.0,93699.381,93699.06,93702.76,BTC
2026-01-06 02:18:21+00:00,2026-01-06 02:20:31.209698+00:00,201.0,93699.231,93698.62,93702.74,BTC
2026-01-06 02:18:21+00:00,2026-01-06 02:20:31.627519+00:00,201.0,93699.391,93699.02,93702.74,BTC
2026-01-06 02:18:23+00:00,2026-01-06 02:20:32.836771+00:00,203.0,93699.381,93699.02,93702.75,BTC
2026-01-06 02:18:22+00:00,2026-01-06 02:20:32.225596+00:00,202.0,93699.561,93699.42,93702.75,BTC
2026-01-06 02:18:24+00:00,2026-01-06 02:20:33.806784+00:00,204.0,93699.591,93699.34,93702.74,BTC
2026-01-06 02:18:23+00:00,2026-01-06 02:20:33.958109+00:00,203.0,93699.481,93699.18,93702.75,BTC
2026-01-06 02:18:24+00:00,2026-01-06 02:20:35.044387+00:00,204.0,93699.441,93698.95,93702.74,BTC
2026-01-06 02:18:25+00:00,2026-01-06 02:20:35.010113+00:00,205.0,93699.301,93698.57,93702.74,BTC
2026-01-06 02:18:25+00:00,2026-01-06 02:20:35.647532+00:00,205.0,93699.321,93698.85,93702.7,BTC
2026-01-06 02:18:26+00:00,2026-01-06 02:20:36.025290+00:00,206.0,93699.341,93699.13,93702.66,BTC
2026-01-06 02:18:26+00:00,2026-01-06 02:20:36.675919+00:00,206.0,93699.181,93698.83,93702.66,BTC
2026-01-06 02:18:27+00:00,2026-01-06 02:20:37.072367+00:00,207.0,93699.021,93698.54,93702.66,BTC
2026-01-06 02:18:27+00:00,2026-01-06 02:20:37.642563+00:00,207.0,93699.201,93698.82,93702.71,BTC
2026-01-06 02:18:28+00:00,2026-01-06 02:20:38.125840+00:00,208.0,93699.371,93699.09,93702.76,BTC
2026-01-06 02:18:28+00:00,2026-01-06 02:20:38.692974+00:00,208.0,93699.371,93699.21,93702.8,BTC
2026-01-06 02:18:29+00:00,2026-01-06 02:20:39.652861+00:00,209.0,93699.361,93699.33,93702.83,BTC
2026-01-06 02:18:29+00:00,2026-01-06 02:20:39.153194+00:00,209.0,93699.381,93699.33,93702.85,BTC
2026-01-06 02:18:30+00:00,2026-01-06 02:20:40.803071+00:00,210.0,93699.351,93699.33,93702.82,BTC
2026-01-06 02:18:30+00:00,2026-01-06 02:20:40.762565+00:00,210.0,93699.351,93699.33,93702.82,BTC
2026-01-06 02:18:31+00:00,2026-01-06 02:20:41.102998+00:00,211.0,93699.351,93699.33,93702.82,BTC
2026-01-06 02:18:31+00:00,2026-01-06 02:20:41.446645+00:00,211.0,93699.351,93699.33,93702.83,BTC
2026-01-06 02:18:32+00:00,2026-01-06 02:20:42.121236+00:00,212.0,93699.351,93699.33,93702.83,BTC
2026-01-06 02:18:32+00:00,2026-01-06 02:20:42.450453+00:00,212.0,93699.281,93699.01,93702.83,BTC
2026-01-06 02:18:33+00:00,2026-01-06 02:20:43.104345+00:00,213.0,93699.221,93698.68,93702.83,BTC
2026-01-06 02:18:33+00:00,2026-01-06 02:20:43.787685+00:00,213.0,93699.051,93698.39,93702.8,BTC
2026-01-06 02:18:34+00:00,2026-01-06 02:20:44.120028+00:00,214.0,93698.871,93698.09,93702.76,BTC
2026-01-06 02:18:34+00:00,2026-01-06 02:20:44.797715+00:00,214.0,93692.011,93689.92,93694.31,BTC
2026-01-06 02:18:35+00:00,2026-01-06 02:20:45.124751+00:00,215.0,93685.151,93681.75,93685.85,BTC
2026-01-06 02:18:35+00:00,2026-01-06 02:20:45.819208+00:00,215.0,93682.331,93680.17,93684.49,BTC
2026-01-06 02:18:36+00:00,2026-01-06 02:20:46.195975+00:00,216.0,93679.501,93678.58,93683.14,BTC
2026-01-06 02:18:37+00:00,2026-01-06 02:20:46.802819+00:00,217.0,93672.931,93672.38,93676.57,BTC
2026-01-06 02:18:37+00:00,2026-01-06 02:20:47.170240+00:00,217.0,93672.931,93672.38,93676.57,BTC
2026-01-06 02:18:38+00:00,2026-01-06 02:20:47.842359+00:00,218.0,93671.431,93670.11,93675.07,BTC
2026-01-06 02:18:38+00:00,2026-01-06 02:20:48.394580+00:00,218.0,93672.751,93671.6,93676.52,BTC
2026-01-06 02:18:39+00:00,2026-01-06 02:20:49.419847+00:00,219.0,93674.071,93673.08,93677.98,BTC
2026-01-06 02:18:39+00:00,2026-01-06 02:20:49.860317+00:00,219.0,93674.191,93673.66,93677.97,BTC
2026-01-06 02:18:40+00:00,2026-01-06 02:20:50.971155+00:00,220.0,93674.321,93674.24,93677.96,BTC
2026-01-06 02:18:41+00:00,2026-01-06 02:20:51.190161+00:00,221.0,93674.331,93674.32,93677.96,BTC
2026-01-06 02:18:41+00:00,2026-01-06 02:20:51.402880+00:00,221.0,93674.331,93674.32,93677.96,BTC
2026-01-06 02:18:42+00:00,2026-01-06 02:20:52.436215+00:00,222.0,93674.331,93674.32,93677.96,BTC
2026-01-06 02:18:42+00:00,2026-01-06 02:20:52.455371+00:00,222.0,93674.331,93674.32,93677.96,BTC
2026-01-06 02:18:43+00:00,2026-01-06 02:20:53.489761+00:00,223.0,93674.451,93674.34,93677.98,BTC
2026-01-06 02:18:43+00:00,2026-01-06 02:20:53.268968+00:00,223.0,93674.451,93674.34,93677.98,BTC
2026-01-06 02:18:44+00:00,2026-01-06 02:20:54.462376+00:00,224.0,93674.931,93674.91,93677.92,BTC
2026-01-06 02:18:44+00:00,2026-01-06 02:20:54.518844+00:00,224.0,93674.931,93674.91,93677.92,BTC
2026-01-06 02:18:45+00:00,2026-01-06 02:20:55.461357+00:00,225.0,93674.931,93674.91,93677.92,BTC
2026-01-06 02:18:45+00:00,2026-01-06 02:20:55.537313+00:00,225.0,93675.011,93674.91,93678.02,BTC
2026-01-06 02:18:46+00:00,2026-01-06 02:20:56.494335+00:00,226.0,93675.091,93674.91,93678.13,BTC
2026-01-06 02:18:46+00:00,2026-01-06 02:20:56.565214+00:00,226.0,93675.161,93674.91,93678.51,BTC
2026-01-06 02:18:47+00:00,2026-01-06 02:20:57.512598+00:00,227.0,93675.231,93674.91,93678.89,BTC
2026-01-06 02:18:47+00:00,2026-01-06 02:20:57.570744+00:00,227.0,93675.971,93675.34,93679.61,BTC
2026-01-06 02:18:48+00:00,2026-01-06 02:20:58.485417+00:00,228.0,93676.701,93675.77,93680.33,BTC
2026-01-06 02:18:48+00:00,2026-01-06 02:20:58.591849+00:00,228.0,93676.701,93675.77,93680.33,BTC
2026-01-06 02:18:49+00:00,2026-01-06 02:20:59.502911+00:00,229.0,93676.701,93675.77,93680.33,BTC
2026-01-06 02:18:49+00:00,2026-01-06 02:20:59.595636+00:00,229.0,93678.231,93677.75,93681.1,BTC
2026-01-06 02:18:50+00:00,2026-01-06 02:21:00.522478+00:00,230.0,93679.761,93679.74,93681.87,BTC
2026-01-06 02:18:50+00:00,2026-01-06 02:21:00.622190+00:00,230.0,93679.761,93679.74,93681.87,BTC
2026-01-06 02:18:51+00:00,2026-01-06 02:21:01.508265+00:00,231.0,93679.761,93679.75,93681.87,BTC
2026-01-06 02:18:51+00:00,2026-01-06 02:21:01.621309+00:00,231.0,93679.761,93679.74,93681.76,BTC
2026-01-06 02:18:52+00:00,2026-01-06 02:21:02.572402+00:00,232.0,93679.761,93679.74,93681.64,BTC
2026-01-06 02:18:52+00:00,2026-01-06 02:21:02.800982+00:00,232.0,93679.761,93679.74,93681.49,BTC
2026-01-06 02:18:53+00:00,2026-01-06 02:21:03.531812+00:00,233.0,93679.771,93679.75,93681.33,BTC
2026-01-06 02:18:54+00:00,2026-01-06 02:21:04.025871+00:00,234.0,93679.771,93679.75,93681.3,BTC
2026-01-06 02:18:54+00:00,2026-01-06 02:21:04.515682+00:00,234.0,93679.771,93679.75,93681.3,BTC
2026-01-06 02:18:55+00:00,2026-01-06 02:21:04.809365+00:00,235.0,93679.761,93679.59,93681.27,BTC
2026-01-06 02:18:55+00:00,2026-01-06 02:21:05.523508+00:00,235.0,93679.761,93679.44,93681.24,BTC
2026-01-06 02:18:56+00:00,2026-01-06 02:21:05.928885+00:00,236.0,93679.761,93679.44,93681.24,BTC
2026-01-06 02:18:56+00:00,2026-01-06 02:21:06.807403+00:00,236.0,93679.751,93679.58,93681.24,BTC
2026-01-06 02:18:57+00:00,2026-01-06 02:21:06.973365+00:00,237.0,93679.731,93679.71,93681.24,BTC
2026-01-06 02:18:58+00:00,2026-01-06 02:21:07.941625+00:00,238.0,93679.731,93679.71,93681.16,BTC
2026-01-06 02:18:57+00:00,2026-01-06 02:21:07.869221+00:00,237.0,93679.731,93679.71,93681.2,BTC
2026-01-06 02:18:58+00:00,2026-01-06 02:21:08.985186+00:00,238.0,93679.611,93679.6,93681.16,BTC
2026-01-06 02:18:59+00:00,2026-01-06 02:21:08.970025+00:00,239.0,93679.501,93679.48,93681.17,BTC
2026-01-06 02:18:59+00:00,2026-01-06 02:21:09.940935+00:00,239.0,93679.501,93679.48,93681.14,BTC
2026-01-06 02:19:00+00:00,2026-01-06 02:21:09.969375+00:00,240.0,93679.501,93679.48,93681.12,BTC
2026-01-06 02:19:01+00:00,2026-01-06 02:21:10.978606+00:00,241.0,93679.661,93679.48,93681.13,BTC
2026-01-06 02:19:00+00:00,2026-01-06 02:21:10.920977+00:00,240.0,93679.581,93679.48,93681.13,BTC
2026-01-06 02:19:02+00:00,2026-01-06 02:21:12.170320+00:00,242.0,93679.661,93678.79,93681.34,BTC
2026-01-06 02:19:02+00:00,2026-01-06 02:21:12.739651+00:00,242.0,93679.661,93678.79,93681.34,BTC
2026-01-06 02:19:03+00:00,2026-01-06 02:21:14.252397+00:00,243.0,93687.401,93687.08,93687.47,BTC
2026-01-06 02:19:03+00:00,2026-01-06 02:21:14.571063+00:00,243.0,93687.401,93687.08,93687.47,BTC
2026-01-06 02:19:04+00:00,2026-01-06 02:21:15.213794+00:00,244.0,93687.381,93687.21,93687.42,BTC
2026-01-06 02:19:04+00:00,2026-01-06 02:21:15.711756+00:00,244.0,93687.381,93687.21,93687.42,BTC
2026-01-06 02:19:05+00:00,2026-01-06 02:21:16.229072+00:00,245.0,93688.621,93688.17,93689.18,BTC
2026-01-06 02:19:05+00:00,2026-01-06 02:21:16.309712+00:00,245.0,93688.621,93688.17,93689.18,BTC
2026-01-06 02:19:06+00:00,2026-01-06 02:21:17.273464+00:00,246.0,93689.881,93689.01,93690.99,BTC
2026-01-06 02:19:06+00:00,2026-01-06 02:21:17.636459+00:00,246.0,93689.881,93689.01,93690.99,BTC
2026-01-06 02:19:07+00:00,2026-01-06 02:21:18.274172+00:00,247.0,93692.471,93692.02,93693.04,BTC
2026-01-06 02:19:08+00:00,2026-01-06 02:21:18.744031+00:00,248.0,93695.061,93695.04,93695.08,BTC
2026-01-06 02:19:09+00:00,2026-01-06 02:21:19.367702+00:00,249.0,93695.061,93695.04,93695.08,BTC
2026-01-06 02:19:09+00:00,2026-01-06 02:21:19.688531+00:00,249.0,93695.061,93695.04,93695.08,BTC
2026-01-06 02:19:10+00:00,2026-01-06 02:21:20.569081+00:00,250.0,93694.221,93693.63,93694.81,BTC
2026-01-06 02:19:10+00:00,2026-01-06 02:21:20.847259+00:00,250.0,93694.221,93693.63,93694.81,BTC
2026-01-06 02:19:11+00:00,2026-01-06 02:21:21.602898+00:00,251.0,93694.021,93693.47,93694.58,BTC
2026-01-06 02:19:11+00:00,2026-01-06 02:21:21.770487+00:00,251.0,93694.021,93693.47,93694.58,BTC
2026-01-06 02:19:12+00:00,2026-01-06 02:21:23.224947+00:00,252.0,93692.381,93691.84,93692.92,BTC
2026-01-06 02:19:12+00:00,2026-01-06 02:21:22.653635+00:00,252.0,93692.381,93691.84,93692.92,BTC
2026-01-06 02:19:13+00:00,2026-01-06 02:21:23.619646+00:00,253.0,93693.041,93692.31,93693.77,BTC
2026-01-06 02:19:13+00:00,2026-01-06 02:21:23.486351+00:00,253.0,93693.041,93692.31,93693.77,BTC
2026-01-06 02:19:14+00:00,2026-01-06 02:21:25.256196+00:00,254.0,93693.041,93692.31,93693.77,BTC
2026-01-06 02:19:14+00:00,2026-01-06 02:21:24.621408+00:00,254.0,93693.041,93692.31,93693.77,BTC
2026-01-06 02:19:15+00:00,2026-01-06 02:21:25.636859+00:00,255.0,93697.541,93697.01,93698.06,BTC
2026-01-06 02:19:15+00:00,2026-01-06 02:21:25.517529+00:00,255.0,93697.541,93697.01,93698.06,BTC
2026-01-06 02:19:16+00:00,2026-01-06 02:21:26.635878+00:00,256.0,93698.381,93697.86,93698.9,BTC
2026-01-06 02:19:17+00:00,2026-01-06 02:21:27.648554+00:00,257.0,93701.121,93699.68,93702.94,BTC
2026-01-06 02:19:17+00:00,2026-01-06 02:21:27.630561+00:00,257.0,93701.121,93699.68,93702.94,BTC
2026-01-06 02:19:18+00:00,2026-01-06 02:21:28.674358+00:00,258.0,93704.681,93704.03,93705.34,BTC
2026-01-06 02:19:18+00:00,2026-01-06 02:21:28.686164+00:00,258.0,93704.681,93704.03,93705.34,BTC
2026-01-06 02:19:19+00:00,2026-01-06 02:21:29.717993+00:00,259.0,93707.951,93707.42,93708.49,BTC
2026-01-06 02:19:19+00:00,2026-01-06 02:21:30.106332+00:00,259.0,93707.951,93707.42,93708.49,BTC
2026-01-06 02:19:20+00:00,2026-01-06 02:21:30.699194+00:00,260.0,93707.911,93707.21,93708.61,BTC
2026-01-06 02:19:20+00:00,2026-01-06 02:21:30.744705+00:00,260.0,93707.911,93707.21,93708.61,BTC
2026-01-06 02:19:21+00:00,2026-01-06 02:21:31.706892+00:00,261.0,93708.911,93708.36,93709.06,BTC
2026-01-06 02:19:21+00:00,2026-01-06 02:21:32.252301+00:00,261.0,93708.911,93708.36,93709.06,BTC
2026-01-06 02:19:22+00:00,2026-01-06 02:21:32.792906+00:00,262.0,93709.371,93709.2,93709.66,BTC
2026-01-06 02:19:22+00:00,2026-01-06 02:21:33.126622+00:00,262.0,93709.471,93709.37,93709.8,BTC
2026-01-06 02:19:23+00:00,2026-01-06 02:21:33.784372+00:00,263.0,93709.561,93709.55,93709.94,BTC
2026-01-06 02:19:23+00:00,2026-01-06 02:21:34.148349+00:00,263.0,93709.631,93709.61,93709.93,BTC
2026-01-06 02:19:24+00:00,2026-01-06 02:21:34.797168+00:00,264.0,93709.691,93709.67,93709.91,BTC
2026-01-06 02:19:24+00:00,2026-01-06 02:21:35.183489+00:00,264.0,93709.731,93709.71,93709.91,BTC
2026-01-06 02:19:25+00:00,2026-01-06 02:21:35.792097+00:00,265.0,93709.771,93709.75,93709.91,BTC
2026-01-06 02:19:25+00:00,2026-01-06 02:21:36.238787+00:00,265.0,93709.941,93709.68,93710.02,BTC
2026-01-06 02:19:26+00:00,2026-01-06 02:21:36.987729+00:00,266.0,93710.141,93709.89,93710.16,BTC
2026-01-06 02:19:26+00:00,2026-01-06 02:21:37.275970+00:00,266.0,93710.111,93709.62,93710.13,BTC
2026-01-06 02:19:27+00:00,2026-01-06 02:21:38.296222+00:00,267.0,93710.171,93710.15,93710.19,BTC
2026-01-06 02:19:27+00:00,2026-01-06 02:21:38.042530+00:00,267.0,93710.171,93710.15,93710.21,BTC
2026-01-06 02:19:28+00:00,2026-01-06 02:21:38.938459+00:00,268.0,93710.221,93710.2,93710.95,BTC
2026-01-06 02:19:28+00:00,2026-01-06 02:21:38.917222+00:00,268.0,93710.171,93710.16,93710.24,BTC
2026-01-06 02:19:29+00:00,2026-01-06 02:21:40.268274+00:00,269.0,93710.261,93710.24,93711.67,BTC
2026-01-06 02:19:29+00:00,2026-01-06 02:21:39.958244+00:00,269.0,93710.951,93710.65,93712.38,BTC
2026-01-06 02:19:30+00:00,2026-01-06 02:21:41.325388+00:00,270.0,93711.651,93711.06,93713.1,BTC
2026-01-06 02:19:30+00:00,2026-01-06 02:21:41.602469+00:00,270.0,93711.571,93710.97,93712.85,BTC
2026-01-06 02:19:31+00:00,2026-01-06 02:21:41.943929+00:00,271.0,93711.501,93710.88,93712.61,BTC
2026-01-06 02:19:31+00:00,2026-01-06 02:21:41.951099+00:00,271.0,93711.661,93711.07,93712.64,BTC
2026-01-06 02:19:32+00:00,2026-01-06 02:21:42.954920+00:00,272.0,93711.951,93711.66,93712.75,BTC
2026-01-06 02:19:32+00:00,2026-01-06 02:21:42.952186+00:00,272.0,93711.831,93711.27,93712.66,BTC
2026-01-06 02:19:33+00:00,2026-01-06 02:21:43.960020+00:00,273.0,93712.071,93711.82,93713.08,BTC
2026-01-06 02:19:33+00:00,2026-01-06 02:21:43.979021+00:00,273.0,93712.071,93712.05,93712.85,BTC
2026-01-06 02:19:34+00:00,2026-01-06 02:21:44.954830+00:00,274.0,93712.071,93711.82,93712.98,BTC
2026-01-06 02:19:34+00:00,2026-01-06 02:21:45.317238+00:00,274.0,93712.071,93711.59,93713.31,BTC
2026-01-06 02:19:35+00:00,2026-01-06 02:21:46.030998+00:00,275.0,93712.001,93711.73,93712.66,BTC
2026-01-06 02:19:35+00:00,2026-01-06 02:21:46.467538+00:00,275.0,93712.071,93712.05,93712.65,BTC
2026-01-06 02:19:36+00:00,2026-01-06 02:21:47.009227+00:00,276.0,93711.911,93711.4,93712.67,BTC
2026-01-06 02:19:36+00:00,2026-01-06 02:21:47.014243+00:00,276.0,93711.931,93711.41,93712.66,BTC
2026-01-06 02:19:37+00:00,2026-01-06 02:21:47.992073+00:00,277.0,93711.891,93711.39,93712.67,BTC
2026-01-06 02:19:37+00:00,2026-01-06 02:21:48.025976+00:00,277.0,93711.891,93711.39,93712.67,BTC
2026-01-06 02:19:38+00:00,2026-01-06 02:21:48.993074+00:00,278.0,93712.121,93711.6,93712.77,BTC
2026-01-06 02:19:38+00:00,2026-01-06 02:21:49.043082+00:00,278.0,93711.891,93711.39,93712.67,BTC
2026-01-06 02:19:39+00:00,2026-01-06 02:21:50.280190+00:00,279.0,93712.171,93711.64,93712.86,BTC
2026-01-06 02:19:39+00:00,2026-01-06 02:21:50.556563+00:00,279.0,93712.171,93711.64,93712.86,BTC
2026-01-06 02:19:40+00:00,2026-01-06 02:21:51.086451+00:00,280.0,93716.191,93715.62,93716.92,BTC
2026-01-06 02:19:40+00:00,2026-01-06 02:21:51.523940+00:00,280.0,93711.991,93711.45,93712.84,BTC
2026-01-06 02:19:41+00:00,2026-01-06 02:21:52.081644+00:00,281.0,93721.781,93721.17,93724.07,BTC
2026-01-06 02:19:41+00:00,2026-01-06 02:21:52.575370+00:00,281.0,93720.391,93719.79,93720.99,BTC
2026-01-06 02:19:42+00:00,2026-01-06 02:21:53.102132+00:00,282.0,93723.171,93722.54,93727.16,BTC
2026-01-06 02:19:42+00:00,2026-01-06 02:21:53.624215+00:00,282.0,93723.171,93722.54,93727.16,BTC
2026-01-06 02:19:43+00:00,2026-01-06 02:21:54.079809+00:00,283.0,93725.771,93725.26,93727.96,BTC
2026-01-06 02:19:43+00:00,2026-01-06 02:21:54.617577+00:00,283.0,93725.771,93725.26,93727.96,BTC
2026-01-06 02:19:44+00:00,2026-01-06 02:21:55.083729+00:00,284.0,93728.791,93728.37,93729.03,BTC
2026-01-06 02:19:44+00:00,2026-01-06 02:21:55.871388+00:00,284.0,93728.791,93728.37,93729.03,BTC
2026-01-06 02:19:45+00:00,2026-01-06 02:21:56.101948+00:00,285.0,93728.901,93728.5,93729.3,BTC
2026-01-06 02:19:45+00:00,2026-01-06 02:21:56.638823+00:00,285.0,93728.901,93728.5,93729.3,BTC
2026-01-06 02:19:46+00:00,2026-01-06 02:21:57.082762+00:00,286.0,93728.281,93727.87,93729.27,BTC
2026-01-06 02:19:46+00:00,2026-01-06 02:21:57.959731+00:00,286.0,93728.281,93727.87,93729.27,BTC
2026-01-06 02:19:48+00:00,2026-01-06 02:21:58.450919+00:00,288.0,93727.901,93727.35,93728.5,BTC
2026-01-06 02:19:47+00:00,2026-01-06 02:21:58.939183+00:00,287.0,93727.931,93727.42,93728.87,BTC
2026-01-06 02:19:48+00:00,2026-01-06 02:21:59.667650+00:00,288.0,93727.901,93727.35,93728.5,BTC
2026-01-06 02:19:49+00:00,2026-01-06 02:22:00.719112+00:00,289.0,93728.191,93727.64,93728.63,BTC
2026-01-06 02:19:49+00:00,2026-01-06 02:22:00.596120+00:00,289.0,93728.191,93727.64,93728.63,BTC
2026-01-06 02:19:50+00:00,2026-01-06 02:22:01.939553+00:00,290.0,93728.371,93728.09,93728.68,BTC
2026-01-06 02:19:50+00:00,2026-01-06 02:22:01.755413+00:00,290.0,93728.191,93727.64,93728.63,BTC
2026-01-06 02:19:51+00:00,2026-01-06 02:22:02.535594+00:00,291.0,93729.351,93728.98,93729.94,BTC
2026-01-06 02:19:51+00:00,2026-01-06 02:22:02.832267+00:00,291.0,93728.561,93728.54,93728.72,BTC
2026-01-06 02:19:52+00:00,2026-01-06 02:22:03.938618+00:00,292.0,93730.151,93729.42,93731.16,BTC
2026-01-06 02:19:52+00:00,2026-01-06 02:22:03.625122+00:00,292.0,93731.931,93731.23,93732.74,BTC
2026-01-06 02:19:53+00:00,2026-01-06 02:22:04.484680+00:00,293.0,93733.701,93733.04,93734.33,BTC
2026-01-06 02:19:53+00:00,2026-01-06 02:22:04.607257+00:00,293.0,93736.551,93736.12,93738.49,BTC
2026-01-06 02:19:54+00:00,2026-01-06 02:22:05.499785+00:00,294.0,93739.391,93739.19,93742.66,BTC
2026-01-06 02:19:54+00:00,2026-01-06 02:22:05.534532+00:00,294.0,93741.031,93740.66,93742.94,BTC
2026-01-06 02:19:55+00:00,2026-01-06 02:22:06.539410+00:00,295.0,93741.861,93741.32,93742.39,BTC
2026-01-06 02:19:55+00:00,2026-01-06 02:22:06.498640+00:00,295.0,93742.681,93742.14,93743.22,BTC
2026-01-06 02:19:56+00:00,2026-01-06 02:22:07.546211+00:00,296.0,93741.041,93740.54,93741.54,BTC
2026-01-06 02:19:56+00:00,2026-01-06 02:22:07.562374+00:00,296.0,93741.031,93740.5,93741.57,BTC
2026-01-06 02:19:57+00:00,2026-01-06 02:22:08.547313+00:00,297.0,93741.041,93740.58,93741.51,BTC
2026-01-06 02:19:57+00:00,2026-01-06 02:22:08.568385+00:00,297.0,93741.041,93740.58,93741.51,BTC
2026-01-06 02:19:58+00:00,2026-01-06 02:22:09.535095+00:00,298.0,93740.431,93740.19,93740.7,BTC
2026-01-06 02:19:58+00:00,2026-01-06 02:22:09.588333+00:00,298.0,93741.041,93740.58,93741.51,BTC
2026-01-06 02:19:59+00:00,2026-01-06 02:22:10.550455+00:00,299.0,93739.281,93739.02,93739.61,BTC
2026-01-06 02:19:59+00:00,2026-01-06 02:22:10.887122+00:00,299.0,93739.821,93739.8,93739.89,BTC
2026-01-06 02:20:00+00:00,2026-01-06 02:22:11.773880+00:00,300.0,93733.581,93731.31,93735.19,BTC
2026-01-06 02:20:00+00:00,2026-01-06 02:22:12.068592+00:00,300.0,93733.581,93731.31,93735.19,BTC
2026-01-06 02:20:01+00:00,2026-01-06 02:22:12.560465+00:00,301.0,93726.041,93723.62,93729.28,BTC
2026-01-06 02:20:01+00:00,2026-01-06 02:22:13.066086+00:00,301.0,93726.041,93723.62,93729.28,BTC
2026-01-06 02:20:03+00:00,2026-01-06 02:22:13.802282+00:00,303.0,93720.081,93720.07,93726.7,BTC
2026-01-06 02:20:02+00:00,2026-01-06 02:22:14.107360+00:00,302.0,93721.881,93721.47,93727.1,BTC
2026-01-06 02:20:04+00:00,2026-01-06 02:22:14.736371+00:00,304.0,93716.741,93715.78,93720.87,BTC
2026-01-06 02:20:03+00:00,2026-01-06 02:22:15.272362+00:00,303.0,93718.411,93717.93,93723.78,BTC
2026-01-06 02:20:04+00:00,2026-01-06 02:22:16.183598+00:00,304.0,93716.751,93715.78,93720.87,BTC
2026-01-06 02:20:05+00:00,2026-01-06 02:22:15.739568+00:00,305.0,93716.761,93715.78,93720.87,BTC
2026-01-06 02:20:05+00:00,2026-01-06 02:22:17.165336+00:00,305.0,93718.791,93717.59,93722.9,BTC
2026-01-06 02:20:06+00:00,2026-01-06 02:22:17.282598+00:00,306.0,93720.821,93719.39,93724.92,BTC
2026-01-06 02:20:07+00:00,2026-01-06 02:22:18.241419+00:00,307.0,93720.821,93719.39,93724.92,BTC
2026-01-06 02:20:07+00:00,2026-01-06 02:22:18.275612+00:00,307.0,93720.821,93719.39,93724.92,BTC
2026-01-06 02:20:08+00:00,2026-01-06 02:22:19.370963+00:00,308.0,93721.251,93721.23,93724.95,BTC
2026-01-06 02:20:08+00:00,2026-01-06 02:22:19.366963+00:00,308.0,93721.251,93721.23,93724.95,BTC
2026-01-06 02:20:09+00:00,2026-01-06 02:22:20.400675+00:00,309.0,93721.251,93721.23,93724.95,BTC
2026-01-06 02:20:09+00:00,2026-01-06 02:22:20.371906+00:00,309.0,93721.251,93721.23,93724.95,BTC
2026-01-06 02:20:10+00:00,2026-01-06 02:22:21.405753+00:00,310.0,93712.511,93711.52,93716.23,BTC
2026-01-06 02:20:10+00:00,2026-01-06 02:22:21.400740+00:00,310.0,93713.191,93711.79,93717.12,BTC
2026-01-06 02:20:11+00:00,2026-01-06 02:22:22.447429+00:00,311.0,93711.501,93710.53,93715.31,BTC
2026-01-06 02:20:11+00:00,2026-01-06 02:22:22.481929+00:00,311.0,93711.841,93711.26,93715.33,BTC
2026-01-06 02:20:12+00:00,2026-01-06 02:22:23.508539+00:00,312.0,93711.161,93709.8,93715.3,BTC
2026-01-06 02:20:12+00:00,2026-01-06 02:22:23.466381+00:00,312.0,93711.451,93710.55,93715.46,BTC
2026-01-06 02:20:13+00:00,2026-01-06 02:22:24.528874+00:00,313.0,93711.731,93711.3,93715.62,BTC
2026-01-06 02:20:14+00:00,2026-01-06 02:22:25.033187+00:00,314.0,93711.731,93711.29,93715.62,BTC
2026-01-06 02:20:14+00:00,2026-01-06 02:22:26.578719+00:00,314.0,93711.731,93711.29,93715.7,BTC
2026-01-06 02:20:15+00:00,2026-01-06 02:22:27.116218+00:00,315.0,93711.851,93711.33,93715.65,BTC
2026-01-06 02:20:16+00:00,2026-01-06 02:22:27.787835+00:00,316.0,93711.981,93711.38,93715.52,BTC
2026-01-06 02:20:17+00:00,2026-01-06 02:22:28.634839+00:00,317.0,93711.981,93711.38,93715.54,BTC
2026-01-06 02:20:17+00:00,2026-01-06 02:22:28.837399+00:00,317.0,93711.981,93711.38,93715.54,BTC
2026-01-06 02:20:18+00:00,2026-01-06 02:22:29.650198+00:00,318.0,93718.961,93718.15,93721.57,BTC
2026-01-06 02:20:18+00:00,2026-01-06 02:22:29.825292+00:00,318.0,93718.961,93718.15,93721.57,BTC
2026-01-06 02:20:19+00:00,2026-01-06 02:22:30.858972+00:00,319.0,93718.961,93718.15,93720.84,BTC
2026-01-06 02:20:19+00:00,2026-01-06 02:22:30.721973+00:00,319.0,93718.961,93718.15,93720.84,BTC
2026-01-06 02:20:20+00:00,2026-01-06 02:22:32.101874+00:00,320.0,93722.081,93721.62,93724.1,BTC
2026-01-06 02:20:20+00:00,2026-01-06 02:22:31.902091+00:00,320.0,93721.921,93721.53,93723.94,BTC
2026-01-06 02:20:22+00:00,2026-01-06 02:22:33.403321+00:00,322.0,93721.891,93721.41,93723.78,BTC
2026-01-06 02:20:21+00:00,2026-01-06 02:22:34.289024+00:00,321.0,93722.071,93721.56,93724.01,BTC
2026-01-06 02:20:23+00:00,2026-01-06 02:22:34.382517+00:00,323.0,93721.891,93721.41,93723.78,BTC
2026-01-06 02:20:22+00:00,2026-01-06 02:22:34.780605+00:00,322.0,93721.891,93721.41,93723.78,BTC
2026-01-06 02:20:24+00:00,2026-01-06 02:22:35.523544+00:00,324.0,93728.421,93727.9,93729.29,BTC
2026-01-06 02:20:23+00:00,2026-01-06 02:22:35.801378+00:00,323.0,93725.161,93724.65,93726.53,BTC
2026-01-06 02:20:25+00:00,2026-01-06 02:22:36.483760+00:00,325.0,93729.181,93728.38,93729.97,BTC
2026-01-06 02:20:24+00:00,2026-01-06 02:22:36.807255+00:00,324.0,93728.801,93728.14,93729.63,BTC
2026-01-06 02:20:26+00:00,2026-01-06 02:22:37.421005+00:00,326.0,93730.941,93730.5,93731.46,BTC
2026-01-06 02:20:25+00:00,2026-01-06 02:22:38.146500+00:00,325.0,93730.061,93729.44,93730.72,BTC
2026-01-06 02:20:27+00:00,2026-01-06 02:22:38.417863+00:00,327.0,93730.941,93730.5,93731.46,BTC
2026-01-06 02:20:26+00:00,2026-01-06 02:22:39.017519+00:00,326.0,93730.941,93730.5,93731.46,BTC
2026-01-06 02:20:28+00:00,2026-01-06 02:22:39.502130+00:00,328.0,93728.711,93728.05,93730.2,BTC
2026-01-06 02:20:27+00:00,2026-01-06 02:22:39.834156+00:00,327.0,93729.831,93729.28,93730.83,BTC
2026-01-06 02:20:29+00:00,2026-01-06 02:22:40.503127+00:00,329.0,93728.711,93728.05,93730.2,BTC
2026-01-06 02:20:28+00:00,2026-01-06 02:22:40.817505+00:00,328.0,93728.711,93728.05,93730.2,BTC
2026-01-06 02:20:30+00:00,2026-01-06 02:22:41.917906+00:00,330.0,93730.301,93730.28,93730.33,BTC
2026-01-06 02:20:29+00:00,2026-01-06 02:22:41.987275+00:00,329.0,93729.511,93729.16,93730.26,BTC
2026-01-06 02:20:31+00:00,2026-01-06 02:22:42.570460+00:00,331.0,93731.841,93731.57,93732.11,BTC
2026-01-06 02:20:31+00:00,2026-01-06 02:22:43.145961+00:00,331.0,93731.841,93731.57,93732.11,BTC
2026-01-06 02:20:32+00:00,2026-01-06 02:22:43.499033+00:00,332.0,93733.381,93732.87,93733.89,BTC
2026-01-06 02:20:32+00:00,2026-01-06 02:22:43.658159+00:00,332.0,93732.611,93732.22,93733.0,BTC
2026-01-06 02:20:33+00:00,2026-01-06 02:22:46.086579+00:00,333.0,93730.951,93730.47,93731.44,BTC
2026-01-06 02:20:33+00:00,2026-01-06 02:22:45.217160+00:00,333.0,93732.061,93731.39,93732.64,BTC
2026-01-06 02:20:34+00:00,2026-01-06 02:22:46.106999+00:00,334.0,93733.161,93732.32,93733.84,BTC
2026-01-06 02:20:34+00:00,2026-01-06 02:22:46.190344+00:00,334.0,93733.291,93732.55,93733.95,BTC
2026-01-06 02:20:35+00:00,2026-01-06 02:22:47.157031+00:00,335.0,93733.421,93732.77,93734.06,BTC
2026-01-06 02:20:35+00:00,2026-01-06 02:22:47.168366+00:00,335.0,93733.621,93732.94,93734.54,BTC
2026-01-06 02:20:36+00:00,2026-01-06 02:22:48.155479+00:00,336.0,93733.831,93733.11,93735.01,BTC
2026-01-06 02:20:36+00:00,2026-01-06 02:22:48.166763+00:00,336.0,93734.471,93733.7,93735.5,BTC
2026-01-06 02:20:37+00:00,2026-01-06 02:22:49.157337+00:00,337.0,93735.101,93734.29,93735.98,BTC
2026-01-06 02:20:37+00:00,2026-01-06 02:22:49.197855+00:00,337.0,93736.091,93735.31,93736.83,BTC
2026-01-06 02:20:38+00:00,2026-01-06 02:22:50.158054+00:00,338.0,93737.081,93736.33,93737.68,BTC
2026-01-06 02:20:38+00:00,2026-01-06 02:22:50.193628+00:00,338.0,93737.181,93736.69,93737.67,BTC
2026-01-06 02:20:39+00:00,2026-01-06 02:22:51.281665+00:00,339.0,93737.281,93737.06,93737.67,BTC
2026-01-06 02:20:39+00:00,2026-01-06 02:22:51.352725+00:00,339.0,93736.871,93736.47,93737.56,BTC
2026-01-06 02:20:40+00:00,2026-01-06 02:22:52.260828+00:00,340.0,93736.461,93735.88,93737.44,BTC
2026-01-06 02:20:41+00:00,2026-01-06 02:22:52.412618+00:00,341.0,93736.331,93735.81,93737.26,BTC
2026-01-06 02:20:41+00:00,2026-01-06 02:22:53.288268+00:00,341.0,93736.331,93735.81,93737.26,BTC
2026-01-06 02:20:42+00:00,2026-01-06 02:22:53.653423+00:00,342.0,93737.021,93736.49,93737.6,BTC
2026-01-06 02:20:42+00:00,2026-01-06 02:22:54.289099+00:00,342.0,93737.021,93736.49,93737.6,BTC
2026-01-06 02:20:43+00:00,2026-01-06 02:22:54.649379+00:00,343.0,93733.581,93733.04,93734.52,BTC
2026-01-06 02:20:43+00:00,2026-01-06 02:22:55.444453+00:00,343.0,93733.481,93732.96,93734.41,BTC
2026-01-06 02:20:44+00:00,2026-01-06 02:22:55.684047+00:00,344.0,93733.381,93732.89,93734.29,BTC
2026-01-06 02:20:44+00:00,2026-01-06 02:22:56.467147+00:00,344.0,93734.731,93734.24,93735.64,BTC
2026-01-06 02:20:45+00:00,2026-01-06 02:22:56.798820+00:00,345.0,93736.071,93735.58,93736.99,BTC
2026-01-06 02:20:45+00:00,2026-01-06 02:22:57.504472+00:00,345.0,93736.451,93735.87,93737.32,BTC
2026-01-06 02:20:46+00:00,2026-01-06 02:22:57.770944+00:00,346.0,93736.831,93736.16,93737.66,BTC
2026-01-06 02:20:46+00:00,2026-01-06 02:22:58.493417+00:00,346.0,93737.661,93737.01,93738.79,BTC
2026-01-06 02:20:47+00:00,2026-01-06 02:22:58.765825+00:00,347.0,93738.491,93737.87,93739.93,BTC
2026-01-06 02:20:47+00:00,2026-01-06 02:22:59.583495+00:00,347.0,93738.921,93738.29,93739.98,BTC
2026-01-06 02:20:48+00:00,2026-01-06 02:22:59.879951+00:00,348.0,93739.641,93738.97,93740.11,BTC
2026-01-06 02:20:48+00:00,2026-01-06 02:23:00.518830+00:00,348.0,93739.641,93738.97,93740.11,BTC
2026-01-06 02:20:49+00:00,2026-01-06 02:23:00.830720+00:00,349.0,93739.941,93739.24,93740.18,BTC
2026-01-06 02:20:49+00:00,2026-01-06 02:23:01.657148+00:00,349.0,93739.861,93739.21,93740.15,BTC
2026-01-06 02:20:50+00:00,2026-01-06 02:23:02.431849+00:00,350.0,93739.941,93739.59,93740.12,BTC
2026-01-06 02:20:50+00:00,2026-01-06 02:23:02.650855+00:00,350.0,93739.941,93739.59,93740.12,BTC
2026-01-06 02:20:51+00:00,2026-01-06 02:23:03.032198+00:00,351.0,93741.701,93741.4,93741.97,BTC
2026-01-06 02:20:51+00:00,2026-01-06 02:23:03.644450+00:00,351.0,93741.701,93741.4,93741.97,BTC
2026-01-06 02:20:52+00:00,2026-01-06 02:23:04.026763+00:00,352.0,93743.441,93743.01,93743.86,BTC
2026-01-06 02:20:52+00:00,2026-01-06 02:23:04.699747+00:00,352.0,93743.441,93743.01,93743.86,BTC
2026-01-06 02:20:53+00:00,2026-01-06 02:23:05.615690+00:00,353.0,93743.701,93743.44,93743.96,BTC
2026-01-06 02:20:53+00:00,2026-01-06 02:23:05.732839+00:00,353.0,93743.701,93743.44,93743.96,BTC
2026-01-06 02:20:54+00:00,2026-01-06 02:23:06.569546+00:00,354.0,93743.961,93743.86,93744.05,BTC
2026-01-06 02:20:54+00:00,2026-01-06 02:23:06.715706+00:00,354.0,93743.961,93743.86,93744.05,BTC
2026-01-06 02:20:55+00:00,2026-01-06 02:23:07.084599+00:00,355.0,93743.511,93743.17,93743.84,BTC
2026-01-06 02:20:55+00:00,2026-01-06 02:23:07.739171+00:00,355.0,93743.511,93743.17,93743.84,BTC
2026-01-06 02:20:56+00:00,2026-01-06 02:23:08.549866+00:00,356.0,93743.821,93743.29,93744.16,BTC
2026-01-06 02:20:57+00:00,2026-01-06 02:23:08.904067+00:00,357.0,93744.721,93744.31,93744.73,BTC
2026-01-06 02:20:57+00:00,2026-01-06 02:23:09.718968+00:00,357.0,93744.721,93744.5,93744.73,BTC
2026-01-06 02:20:58+00:00,2026-01-06 02:23:10.017565+00:00,358.0,93744.711,93744.7,93744.73,BTC
2026-01-06 02:20:58+00:00,2026-01-06 02:23:10.635799+00:00,358.0,93744.611,93744.6,93744.73,BTC
2026-01-06 02:20:59+00:00,2026-01-06 02:23:10.929338+00:00,359.0,93744.521,93744.5,93744.74,BTC
2026-01-06 02:21:00+00:00,2026-01-06 02:23:11.940756+00:00,360.0,93744.521,93744.5,93744.74,BTC
2026-01-06 02:20:59+00:00,2026-01-06 02:23:11.649750+00:00,359.0,93744.521,93744.5,93744.74,BTC
2026-01-06 02:21:00+00:00,2026-01-06 02:23:13.145509+00:00,360.0,93744.331,93744.02,93745.06,BTC
2026-01-06 02:21:01+00:00,2026-01-06 02:23:13.731096+00:00,361.0,93744.151,93743.54,93745.26,BTC
2026-01-06 02:21:01+00:00,2026-01-06 02:23:13.960174+00:00,361.0,93744.151,93743.54,93745.26,BTC
2026-01-06 02:21:02+00:00,2026-01-06 02:23:14.719039+00:00,362.0,93744.371,93743.75,93745.11,BTC
2026-01-06 02:21:02+00:00,2026-01-06 02:23:14.981997+00:00,362.0,93744.371,93743.75,93745.11,BTC
2026-01-06 02:21:03+00:00,2026-01-06 02:23:16.021138+00:00,363.0,93744.861,93744.36,93745.1,BTC
2026-01-06 02:21:03+00:00,2026-01-06 02:23:15.723080+00:00,363.0,93744.861,93744.36,93745.1,BTC
2026-01-06 02:21:04+00:00,2026-01-06 02:23:17.105720+00:00,364.0,93745.141,93744.93,93747.39,BTC
2026-01-06 02:21:04+00:00,2026-01-06 02:23:17.024063+00:00,364.0,93745.141,93744.93,93747.39,BTC
2026-01-06 02:21:05+00:00,2026-01-06 02:23:18.220310+00:00,365.0,93745.151,93744.92,93749.63,BTC
2026-01-06 02:21:05+00:00,2026-01-06 02:23:18.684931+00:00,365.0,93745.151,93744.92,93749.63,BTC
2026-01-06 02:21:06+00:00,2026-01-06 02:23:18.762694+00:00,366.0,93745.161,93744.63,93749.62,BTC
2026-01-06 02:21:07+00:00,2026-01-06 02:23:19.617919+00:00,367.0,93745.161,93744.52,93749.62,BTC
2026-01-06 02:21:07+00:00,2026-01-06 02:23:19.786416+00:00,367.0,93745.161,93744.52,93749.62,BTC
2026-01-06 02:21:08+00:00,2026-01-06 02:23:20.951281+00:00,368.0,93745.291,93744.18,93749.73,BTC
2026-01-06 02:21:08+00:00,2026-01-06 02:23:20.271453+00:00,368.0,93745.161,93744.52,93749.62,BTC
2026-01-06 02:21:09+00:00,2026-01-06 02:23:21.763454+00:00,369.0,93745.431,93743.83,93749.85,BTC
2026-01-06 02:21:09+00:00,2026-01-06 02:23:21.751456+00:00,369.0,93745.431,93743.83,93749.85,BTC
2026-01-06 02:21:10+00:00,2026-01-06 02:23:22.765234+00:00,370.0,93745.431,93743.83,93749.85,BTC
2026-01-06 02:21:10+00:00,2026-01-06 02:23:22.849508+00:00,370.0,93744.771,93743.24,93749.28,BTC
2026-01-06 02:21:11+00:00,2026-01-06 02:23:23.865144+00:00,371.0,93739.811,93738.02,93742.45,BTC
2026-01-06 02:21:11+00:00,2026-01-06 02:23:23.712196+00:00,371.0,93744.111,93742.64,93748.71,BTC
2026-01-06 02:21:12+00:00,2026-01-06 02:23:24.998763+00:00,372.0,93735.511,93733.4,93736.18,BTC
2026-01-06 02:21:12+00:00,2026-01-06 02:23:24.809498+00:00,372.0,93734.461,93731.58,93735.31,BTC
2026-01-06 02:21:13+00:00,2026-01-06 02:23:25.739295+00:00,373.0,93733.421,93729.77,93734.43,BTC
2026-01-06 02:21:13+00:00,2026-01-06 02:23:25.913902+00:00,373.0,93732.801,93729.4,93733.45,BTC
2026-01-06 02:21:14+00:00,2026-01-06 02:23:27.270145+00:00,374.0,93725.191,93723.23,93725.72,BTC
2026-01-06 02:21:14+00:00,2026-01-06 02:23:26.708297+00:00,374.0,93732.181,93729.03,93732.47,BTC
2026-01-06 02:21:15+00:00,2026-01-06 02:23:27.815962+00:00,375.0,93718.191,93717.43,93718.96,BTC
2026-01-06 02:21:15+00:00,2026-01-06 02:23:27.558995+00:00,375.0,93713.241,93711.3,93714.56,BTC
2026-01-06 02:21:16+00:00,2026-01-06 02:23:28.755064+00:00,376.0,93708.291,93705.17,93710.16,BTC
2026-01-06 02:21:16+00:00,2026-01-06 02:23:28.983625+00:00,376.0,93705.161,93701.74,93707.81,BTC
2026-01-06 02:21:17+00:00,2026-01-06 02:23:29.852036+00:00,377.0,93702.031,93698.31,93705.45,BTC
2026-01-06 02:21:17+00:00,2026-01-06 02:23:30.220989+00:00,377.0,93701.561,93697.82,93705.3,BTC
2026-01-06 02:21:18+00:00,2026-01-06 02:23:30.781208+00:00,378.0,93701.091,93697.34,93705.15,BTC
2026-01-06 02:21:18+00:00,2026-01-06 02:23:31.283280+00:00,378.0,93701.161,93697.24,93703.56,BTC
2026-01-06 02:21:19+00:00,2026-01-06 02:23:31.841072+00:00,379.0,93701.231,93697.15,93701.97,BTC
2026-01-06 02:21:19+00:00,2026-01-06 02:23:32.002578+00:00,379.0,93701.301,93697.38,93702.14,BTC
2026-01-06 02:21:20+00:00,2026-01-06 02:23:33.021983+00:00,380.0,93701.371,93697.62,93702.32,BTC
2026-01-06 02:21:20+00:00,2026-01-06 02:23:33.368414+00:00,380.0,93701.321,93697.61,93702.32,BTC
2026-01-06 02:21:21+00:00,2026-01-06 02:23:33.965356+00:00,381.0,93701.271,93697.6,93702.32,BTC
2026-01-06 02:21:21+00:00,2026-01-06 02:23:34.104154+00:00,381.0,93701.311,93697.59,93702.3,BTC
2026-01-06 02:21:22+00:00,2026-01-06 02:23:35.016975+00:00,382.0,93701.351,93697.59,93702.27,BTC
2026-01-06 02:21:22+00:00,2026-01-06 02:23:35.173523+00:00,382.0,93701.101,93697.04,93702.27,BTC
2026-01-06 02:21:23+00:00,2026-01-06 02:23:36.092048+00:00,383.0,93700.841,93696.48,93702.27,BTC
2026-01-06 02:21:24+00:00,2026-01-06 02:23:36.500578+00:00,384.0,93697.041,93693.34,93700.33,BTC
2026-01-06 02:21:24+00:00,2026-01-06 02:23:37.286229+00:00,384.0,93697.041,93693.34,93700.33,BTC
2026-01-06 02:21:25+00:00,2026-01-06 02:23:37.330137+00:00,385.0,93696.551,93693.34,93697.15,BTC
2026-01-06 02:21:25+00:00,2026-01-06 02:23:38.104342+00:00,385.0,93696.551,93693.34,93697.15,BTC
2026-01-06 02:21:26+00:00,2026-01-06 02:23:39.069280+00:00,386.0,93696.551,93693.34,93697.15,BTC
2026-01-06 02:21:26+00:00,2026-01-06 02:23:39.203341+00:00,386.0,93696.691,93693.38,93697.28,BTC
2026-01-06 02:21:27+00:00,2026-01-06 02:23:40.083708+00:00,387.0,93696.831,93693.42,93697.4,BTC
2026-01-06 02:21:27+00:00,2026-01-06 02:23:40.694825+00:00,387.0,93696.181,93693.23,93696.77,BTC
2026-01-06 02:21:28+00:00,2026-01-06 02:23:41.346060+00:00,388.0,93695.931,93693.44,93696.53,BTC
2026-01-06 02:21:28+00:00,2026-01-06 02:23:41.164307+00:00,388.0,93695.931,93693.44,93696.53,BTC
2026-01-06 02:21:29+00:00,2026-01-06 02:23:41.906502+00:00,389.0,93696.781,93693.85,93698.7,BTC
2026-01-06 02:21:29+00:00,2026-01-06 02:23:42.183575+00:00,389.0,93696.781,93693.85,93698.7,BTC
2026-01-06 02:21:30+00:00,2026-01-06 02:23:42.915564+00:00,390.0,93696.801,93693.59,93698.71,BTC
2026-01-06 02:21:30+00:00,2026-01-06 02:23:43.214497+00:00,390.0,93696.801,93693.59,93698.71,BTC
2026-01-06 02:21:31+00:00,2026-01-06 02:23:43.931849+00:00,391.0,93696.691,93693.38,93697.38,BTC
2026-01-06 02:21:31+00:00,2026-01-06 02:23:44.318572+00:00,391.0,93696.691,93693.38,93697.38,BTC
2026-01-06 02:21:32+00:00,2026-01-06 02:23:44.948616+00:00,392.0,93696.961,93693.38,93697.81,BTC
2026-01-06 02:21:32+00:00,2026-01-06 02:23:45.397727+00:00,392.0,93696.961,93693.38,93697.81,BTC
2026-01-06 02:21:34+00:00,2026-01-06 02:23:46.383272+00:00,394.0,93698.181,93694.82,93701.55,BTC
2026-01-06 02:21:33+00:00,2026-01-06 02:23:46.398765+00:00,393.0,93697.541,93694.08,93699.68,BTC
2026-01-06 02:21:34+00:00,2026-01-06 02:23:47.450657+00:00,394.0,93699.771,93696.44,93703.93,BTC
2026-01-06 02:21:35+00:00,2026-01-06 02:23:47.334861+00:00,395.0,93701.361,93698.06,93706.31,BTC
2026-01-06 02:21:36+00:00,2026-01-06 02:23:48.968728+00:00,396.0,93701.361,93698.06,93706.31,BTC
2026-01-06 02:21:35+00:00,2026-01-06 02:23:48.472902+00:00,395.0,93701.361,93698.06,93706.31,BTC
2026-01-06 02:21:37+00:00,2026-01-06 02:23:49.533289+00:00,397.0,93714.421,93711.56,93718.78,BTC
2026-01-06 02:21:37+00:00,2026-01-06 02:23:50.017371+00:00,397.0,93714.421,93711.56,93718.78,BTC
2026-01-06 02:21:38+00:00,2026-01-06 02:23:50.365281+00:00,398.0,93714.421,93711.56,93718.78,BTC
2026-01-06 02:21:38+00:00,2026-01-06 02:23:51.002204+00:00,398.0,93714.421,93711.56,93718.78,BTC
2026-01-06 02:21:39+00:00,2026-01-06 02:23:51.416747+00:00,399.0,93713.131,93711.07,93717.35,BTC
2026-01-06 02:21:39+00:00,2026-01-06 02:23:52.033263+00:00,399.0,93713.131,93711.07,93717.35,BTC
2026-01-06 02:21:40+00:00,2026-01-06 02:23:52.434342+00:00,400.0,93713.201,93711.07,93717.35,BTC
2026-01-06 02:21:40+00:00,2026-01-06 02:23:53.062541+00:00,400.0,93713.201,93711.07,93717.35,BTC
2026-01-06 02:21:41+00:00,2026-01-06 02:23:53.460536+00:00,401.0,93714.391,93712.07,93718.74,BTC
2026-01-06 02:21:41+00:00,2026-01-06 02:23:54.071184+00:00,401.0,93714.391,93712.07,93718.74,BTC
2026-01-06 02:21:42+00:00,2026-01-06 02:23:55.073179+00:00,402.0,93714.341,93712.07,93718.74,BTC
2026-01-06 02:21:42+00:00,2026-01-06 02:23:54.505342+00:00,402.0,93714.341,93712.07,93718.74,BTC
2026-01-06 02:21:43+00:00,2026-01-06 02:23:57.132535+00:00,403.0,93714.041,93711.39,93717.67,BTC
2026-01-06 02:21:43+00:00,2026-01-06 02:23:56.414968+00:00,403.0,93714.041,93711.39,93717.67,BTC
2026-01-06 02:21:45+00:00,2026-01-06 02:23:57.159357+00:00,405.0,93715.761,93713.27,93719.42,BTC
2026-01-06 02:21:44+00:00,2026-01-06 02:23:57.514821+00:00,404.0,93714.901,93712.33,93718.54,BTC
2026-01-06 02:21:46+00:00,2026-01-06 02:23:58.197555+00:00,406.0,93715.761,93713.27,93719.42,BTC
2026-01-06 02:21:46+00:00,2026-01-06 02:23:58.661958+00:00,406.0,93715.761,93713.27,93719.42,BTC
2026-01-06 02:21:47+00:00,2026-01-06 02:23:59.158361+00:00,407.0,93716.371,93714.23,93720.05,BTC
2026-01-06 02:21:47+00:00,2026-01-06 02:23:59.951389+00:00,407.0,93716.371,93714.23,93720.05,BTC
2026-01-06 02:21:48+00:00,2026-01-06 02:24:00.221364+00:00,408.0,93716.371,93714.24,93720.07,BTC
2026-01-06 02:21:48+00:00,2026-01-06 02:24:00.955672+00:00,408.0,93716.371,93714.24,93720.07,BTC
2026-01-06 02:21:49+00:00,2026-01-06 02:24:01.350396+00:00,409.0,93718.821,93717.14,93722.53,BTC
2026-01-06 02:21:49+00:00,2026-01-06 02:24:01.999756+00:00,409.0,93718.821,93717.14,93722.53,BTC
2026-01-06 02:21:50+00:00,2026-01-06 02:24:02.516654+00:00,410.0,93718.901,93717.08,93722.83,BTC
2026-01-06 02:21:50+00:00,2026-01-06 02:24:03.597725+00:00,410.0,93718.901,93717.08,93722.83,BTC
2026-01-06 02:21:51+00:00,2026-01-06 02:24:03.646439+00:00,411.0,93719.021,93717.38,93722.94,BTC
2026-01-06 02:21:51+00:00,2026-01-06 02:24:04.516555+00:00,411.0,93719.021,93717.38,93722.94,BTC
2026-01-06 02:21:52+00:00,2026-01-06 02:24:04.677414+00:00,412.0,93719.951,93717.74,93723.17,BTC
2026-01-06 02:21:52+00:00,2026-01-06 02:24:05.066770+00:00,412.0,93719.951,93717.74,93723.17,BTC
2026-01-06 02:21:53+00:00,2026-01-06 02:24:06.670508+00:00,413.0,93718.161,93716.09,93722.17,BTC
2026-01-06 02:21:53+00:00,2026-01-06 02:24:06.259071+00:00,413.0,93718.161,93716.09,93722.17,BTC
2026-01-06 02:21:54+00:00,2026-01-06 02:24:07.315830+00:00,414.0,93718.371,93716.36,93722.29,BTC
2026-01-06 02:21:55+00:00,2026-01-06 02:24:07.717316+00:00,415.0,93719.301,93717.1,93723.2,BTC
2026-01-06 02:21:55+00:00,2026-01-06 02:24:08.316652+00:00,415.0,93719.721,93717.52,93723.57,BTC
2026-01-06 02:21:56+00:00,2026-01-06 02:24:08.330323+00:00,416.0,93720.151,93717.94,93723.95,BTC
2026-01-06 02:21:57+00:00,2026-01-06 02:24:09.339834+00:00,417.0,93719.051,93716.24,93723.6,BTC
2026-01-06 02:21:56+00:00,2026-01-06 02:24:09.309844+00:00,416.0,93719.601,93717.09,93723.78,BTC
2026-01-06 02:21:57+00:00,2026-01-06 02:24:11.125786+00:00,417.0,93719.501,93716.78,93724.04,BTC
2026-01-06 02:21:58+00:00,2026-01-06 02:24:10.339824+00:00,418.0,93719.951,93717.33,93724.48,BTC
2026-01-06 02:21:59+00:00,2026-01-06 02:24:11.354725+00:00,419.0,93720.241,93717.61,93724.42,BTC
2026-01-06 02:21:58+00:00,2026-01-06 02:24:11.340759+00:00,418.0,93720.091,93717.47,93724.45,BTC
2026-01-06 02:22:00+00:00,2026-01-06 02:24:12.353842+00:00,420.0,93720.221,93717.61,93724.41,BTC
2026-01-06 02:21:59+00:00,2026-01-06 02:24:12.377232+00:00,419.0,93720.231,93717.61,93724.42,BTC
2026-01-06 02:22:00+00:00,2026-01-06 02:24:13.363512+00:00,420.0,93719.421,93717.01,93723.86,BTC
2026-01-06 02:22:01+00:00,2026-01-06 02:24:13.350609+00:00,421.0,93718.631,93716.4,93723.31,BTC
2026-01-06 02:22:01+00:00,2026-01-06 02:24:14.383732+00:00,421.0,93713.171,93710.42,93716.33,BTC
2026-01-06 02:22:02+00:00,2026-01-06 02:24:14.423236+00:00,422.0,93707.701,93704.44,93709.35,BTC
2026-01-06 02:22:02+00:00,2026-01-06 02:24:15.433181+00:00,422.0,93705.011,93702.05,93707.97,BTC
2026-01-06 02:22:03+00:00,2026-01-06 02:24:15.747350+00:00,423.0,93702.321,93699.65,93706.59,BTC
2026-01-06 02:22:03+00:00,2026-01-06 02:24:16.396108+00:00,423.0,93700.251,93698.9,93704.39,BTC
2026-01-06 02:22:04+00:00,2026-01-06 02:24:16.463380+00:00,424.0,93698.171,93698.15,93702.2,BTC
2026-01-06 02:22:04+00:00,2026-01-06 02:24:17.699801+00:00,424.0,93698.451,93697.09,93701.89,BTC
2026-01-06 02:22:05+00:00,2026-01-06 02:24:17.813930+00:00,425.0,93698.721,93696.03,93701.57,BTC
2026-01-06 02:22:06+00:00,2026-01-06 02:24:18.913439+00:00,426.0,93698.721,93696.03,93701.57,BTC
2026-01-06 02:22:05+00:00,2026-01-06 02:24:18.702763+00:00,425.0,93698.721,93696.03,93701.57,BTC
2026-01-06 02:22:06+00:00,2026-01-06 02:24:19.709387+00:00,426.0,93701.431,93697.95,93704.96,BTC
2026-01-06 02:22:07+00:00,2026-01-06 02:24:19.532341+00:00,427.0,93704.141,93699.87,93708.34,BTC
2026-01-06 02:22:07+00:00,2026-01-06 02:24:20.705303+00:00,427.0,93707.011,93703.29,93710.88,BTC
2026-01-06 02:22:08+00:00,2026-01-06 02:24:20.901162+00:00,428.0,93709.881,93706.72,93713.42,BTC
2026-01-06 02:22:08+00:00,2026-01-06 02:24:21.768550+00:00,428.0,93708.601,93705.72,93712.5,BTC
2026-01-06 02:22:09+00:00,2026-01-06 02:24:22.385886+00:00,429.0,93707.311,93704.72,93711.58,BTC
2026-01-06 02:22:09+00:00,2026-01-06 02:24:22.826529+00:00,429.0,93707.741,93705.19,93711.95,BTC
2026-01-06 02:22:10+00:00,2026-01-06 02:24:23.018493+00:00,430.0,93708.161,93705.67,93712.33,BTC
2026-01-06 02:22:11+00:00,2026-01-06 02:24:24.151926+00:00,431.0,93712.521,93710.53,93716.36,BTC
2026-01-06 02:22:11+00:00,2026-01-06 02:24:24.150883+00:00,431.0,93712.521,93710.53,93716.36,BTC
2026-01-06 02:22:12+00:00,2026-01-06 02:24:24.947268+00:00,432.0,93712.711,93711.18,93716.28,BTC
2026-01-06 02:22:12+00:00,2026-01-06 02:24:25.165401+00:00,432.0,93712.711,93711.18,93716.28,BTC
2026-01-06 02:22:13+00:00,2026-01-06 02:24:26.113912+00:00,433.0,93712.671,93711.27,93716.29,BTC
2026-01-06 02:22:13+00:00,2026-01-06 02:24:27.182218+00:00,433.0,93715.491,93714.45,93719.1,BTC
2026-01-06 02:22:14+00:00,2026-01-06 02:24:27.703936+00:00,434.0,93717.901,93717.2,93721.72,BTC
2026-01-06 02:22:14+00:00,2026-01-06 02:24:28.187338+00:00,434.0,93717.901,93717.2,93721.72,BTC
2026-01-06 02:22:15+00:00,2026-01-06 02:24:28.718230+00:00,435.0,93718.021,93717.18,93722.26,BTC
2026-01-06 02:22:15+00:00,2026-01-06 02:24:29.252420+00:00,435.0,93718.021,93717.18,93722.26,BTC
2026-01-06 02:22:17+00:00,2026-01-06 02:24:30.212110+00:00,437.0,93719.221,93718.57,93723.48,BTC
2026-01-06 02:22:16+00:00,2026-01-06 02:24:30.226167+00:00,436.0,93718.891,93718.07,93723.23,BTC
2026-01-06 02:22:18+00:00,2026-01-06 02:24:30.802671+00:00,438.0,93719.971,93719.35,93723.66,BTC
2026-01-06 02:22:18+00:00,2026-01-06 02:24:31.397088+00:00,438.0,93719.971,93719.35,93723.66,BTC
2026-01-06 02:22:19+00:00,2026-01-06 02:24:31.803332+00:00,439.0,93717.541,93716.69,93721.66,BTC
2026-01-06 02:22:19+00:00,2026-01-06 02:24:32.445870+00:00,439.0,93717.541,93716.69,93721.66,BTC
2026-01-06 02:22:20+00:00,2026-01-06 02:24:32.803508+00:00,440.0,93720.891,93720.26,93724.14,BTC
2026-01-06 02:22:20+00:00,2026-01-06 02:24:33.412800+00:00,440.0,93720.891,93720.26,93724.14,BTC
2026-01-06 02:22:21+00:00,2026-01-06 02:24:34.262682+00:00,441.0,93725.511,93724.87,93728.19,BTC
2026-01-06 02:22:21+00:00,2026-01-06 02:24:34.420966+00:00,441.0,93725.511,93724.87,93728.19,BTC
2026-01-06 02:22:22+00:00,2026-01-06 02:24:35.115818+00:00,442.0,93726.031,93726.01,93728.19,BTC
2026-01-06 02:22:22+00:00,2026-01-06 02:24:35.447836+00:00,442.0,93726.031,93726.01,93728.19,BTC
2026-01-06 02:22:23+00:00,2026-01-06 02:24:36.162376+00:00,443.0,93726.061,93726.04,93728.19,BTC
2026-01-06 02:22:23+00:00,2026-01-06 02:24:36.444990+00:00,443.0,93726.061,93726.04,93728.19,BTC
2026-01-06 02:22:24+00:00,2026-01-06 02:24:37.234568+00:00,444.0,93728.141,93727.73,93729.49,BTC
2026-01-06 02:22:24+00:00,2026-01-06 02:24:37.458479+00:00,444.0,93728.141,93727.73,93729.49,BTC
2026-01-06 02:22:25+00:00,2026-01-06 02:24:38.202369+00:00,445.0,93728.341,93728.21,93731.4,BTC
2026-01-06 02:22:25+00:00,2026-01-06 02:24:38.438815+00:00,445.0,93728.341,93728.21,93731.4,BTC
2026-01-06 02:22:26+00:00,2026-01-06 02:24:39.398630+00:00,446.0,93728.341,93727.7,93731.51,BTC
2026-01-06 02:22:26+00:00,2026-01-06 02:24:39.564232+00:00,446.0,93728.341,93727.7,93731.51,BTC
2026-01-06 02:22:27+00:00,2026-01-06 02:24:40.431393+00:00,447.0,93727.021,93726.52,93730.87,BTC
2026-01-06 02:22:27+00:00,2026-01-06 02:24:40.506142+00:00,447.0,93727.021,93726.52,93730.87,BTC
2026-01-06 02:22:28+00:00,2026-01-06 02:24:41.552809+00:00,448.0,93720.681,93718.82,93725.87,BTC
2026-01-06 02:22:28+00:00,2026-01-06 02:24:41.994951+00:00,448.0,93720.401,93718.42,93725.67,BTC
2026-01-06 02:22:29+00:00,2026-01-06 02:24:42.442849+00:00,449.0,93720.121,93718.02,93725.47,BTC
2026-01-06 02:22:29+00:00,2026-01-06 02:24:42.987828+00:00,449.0,93719.091,93716.79,93723.28,BTC
2026-01-06 02:22:30+00:00,2026-01-06 02:24:43.547459+00:00,450.0,93718.061,93715.56,93721.09,BTC
2026-01-06 02:22:30+00:00,2026-01-06 02:24:43.999998+00:00,450.0,93717.941,93715.56,93719.73,BTC
2026-01-06 02:22:31+00:00,2026-01-06 02:24:44.161332+00:00,451.0,93717.821,93715.56,93718.36,BTC
2026-01-06 02:22:31+00:00,2026-01-06 02:24:44.994905+00:00,451.0,93717.821,93715.56,93718.36,BTC
2026-01-06 02:22:32+00:00,2026-01-06 02:24:45.564644+00:00,452.0,93716.741,93714.89,93719.2,BTC
2026-01-06 02:22:32+00:00,2026-01-06 02:24:46.003365+00:00,452.0,93716.741,93714.89,93719.2,BTC
2026-01-06 02:22:33+00:00,2026-01-06 02:24:46.586469+00:00,453.0,93715.651,93714.22,93720.04,BTC
2026-01-06 02:22:34+00:00,2026-01-06 02:24:47.719187+00:00,454.0,93715.641,93713.9,93719.36,BTC
2026-01-06 02:22:33+00:00,2026-01-06 02:24:47.032172+00:00,453.0,93715.651,93714.22,93720.04,BTC
2026-01-06 02:22:34+00:00,2026-01-06 02:24:48.682626+00:00,454.0,93715.641,93713.9,93719.36,BTC
2026-01-06 02:22:35+00:00,2026-01-06 02:24:48.668830+00:00,455.0,93715.631,93713.57,93718.37,BTC
2026-01-06 02:22:35+00:00,2026-01-06 02:24:49.111245+00:00,455.0,93715.631,93713.57,93718.37,BTC
2026-01-06 02:22:36+00:00,2026-01-06 02:24:49.659053+00:00,456.0,93715.631,93713.55,93718.05,BTC
2026-01-06 02:22:36+00:00,2026-01-06 02:24:50.101019+00:00,456.0,93715.631,93713.55,93718.05,BTC
2026-01-06 02:22:37+00:00,2026-01-06 02:24:50.684026+00:00,457.0,93715.631,93713.55,93718.05,BTC
2026-01-06 02:22:37+00:00,2026-01-06 02:24:51.729024+00:00,457.0,93715.761,93713.5,93717.84,BTC
2026-01-06 02:22:38+00:00,2026-01-06 02:24:51.761264+00:00,458.0,93715.901,93713.45,93717.62,BTC
2026-01-06 02:22:38+00:00,2026-01-06 02:24:52.154175+00:00,458.0,93715.901,93713.45,93717.62,BTC
2026-01-06 02:22:39+00:00,2026-01-06 02:24:52.747070+00:00,459.0,93715.901,93713.45,93717.62,BTC
2026-01-06 02:22:39+00:00,2026-01-06 02:24:53.315094+00:00,459.0,93714.831,93712.49,93716.91,BTC
2026-01-06 02:22:40+00:00,2026-01-06 02:24:53.813000+00:00,460.0,93713.761,93711.52,93716.19,BTC
2026-01-06 02:22:40+00:00,2026-01-06 02:24:54.366295+00:00,460.0,93712.611,93710.1,93715.26,BTC
2026-01-06 02:22:41+00:00,2026-01-06 02:24:54.868048+00:00,461.0,93711.471,93708.68,93714.33,BTC
2026-01-06 02:22:41+00:00,2026-01-06 02:24:55.328179+00:00,461.0,93711.321,93708.68,93714.17,BTC
2026-01-06 02:22:42+00:00,2026-01-06 02:24:56.109660+00:00,462.0,93711.171,93708.68,93714.0,BTC
2026-01-06 02:22:42+00:00,2026-01-06 02:24:56.335992+00:00,462.0,93711.181,93708.47,93713.88,BTC
2026-01-06 02:22:43+00:00,2026-01-06 02:24:56.850365+00:00,463.0,93711.191,93708.25,93713.76,BTC
2026-01-06 02:22:43+00:00,2026-01-06 02:24:57.370315+00:00,463.0,93711.191,93708.25,93713.76,BTC
2026-01-06 02:22:44+00:00,2026-01-06 02:24:57.841480+00:00,464.0,93711.191,93708.25,93713.76,BTC
2026-01-06 02:22:45+00:00,2026-01-06 02:24:59.069414+00:00,465.0,93711.001,93707.86,93713.86,BTC
2026-01-06 02:22:45+00:00,2026-01-06 02:24:59.082852+00:00,465.0,93708.431,93704.91,93711.36,BTC
2026-01-06 02:22:46+00:00,2026-01-06 02:25:00.065988+00:00,466.0,93705.851,93701.97,93708.87,BTC
2026-01-06 02:22:46+00:00,2026-01-06 02:25:00.262217+00:00,466.0,93705.161,93702.0,93706.98,BTC
2026-01-06 02:22:47+00:00,2026-01-06 02:25:01.302363+00:00,467.0,93705.061,93702.23,93707.42,BTC
2026-01-06 02:22:47+00:00,2026-01-06 02:25:01.262601+00:00,467.0,93704.471,93702.02,93705.09,BTC
2026-01-06 02:22:48+00:00,2026-01-06 02:25:02.430244+00:00,468.0,93705.771,93702.43,93710.07,BTC
2026-01-06 02:22:49+00:00,2026-01-06 02:25:03.318612+00:00,469.0,93705.891,93702.43,93710.39,BTC
2026-01-06 02:22:49+00:00,2026-01-06 02:25:03.384601+00:00,469.0,93705.281,93702.43,93707.79,BTC
2026-01-06 02:22:50+00:00,2026-01-06 02:25:03.883433+00:00,470.0,93704.681,93702.43,93705.2,BTC
2026-01-06 02:22:51+00:00,2026-01-06 02:25:04.394184+00:00,471.0,93704.701,93702.17,93705.21,BTC
2026-01-06 02:22:51+00:00,2026-01-06 02:25:04.930822+00:00,471.0,93704.701,93702.17,93705.21,BTC
2026-01-06 02:22:52+00:00,2026-01-06 02:25:05.621236+00:00,472.0,93706.301,93702.18,93708.19,BTC
2026-01-06 02:22:52+00:00,2026-01-06 02:25:05.893696+00:00,472.0,93706.301,93702.18,93708.19,BTC
2026-01-06 02:22:53+00:00,2026-01-06 02:25:06.620429+00:00,473.0,93705.301,93702.18,93705.89,BTC
2026-01-06 02:22:53+00:00,2026-01-06 02:25:06.908378+00:00,473.0,93705.301,93702.18,93705.89,BTC
2026-01-06 02:22:54+00:00,2026-01-06 02:25:07.648240+00:00,474.0,93706.201,93701.76,93709.28,BTC
2026-01-06 02:22:54+00:00,2026-01-06 02:25:07.962804+00:00,474.0,93706.201,93701.76,93709.28,BTC
2026-01-06 02:22:55+00:00,2026-01-06 02:25:08.634571+00:00,475.0,93706.241,93701.77,93708.72,BTC
2026-01-06 02:22:55+00:00,2026-01-06 02:25:09.021856+00:00,475.0,93706.241,93701.77,93708.72,BTC
2026-01-06 02:22:56+00:00,2026-01-06 02:25:09.637153+00:00,476.0,93706.241,93701.77,93708.72,BTC
2026-01-06 02:22:57+00:00,2026-01-06 02:25:10.685338+00:00,477.0,93706.211,93701.73,93708.74,BTC
2026-01-06 02:22:56+00:00,2026-01-06 02:25:10.644676+00:00,476.0,93706.221,93701.75,93708.73,BTC
2026-01-06 02:22:58+00:00,2026-01-06 02:25:11.666171+00:00,478.0,93706.221,93701.74,93708.57,BTC
2026-01-06 02:22:57+00:00,2026-01-06 02:25:11.810874+00:00,477.0,93706.211,93701.73,93708.65,BTC
2026-01-06 02:22:58+00:00,2026-01-06 02:25:13.711293+00:00,478.0,93706.241,93701.74,93708.57,BTC
2026-01-06 02:22:59+00:00,2026-01-06 02:25:12.714725+00:00,479.0,93706.261,93701.74,93708.58,BTC
2026-01-06 02:22:59+00:00,2026-01-06 02:25:13.728438+00:00,479.0,93706.261,93701.73,93708.23,BTC
2026-01-06 02:23:00+00:00,2026-01-06 02:25:13.732443+00:00,480.0,93706.261,93701.72,93707.89,BTC
2026-01-06 02:23:01+00:00,2026-01-06 02:25:14.889959+00:00,481.0,93710.601,93707.59,93713.36,BTC
2026-01-06 02:23:00+00:00,2026-01-06 02:25:14.861519+00:00,480.0,93708.431,93704.66,93710.63,BTC
2026-01-06 02:23:02+00:00,2026-01-06 02:25:16.003428+00:00,482.0,93710.631,93707.16,93712.58,BTC
2026-01-06 02:23:02+00:00,2026-01-06 02:25:16.001907+00:00,482.0,93710.631,93707.16,93712.58,BTC
2026-01-06 02:23:03+00:00,2026-01-06 02:25:17.042907+00:00,483.0,93710.561,93707.6,93713.77,BTC
2026-01-06 02:23:03+00:00,2026-01-06 02:25:17.891147+00:00,483.0,93711.761,93709.55,93715.69,BTC
2026-01-06 02:23:04+00:00,2026-01-06 02:25:18.265533+00:00,484.0,93713.611,93711.5,93717.81,BTC
2026-01-06 02:23:04+00:00,2026-01-06 02:25:18.870016+00:00,484.0,93713.611,93711.5,93717.81,BTC
2026-01-06 02:23:05+00:00,2026-01-06 02:25:19.236450+00:00,485.0,93714.411,93711.93,93717.9,BTC
2026-01-06 02:23:05+00:00,2026-01-06 02:25:19.870739+00:00,485.0,93714.411,93711.93,93717.9,BTC
2026-01-06 02:23:06+00:00,2026-01-06 02:25:20.331414+00:00,486.0,93714.571,93712.5,93718.07,BTC
2026-01-06 02:23:06+00:00,2026-01-06 02:25:20.886374+00:00,486.0,93714.571,93712.5,93718.07,BTC
2026-01-06 02:23:07+00:00,2026-01-06 02:25:21.255266+00:00,487.0,93714.611,93712.64,93718.34,BTC
2026-01-06 02:23:08+00:00,2026-01-06 02:25:22.167811+00:00,488.0,93714.631,93712.64,93718.33,BTC
2026-01-06 02:23:08+00:00,2026-01-06 02:25:22.288635+00:00,488.0,93714.601,93712.43,93718.28,BTC
2026-01-06 02:23:09+00:00,2026-01-06 02:25:23.210149+00:00,489.0,93714.581,93712.22,93718.23,BTC
2026-01-06 02:23:09+00:00,2026-01-06 02:25:23.281160+00:00,489.0,93714.591,93712.22,93718.04,BTC
2026-01-06 02:23:10+00:00,2026-01-06 02:25:24.226506+00:00,490.0,93714.611,93712.22,93717.85,BTC
2026-01-06 02:23:10+00:00,2026-01-06 02:25:24.530112+00:00,490.0,93714.581,93712.06,93717.72,BTC
2026-01-06 02:23:11+00:00,2026-01-06 02:25:25.236936+00:00,491.0,93714.561,93711.91,93717.58,BTC
2026-01-06 02:23:11+00:00,2026-01-06 02:25:25.614241+00:00,491.0,93714.541,93711.59,93717.38,BTC
2026-01-06 02:23:12+00:00,2026-01-06 02:25:26.264214+00:00,492.0,93714.531,93711.27,93717.18,BTC
2026-01-06 02:23:12+00:00,2026-01-06 02:25:26.579795+00:00,492.0,93714.561,93711.53,93717.53,BTC
2026-01-06 02:23:13+00:00,2026-01-06 02:25:27.394243+00:00,493.0,93714.591,93711.79,93717.87,BTC
2026-01-06 02:23:13+00:00,2026-01-06 02:25:27.628306+00:00,493.0,93714.601,93711.79,93717.97,BTC
2026-01-06 02:23:14+00:00,2026-01-06 02:25:28.268980+00:00,494.0,93714.601,93711.79,93718.06,BTC
2026-01-06 02:23:15+00:00,2026-01-06 02:25:29.269772+00:00,495.0,93714.601,93712.17,93718.02,BTC
2026-01-06 02:23:15+00:00,2026-01-06 02:25:29.259080+00:00,495.0,93714.601,93712.17,93718.02,BTC
2026-01-06 02:23:16+00:00,2026-01-06 02:25:30.514901+00:00,496.0,93714.601,93712.17,93718.11,BTC
2026-01-06 02:23:16+00:00,2026-01-06 02:25:30.299581+00:00,496.0,93714.601,93712.17,93718.11,BTC
2026-01-06 02:23:17+00:00,2026-01-06 02:25:31.352468+00:00,497.0,93714.561,93712.17,93718.08,BTC
2026-01-06 02:23:17+00:00,2026-01-06 02:25:31.263969+00:00,497.0,93714.561,93712.17,93718.08,BTC
2026-01-06 02:23:18+00:00,2026-01-06 02:25:32.327678+00:00,498.0,93716.661,93714.65,93720.36,BTC
2026-01-06 02:23:18+00:00,2026-01-06 02:25:32.326680+00:00,498.0,93716.661,93714.65,93720.36,BTC
2026-01-06 02:23:19+00:00,2026-01-06 02:25:33.381724+00:00,499.0,93716.661,93715.32,93720.37,BTC
2026-01-06 02:23:19+00:00,2026-01-06 02:25:33.385720+00:00,499.0,93716.661,93715.32,93720.37,BTC
2026-01-06 02:23:20+00:00,2026-01-06 02:25:34.280362+00:00,500.0,93717.481,93715.99,93721.15,BTC
2026-01-06 02:23:20+00:00,2026-01-06 02:25:34.634539+00:00,500.0,93717.311,93716.21,93721.0,BTC
2026-01-06 02:23:21+00:00,2026-01-06 02:25:35.385296+00:00,501.0,93717.141,93716.43,93720.84,BTC
2026-01-06 02:23:21+00:00,2026-01-06 02:25:35.285162+00:00,501.0,93717.671,93716.68,93721.33,BTC
2026-01-06 02:23:22+00:00,2026-01-06 02:25:36.678744+00:00,502.0,93717.661,93716.15,93721.47,BTC
2026-01-06 02:23:22+00:00,2026-01-06 02:25:36.478295+00:00,502.0,93717.661,93716.15,93721.47,BTC
2026-01-06 02:23:23+00:00,2026-01-06 02:25:37.763734+00:00,503.0,93717.111,93715.37,93721.12,BTC
2026-01-06 02:23:23+00:00,2026-01-06 02:25:37.738483+00:00,503.0,93717.811,93716.15,93721.68,BTC
2026-01-06 02:23:24+00:00,2026-01-06 02:25:38.577752+00:00,504.0,93718.511,93716.93,93722.24,BTC
2026-01-06 02:23:24+00:00,2026-01-06 02:25:38.713721+00:00,504.0,93718.011,93716.17,93721.77,BTC
2026-01-06 02:23:25+00:00,2026-01-06 02:25:39.631755+00:00,505.0,93717.511,93715.41,93721.3,BTC
2026-01-06 02:23:25+00:00,2026-01-06 02:25:39.759384+00:00,505.0,93717.751,93715.58,93721.51,BTC
2026-01-06 02:23:26+00:00,2026-01-06 02:25:40.645602+00:00,506.0,93717.991,93715.75,93721.72,BTC
2026-01-06 02:23:26+00:00,2026-01-06 02:25:40.749597+00:00,506.0,93718.261,93716.28,93721.98,BTC
2026-01-06 02:23:27+00:00,2026-01-06 02:25:41.602308+00:00,507.0,93718.531,93716.8,93722.24,BTC
2026-01-06 02:23:27+00:00,2026-01-06 02:25:41.798788+00:00,507.0,93718.441,93716.8,93722.27,BTC
2026-01-06 02:23:28+00:00,2026-01-06 02:25:42.618374+00:00,508.0,93718.351,93716.8,93722.29,BTC
2026-01-06 02:23:28+00:00,2026-01-06 02:25:42.779580+00:00,508.0,93718.421,93716.8,93722.28,BTC
2026-01-06 02:23:29+00:00,2026-01-06 02:25:43.620693+00:00,509.0,93718.491,93716.8,93722.28,BTC
2026-01-06 02:23:29+00:00,2026-01-06 02:25:43.843180+00:00,509.0,93718.491,93716.8,93722.28,BTC
2026-01-06 02:23:30+00:00,2026-01-06 02:25:44.696789+00:00,510.0,93718.491,93716.8,93722.28,BTC
2026-01-06 02:23:30+00:00,2026-01-06 02:25:44.811898+00:00,510.0,93718.481,93716.9,93722.28,BTC
2026-01-06 02:23:31+00:00,2026-01-06 02:25:45.614141+00:00,511.0,93718.481,93717.0,93722.28,BTC
2026-01-06 02:23:31+00:00,2026-01-06 02:25:45.827477+00:00,511.0,93718.481,93717.0,93722.28,BTC
2026-01-06 02:23:32+00:00,2026-01-06 02:25:46.617772+00:00,512.0,93718.481,93717.0,93722.28,BTC
2026-01-06 02:23:32+00:00,2026-01-06 02:25:46.850273+00:00,512.0,93718.291,93716.87,93722.16,BTC
2026-01-06 02:23:33+00:00,2026-01-06 02:25:47.646367+00:00,513.0,93718.101,93716.74,93722.03,BTC
2026-01-06 02:23:33+00:00,2026-01-06 02:25:47.833814+00:00,513.0,93718.101,93716.74,93722.03,BTC
2026-01-06 02:23:34+00:00,2026-01-06 02:25:48.643011+00:00,514.0,93718.101,93716.74,93722.03,BTC
2026-01-06 02:23:34+00:00,2026-01-06 02:25:48.857547+00:00,514.0,93718.141,93717.02,93721.99,BTC
2026-01-06 02:23:35+00:00,2026-01-06 02:25:49.668533+00:00,515.0,93718.171,93717.31,93721.94,BTC
2026-01-06 02:23:35+00:00,2026-01-06 02:25:49.848921+00:00,515.0,93718.181,93717.32,93721.94,BTC
2026-01-06 02:23:36+00:00,2026-01-06 02:25:50.730777+00:00,516.0,93718.191,93717.32,93721.94,BTC
2026-01-06 02:23:36+00:00,2026-01-06 02:25:50.852927+00:00,516.0,93717.941,93716.86,93721.83,BTC
2026-01-06 02:23:37+00:00,2026-01-06 02:25:51.827087+00:00,517.0,93717.701,93716.4,93721.72,BTC
2026-01-06 02:23:37+00:00,2026-01-06 02:25:51.913126+00:00,517.0,93717.701,93716.4,93721.72,BTC
2026-01-06 02:23:38+00:00,2026-01-06 02:25:52.743644+00:00,518.0,93717.701,93716.4,93721.72,BTC
2026-01-06 02:23:38+00:00,2026-01-06 02:25:52.877847+00:00,518.0,93717.561,93716.28,93721.62,BTC
2026-01-06 02:23:39+00:00,2026-01-06 02:25:53.882213+00:00,519.0,93717.751,93716.73,93721.62,BTC
2026-01-06 02:23:39+00:00,2026-01-06 02:25:53.958416+00:00,519.0,93717.751,93716.73,93721.62,BTC
2026-01-06 02:23:40+00:00,2026-01-06 02:25:54.929639+00:00,520.0,93718.091,93717.3,93721.71,BTC
2026-01-06 02:23:40+00:00,2026-01-06 02:25:54.827521+00:00,520.0,93718.091,93717.3,93721.71,BTC
2026-01-06 02:23:42+00:00,2026-01-06 02:25:56.126402+00:00,522.0,93713.951,93711.64,93717.9,BTC
2026-01-06 02:23:41+00:00,2026-01-06 02:25:56.380864+00:00,521.0,93716.021,93714.47,93719.8,BTC
2026-01-06 02:23:42+00:00,2026-01-06 02:25:56.961909+00:00,522.0,93713.951,93711.64,93717.73,BTC
2026-01-06 02:23:43+00:00,2026-01-06 02:25:58.024432+00:00,523.0,93713.891,93711.33,93716.15,BTC
2026-01-06 02:23:43+00:00,2026-01-06 02:25:58.011790+00:00,523.0,93713.891,93711.33,93716.15,BTC
2026-01-06 02:23:44+00:00,2026-01-06 02:25:58.965520+00:00,524.0,93713.721,93710.9,93714.65,BTC
2026-01-06 02:23:44+00:00,2026-01-06 02:25:59.025649+00:00,524.0,93713.721,93710.9,93714.65,BTC
2026-01-06 02:23:45+00:00,2026-01-06 02:25:59.970019+00:00,525.0,93713.721,93711.0,93714.8,BTC
2026-01-06 02:23:45+00:00,2026-01-06 02:26:00.012288+00:00,525.0,93713.721,93711.0,93714.8,BTC
2026-01-06 02:23:46+00:00,2026-01-06 02:26:00.967042+00:00,526.0,93713.921,93711.43,93715.31,BTC
2026-01-06 02:23:46+00:00,2026-01-06 02:26:01.031808+00:00,526.0,93713.921,93711.43,93715.31,BTC
2026-01-06 02:23:47+00:00,2026-01-06 02:26:01.981443+00:00,527.0,93713.991,93711.64,93715.56,BTC
2026-01-06 02:23:47+00:00,2026-01-06 02:26:02.550332+00:00,527.0,93714.021,93711.65,93715.56,BTC
2026-01-06 02:23:48+00:00,2026-01-06 02:26:03.566363+00:00,528.0,93713.961,93711.63,93715.57,BTC
2026-01-06 02:23:48+00:00,2026-01-06 02:26:03.043616+00:00,528.0,93714.401,93711.63,93716.45,BTC
2026-01-06 02:23:49+00:00,2026-01-06 02:26:04.644039+00:00,529.0,93715.191,93712.29,93717.93,BTC
2026-01-06 02:23:49+00:00,2026-01-06 02:26:04.584954+00:00,529.0,93714.831,93711.64,93717.33,BTC
2026-01-06 02:23:50+00:00,2026-01-06 02:26:05.075103+00:00,530.0,93715.891,93713.6,93719.12,BTC
2026-01-06 02:23:50+00:00,2026-01-06 02:26:05.609818+00:00,530.0,93715.541,93712.95,93718.52,BTC
2026-01-06 02:23:51+00:00,2026-01-06 02:26:06.669358+00:00,531.0,93716.231,93714.1,93719.15,BTC
2026-01-06 02:23:51+00:00,2026-01-06 02:26:06.714192+00:00,531.0,93716.231,93714.1,93719.15,BTC
2026-01-06 02:23:52+00:00,2026-01-06 02:26:07.138496+00:00,532.0,93716.161,93714.07,93718.64,BTC
2026-01-06 02:23:52+00:00,2026-01-06 02:26:07.850483+00:00,532.0,93716.161,93714.07,93718.64,BTC
2026-01-06 02:23:53+00:00,2026-01-06 02:26:08.157500+00:00,533.0,93716.111,93714.14,93718.64,BTC
2026-01-06 02:23:53+00:00,2026-01-06 02:26:08.891790+00:00,533.0,93716.111,93714.14,93718.64,BTC
2026-01-06 02:23:54+00:00,2026-01-06 02:26:09.282489+00:00,534.0,93715.701,93713.7,93717.89,BTC
2026-01-06 02:23:55+00:00,2026-01-06 02:26:10.195351+00:00,535.0,93715.281,93713.31,93717.19,BTC
2026-01-06 02:23:55+00:00,2026-01-06 02:26:10.215173+00:00,535.0,93714.851,93712.93,93716.49,BTC
2026-01-06 02:23:56+00:00,2026-01-06 02:26:11.398095+00:00,536.0,93713.801,93712.09,93715.8,BTC
2026-01-06 02:23:56+00:00,2026-01-06 02:26:11.693386+00:00,536.0,93713.801,93712.09,93715.8,BTC
2026-01-06 02:23:57+00:00,2026-01-06 02:26:12.249138+00:00,537.0,93713.161,93711.09,93715.37,BTC
2026-01-06 02:23:57+00:00,2026-01-06 02:26:13.310115+00:00,537.0,93713.161,93711.09,93715.37,BTC
2026-01-06 02:23:58+00:00,2026-01-06 02:26:13.335496+00:00,538.0,93713.151,93710.67,93715.69,BTC
2026-01-06 02:23:58+00:00,2026-01-06 02:26:14.148598+00:00,538.0,93713.151,93710.67,93715.69,BTC
2026-01-06 02:23:59+00:00,2026-01-06 02:26:14.328764+00:00,539.0,93713.261,93710.79,93716.4,BTC
2026-01-06 02:24:00+00:00,2026-01-06 02:26:15.148202+00:00,540.0,93713.361,93710.79,93716.35,BTC
2026-01-06 02:24:00+00:00,2026-01-06 02:26:15.559891+00:00,540.0,93713.051,93709.98,93715.34,BTC
