timestamp,collected_at,seconds,up_mid,up_best_bid,up_best_ask,down_mid,down_best_bid,down_best_ask,up_best_bid_size,up_best_ask_size,down_best_bid_size,down_best_ask_size
2026-01-06 02:15:00.243000+00:00,2026-01-06 02:15:00.218279+00:00,0.243,0.535,0.53,0.54,0.4649999999999999,0.46,0.47,,,,
2026-01-06 02:15:01.251000+00:00,2026-01-06 02:15:01.216205+00:00,1.251,0.54,0.53,0.55,0.475,0.47,0.48,,,,
2026-01-06 02:15:02.248000+00:00,2026-01-06 02:15:02.225538+00:00,2.248,0.515,0.51,0.52,0.485,0.48,0.49,,,,
2026-01-06 02:15:03.273000+00:00,2026-01-06 02:15:03.240226+00:00,3.273,0.505,0.5,0.51,0.495,0.49,0.5,,,,
2026-01-06 02:15:04.262000+00:00,2026-01-06 02:15:04.245689+00:00,4.262,0.515,0.51,0.52,0.485,0.48,0.49,,,,
2026-01-06 02:15:05.310000+00:00,2026-01-06 02:15:05.267413+00:00,5.31,0.51,0.5,0.52,0.5,0.49,0.51,,,,
2026-01-06 02:15:06.313000+00:00,2026-01-06 02:15:06.274749+00:00,6.313,0.485,0.48,0.49,0.515,0.51,0.52,,,,
2026-01-06 02:15:07.300000+00:00,2026-01-06 02:15:07.278490+00:00,7.3,0.525,0.52,0.53,0.475,0.47,0.48,,,,
2026-01-06 02:15:08.304000+00:00,2026-01-06 02:15:08.279084+00:00,8.304,0.52,0.51,0.53,0.48,0.47,0.49,,,,
2026-01-06 02:15:09.289000+00:00,2026-01-06 02:15:09.276850+00:00,9.289,0.505,0.5,0.51,0.495,0.49,0.5,,,,
2026-01-06 02:15:10.285000+00:00,2026-01-06 02:15:10.281748+00:00,10.285,0.505,0.5,0.51,0.495,0.49,0.5,,,,
2026-01-06 02:15:11.318000+00:00,2026-01-06 02:15:11.294995+00:00,11.318,0.51,0.5,0.52,0.49,0.48,0.5,,,,
2026-01-06 02:15:12.300000+00:00,2026-01-06 02:15:12.293422+00:00,12.3,0.515,0.51,0.52,0.49,0.48,0.5,,,,
2026-01-06 02:15:13.327000+00:00,2026-01-06 02:15:13.311904+00:00,13.327,0.515,0.51,0.52,0.485,0.48,0.49,,,,
2026-01-06 02:15:14.294000+00:00,2026-01-06 02:15:14.319779+00:00,14.294,0.525,0.52,0.53,0.475,0.47,0.48,,,,
2026-01-06 02:15:15.357000+00:00,2026-01-06 02:15:15.326248+00:00,15.357,0.525,0.52,0.53,0.475,0.47,0.48,,,,
2026-01-06 02:15:16.348000+00:00,2026-01-06 02:15:16.327349+00:00,16.348,0.505,0.5,0.51,0.495,0.49,0.5,,,,
2026-01-06 02:15:17.376000+00:00,2026-01-06 02:15:17.336865+00:00,17.376,0.505,0.5,0.51,0.495,0.49,0.5,,,,
2026-01-06 02:15:18.265000+00:00,2026-01-06 02:15:18.327634+00:00,18.265,0.485,0.48,0.49,0.515,0.51,0.52,,,,
2026-01-06 02:15:19.339000+00:00,2026-01-06 02:15:19.332807+00:00,19.339,0.49,0.48,0.5,0.505,0.5,0.51,,,,
2026-01-06 02:15:20.328000+00:00,2026-01-06 02:15:20.343907+00:00,20.328,0.495,0.49,0.5,0.505,0.5,0.51,,,,
2026-01-06 02:15:21.351000+00:00,2026-01-06 02:15:21.350876+00:00,21.351,0.495,0.49,0.5,0.505,0.5,0.51,,,,
2026-01-06 02:15:22.393000+00:00,2026-01-06 02:15:22.363885+00:00,22.393,0.495,0.49,0.5,0.505,0.5,0.51,,,,
2026-01-06 02:15:23.393000+00:00,2026-01-06 02:15:23.369686+00:00,23.393,0.505,0.5,0.51,0.495,0.49,0.5,,,,
2026-01-06 02:15:24.418000+00:00,2026-01-06 02:15:24.395163+00:00,24.418,0.475,0.47,0.48,0.53,0.52,0.54,,,,
2026-01-06 02:15:25.908000+00:00,2026-01-06 02:15:24.818955+00:00,25.908,0.455,0.45,0.46,0.545,0.54,0.55,,,,
2026-01-06 02:15:25.400000+00:00,2026-01-06 02:15:25.406190+00:00,25.4,0.455,0.45,0.46,0.545,0.54,0.55,,,,
2026-01-06 02:15:26.223000+00:00,2026-01-06 02:15:26.199066+00:00,26.223,0.445,0.44,0.45,0.555,0.55,0.56,,,,
2026-01-06 02:15:26.474000+00:00,2026-01-06 02:15:26.439981+00:00,26.474,0.445,0.44,0.45,0.555,0.55,0.56,,,,
2026-01-06 02:15:27.231000+00:00,2026-01-06 02:15:27.208613+00:00,27.231,0.445,0.44,0.45,0.555,0.55,0.56,,,,
2026-01-06 02:15:27.495000+00:00,2026-01-06 02:15:27.463642+00:00,27.495,0.445,0.44,0.45,0.555,0.55,0.56,,,,
2026-01-06 02:15:28.247000+00:00,2026-01-06 02:15:28.220487+00:00,28.247,0.425,0.42,0.43,0.575,0.57,0.58,,,,
2026-01-06 02:15:28.535000+00:00,2026-01-06 02:15:28.462980+00:00,28.535,0.425,0.42,0.43,0.575,0.57,0.58,,,,
2026-01-06 02:15:29.252000+00:00,2026-01-06 02:15:29.224891+00:00,29.252,0.425,0.42,0.43,0.575,0.57,0.58,,,,
2026-01-06 02:15:29.509000+00:00,2026-01-06 02:15:29.485395+00:00,29.509,0.425,0.42,0.43,0.575,0.57,0.58,,,,
2026-01-06 02:15:30.257000+00:00,2026-01-06 02:15:30.241099+00:00,30.257,0.415,0.41,0.42,0.585,0.58,0.59,,,,
2026-01-06 02:15:30.529000+00:00,2026-01-06 02:15:30.492412+00:00,30.529,0.415,0.41,0.42,0.585,0.58,0.59,,,,
2026-01-06 02:15:31.284000+00:00,2026-01-06 02:15:31.252343+00:00,31.284,0.415,0.41,0.42,0.585,0.58,0.59,,,,
2026-01-06 02:15:31.504000+00:00,2026-01-06 02:15:31.503079+00:00,31.504,0.415,0.41,0.42,0.585,0.58,0.59,,,,
2026-01-06 02:15:32.279000+00:00,2026-01-06 02:15:32.254181+00:00,32.279,0.415,0.41,0.42,0.585,0.58,0.59,,,,
2026-01-06 02:15:32.532000+00:00,2026-01-06 02:15:32.508472+00:00,32.532,0.415,0.41,0.42,0.585,0.58,0.59,,,,
2026-01-06 02:15:33.285000+00:00,2026-01-06 02:15:33.268372+00:00,33.285,0.415,0.41,0.42,0.585,0.58,0.59,,,,
2026-01-06 02:15:33.529000+00:00,2026-01-06 02:15:33.536431+00:00,33.529,0.415,0.41,0.42,0.575,0.57,0.58,,,,
2026-01-06 02:15:34.166000+00:00,2026-01-06 02:15:34.277689+00:00,34.166,0.425,0.42,0.43,0.575,0.57,0.58,,,,
2026-01-06 02:15:34.547000+00:00,2026-01-06 02:15:34.531223+00:00,34.547,0.425,0.42,0.43,0.575,0.57,0.58,,,,
2026-01-06 02:15:35.329000+00:00,2026-01-06 02:15:35.294855+00:00,35.329,0.425,0.42,0.43,0.575,0.57,0.58,,,,
2026-01-06 02:15:35.567000+00:00,2026-01-06 02:15:35.540813+00:00,35.567,0.425,0.42,0.43,0.575,0.57,0.58,,,,
2026-01-06 02:15:36.303000+00:00,2026-01-06 02:15:36.311529+00:00,36.303,0.425,0.42,0.43,0.575,0.57,0.58,,,,
2026-01-06 02:15:36.562000+00:00,2026-01-06 02:15:36.540220+00:00,36.562,0.425,0.42,0.43,0.575,0.57,0.58,,,,
2026-01-06 02:15:37.565000+00:00,2026-01-06 02:15:37.552416+00:00,37.565,0.425,0.42,0.43,0.575,0.57,0.58,,,,
2026-01-06 02:15:37.353000+00:00,2026-01-06 02:15:37.309013+00:00,37.353,0.425,0.42,0.43,0.575,0.57,0.58,,,,
2026-01-06 02:15:38.325000+00:00,2026-01-06 02:15:38.324619+00:00,38.325,0.425,0.42,0.43,0.575,0.57,0.58,,,,
2026-01-06 02:15:38.571000+00:00,2026-01-06 02:15:38.566396+00:00,38.571,0.425,0.42,0.43,0.575,0.57,0.58,,,,
2026-01-06 02:15:39.359000+00:00,2026-01-06 02:15:39.352322+00:00,39.359,0.425,0.42,0.43,0.575,0.57,0.58,,,,
2026-01-06 02:15:39.572000+00:00,2026-01-06 02:15:39.576465+00:00,39.572,0.425,0.42,0.43,0.575,0.57,0.58,,,,
2026-01-06 02:15:40.356000+00:00,2026-01-06 02:15:40.357667+00:00,40.356,0.425,0.42,0.43,0.575,0.57,0.58,,,,
2026-01-06 02:15:40.590000+00:00,2026-01-06 02:15:40.579877+00:00,40.59,0.425,0.42,0.43,0.575,0.57,0.58,,,,
2026-01-06 02:15:41.371000+00:00,2026-01-06 02:15:41.358548+00:00,41.371,0.43,0.42,0.44,0.5700000000000001,0.56,0.58,,,,
2026-01-06 02:15:41.604000+00:00,2026-01-06 02:15:41.575170+00:00,41.604,0.43,0.42,0.44,0.5700000000000001,0.56,0.58,,,,
2026-01-06 02:15:42.353000+00:00,2026-01-06 02:15:42.357040+00:00,42.353,0.425,0.42,0.43,0.575,0.57,0.58,,,,
2026-01-06 02:15:42.586000+00:00,2026-01-06 02:15:42.566231+00:00,42.586,0.425,0.42,0.43,0.575,0.57,0.58,,,,
2026-01-06 02:15:43.366000+00:00,2026-01-06 02:15:43.351670+00:00,43.366,0.425,0.42,0.43,0.575,0.57,0.58,,,,
2026-01-06 02:15:43.568000+00:00,2026-01-06 02:15:43.573111+00:00,43.568,0.425,0.42,0.43,0.575,0.57,0.58,,,,
2026-01-06 02:15:44.366000+00:00,2026-01-06 02:15:44.367243+00:00,44.366,0.425,0.42,0.43,0.575,0.57,0.58,,,,
2026-01-06 02:15:44.580000+00:00,2026-01-06 02:15:44.594870+00:00,44.58,0.425,0.42,0.43,0.575,0.57,0.58,,,,
2026-01-06 02:15:45.392000+00:00,2026-01-06 02:15:45.373179+00:00,45.392,0.425,0.42,0.43,0.575,0.57,0.58,,,,
2026-01-06 02:15:45.582000+00:00,2026-01-06 02:15:45.590045+00:00,45.582,0.425,0.42,0.43,0.575,0.57,0.58,,,,
2026-01-06 02:15:46.417000+00:00,2026-01-06 02:15:46.388504+00:00,46.417,0.43,0.42,0.44,0.5700000000000001,0.56,0.58,,,,
2026-01-06 02:15:46.633000+00:00,2026-01-06 02:15:46.606266+00:00,46.633,0.43,0.42,0.44,0.5700000000000001,0.56,0.58,,,,
2026-01-06 02:15:47.376000+00:00,2026-01-06 02:15:47.380146+00:00,47.376,0.43,0.42,0.44,0.5700000000000001,0.56,0.58,,,,
2026-01-06 02:15:47.622000+00:00,2026-01-06 02:15:47.625068+00:00,47.622,0.43,0.42,0.44,0.5700000000000001,0.56,0.58,,,,
2026-01-06 02:15:48.385000+00:00,2026-01-06 02:15:48.393753+00:00,48.385,0.43,0.42,0.44,0.5700000000000001,0.56,0.58,,,,
2026-01-06 02:15:48.638000+00:00,2026-01-06 02:15:48.617493+00:00,48.638,0.43,0.42,0.44,0.5700000000000001,0.56,0.58,,,,
2026-01-06 02:15:49.495000+00:00,2026-01-06 02:15:49.395212+00:00,49.495,0.43,0.42,0.44,0.5700000000000001,0.56,0.58,,,,
2026-01-06 02:15:49.602000+00:00,2026-01-06 02:15:49.630223+00:00,49.602,0.43,0.42,0.44,0.5700000000000001,0.56,0.58,,,,
2026-01-06 02:15:50.348000+00:00,2026-01-06 02:15:50.409988+00:00,50.348,0.43,0.42,0.44,0.5700000000000001,0.56,0.58,,,,
2026-01-06 02:15:50.708000+00:00,2026-01-06 02:15:50.644819+00:00,50.708,0.43,0.42,0.44,0.5700000000000001,0.56,0.58,,,,
2026-01-06 02:15:51.392000+00:00,2026-01-06 02:15:51.426285+00:00,51.392,0.43,0.42,0.44,0.5700000000000001,0.56,0.58,,,,
2026-01-06 02:15:51.669000+00:00,2026-01-06 02:15:51.644914+00:00,51.669,0.43,0.42,0.44,0.5700000000000001,0.56,0.58,,,,
2026-01-06 02:15:52.363000+00:00,2026-01-06 02:15:52.426203+00:00,52.363,0.43,0.42,0.44,0.5700000000000001,0.56,0.58,,,,
2026-01-06 02:15:52.657000+00:00,2026-01-06 02:15:52.659107+00:00,52.657,0.435,0.43,0.44,0.565,0.56,0.57,,,,
2026-01-06 02:15:53.473000+00:00,2026-01-06 02:15:53.450554+00:00,53.473,0.435,0.43,0.44,0.565,0.56,0.57,,,,
2026-01-06 02:15:53.718000+00:00,2026-01-06 02:15:53.697759+00:00,53.718,0.435,0.43,0.44,0.565,0.56,0.57,,,,
2026-01-06 02:15:54.493000+00:00,2026-01-06 02:15:54.467108+00:00,54.493,0.435,0.43,0.44,0.565,0.56,0.57,,,,
2026-01-06 02:15:54.735000+00:00,2026-01-06 02:15:54.699966+00:00,54.735,0.435,0.43,0.44,0.565,0.56,0.57,,,,
2026-01-06 02:15:55.482000+00:00,2026-01-06 02:15:55.476911+00:00,55.482,0.435,0.43,0.44,0.565,0.56,0.57,,,,
2026-01-06 02:15:55.753000+00:00,2026-01-06 02:15:55.718758+00:00,55.753,0.435,0.43,0.44,0.565,0.56,0.57,,,,
2026-01-06 02:15:56.515000+00:00,2026-01-06 02:15:56.492712+00:00,56.515,0.455,0.45,0.46,0.545,0.54,0.55,,,,
2026-01-06 02:15:56.747000+00:00,2026-01-06 02:15:56.728518+00:00,56.747,0.455,0.45,0.46,0.545,0.54,0.55,,,,
2026-01-06 02:15:57.535000+00:00,2026-01-06 02:15:57.507096+00:00,57.535,0.455,0.45,0.46,0.545,0.54,0.55,,,,
2026-01-06 02:15:57.774000+00:00,2026-01-06 02:15:57.749376+00:00,57.774,0.455,0.45,0.46,0.545,0.54,0.55,,,,
2026-01-06 02:15:58.538000+00:00,2026-01-06 02:15:58.508050+00:00,58.538,0.455,0.45,0.46,0.545,0.54,0.55,,,,
2026-01-06 02:15:58.770000+00:00,2026-01-06 02:15:58.748116+00:00,58.77,0.455,0.45,0.46,0.555,0.55,0.56,,,,
2026-01-06 02:15:59.540000+00:00,2026-01-06 02:15:59.526996+00:00,59.54,0.445,0.44,0.45,0.555,0.55,0.56,,,,
2026-01-06 02:15:59.775000+00:00,2026-01-06 02:15:59.752087+00:00,59.775,0.445,0.44,0.45,0.545,0.54,0.55,,,,
2026-01-06 02:16:00.494000+00:00,2026-01-06 02:16:00.542980+00:00,60.494,0.4649999999999999,0.46,0.47,0.525,0.52,0.53,,,,
2026-01-06 02:16:00.771000+00:00,2026-01-06 02:16:00.772692+00:00,60.771,0.475,0.47,0.48,0.525,0.52,0.53,,,,
2026-01-06 02:16:01.595000+00:00,2026-01-06 02:16:01.554545+00:00,61.595,0.475,0.47,0.48,0.525,0.52,0.53,,,,
2026-01-06 02:16:01.773000+00:00,2026-01-06 02:16:01.776037+00:00,61.773,0.475,0.47,0.48,0.535,0.53,0.54,,,,
2026-01-06 02:16:02.587000+00:00,2026-01-06 02:16:02.565851+00:00,62.587,0.455,0.45,0.46,0.545,0.54,0.55,,,,
2026-01-06 02:16:02.778000+00:00,2026-01-06 02:16:02.786571+00:00,62.778,0.455,0.45,0.46,0.545,0.54,0.55,,,,
2026-01-06 02:16:03.589000+00:00,2026-01-06 02:16:03.560005+00:00,63.589,0.4649999999999999,0.46,0.47,0.535,0.53,0.54,,,,
2026-01-06 02:16:03.828000+00:00,2026-01-06 02:16:03.807880+00:00,63.828,0.455,0.45,0.46,0.545,0.54,0.55,,,,
2026-01-06 02:16:04.585000+00:00,2026-01-06 02:16:04.565653+00:00,64.585,0.455,0.45,0.46,0.555,0.55,0.56,,,,
2026-01-06 02:16:04.856000+00:00,2026-01-06 02:16:04.814385+00:00,64.856,0.4649999999999999,0.46,0.47,0.535,0.53,0.54,,,,
2026-01-06 02:16:05.581000+00:00,2026-01-06 02:16:05.571521+00:00,65.581,0.475,0.47,0.48,0.525,0.52,0.53,,,,
2026-01-06 02:16:05.856000+00:00,2026-01-06 02:16:05.832929+00:00,65.856,0.475,0.47,0.48,0.525,0.52,0.53,,,,
2026-01-06 02:16:06.588000+00:00,2026-01-06 02:16:06.576064+00:00,66.588,0.475,0.47,0.48,0.525,0.52,0.53,,,,
2026-01-06 02:16:06.835000+00:00,2026-01-06 02:16:06.829933+00:00,66.835,0.47,0.46,0.48,0.535,0.53,0.54,,,,
2026-01-06 02:16:07.625000+00:00,2026-01-06 02:16:07.584787+00:00,67.625,0.4649999999999999,0.46,0.47,0.535,0.53,0.54,,,,
2026-01-06 02:16:07.838000+00:00,2026-01-06 02:16:07.825998+00:00,67.838,0.4649999999999999,0.46,0.47,0.535,0.53,0.54,,,,
2026-01-06 02:16:08.613000+00:00,2026-01-06 02:16:08.603488+00:00,68.613,0.4649999999999999,0.46,0.47,0.535,0.53,0.54,,,,
2026-01-06 02:16:08.744000+00:00,2026-01-06 02:16:08.843870+00:00,68.744,0.4649999999999999,0.46,0.47,0.535,0.53,0.54,,,,
2026-01-06 02:16:09.568000+00:00,2026-01-06 02:16:09.622864+00:00,69.568,0.4649999999999999,0.46,0.47,0.535,0.53,0.54,,,,
2026-01-06 02:16:09.819000+00:00,2026-01-06 02:16:09.857471+00:00,69.819,0.4649999999999999,0.46,0.47,0.535,0.53,0.54,,,,
2026-01-06 02:16:10.640000+00:00,2026-01-06 02:16:10.625887+00:00,70.64,0.47,0.46,0.48,0.53,0.52,0.54,,,,
2026-01-06 02:16:10.850000+00:00,2026-01-06 02:16:10.856620+00:00,70.85,0.47,0.46,0.48,0.53,0.52,0.54,,,,
2026-01-06 02:16:11.569000+00:00,2026-01-06 02:16:11.626299+00:00,71.569,0.4649999999999999,0.46,0.47,0.535,0.53,0.54,,,,
2026-01-06 02:16:11.833000+00:00,2026-01-06 02:16:11.864284+00:00,71.833,0.4649999999999999,0.46,0.47,0.535,0.53,0.54,,,,
2026-01-06 02:16:12.637000+00:00,2026-01-06 02:16:12.640322+00:00,72.637,0.4649999999999999,0.46,0.47,0.535,0.53,0.54,,,,
2026-01-06 02:16:12.883000+00:00,2026-01-06 02:16:12.879588+00:00,72.883,0.4649999999999999,0.46,0.47,0.535,0.53,0.54,,,,
2026-01-06 02:16:13.561000+00:00,2026-01-06 02:16:13.658939+00:00,73.561,0.4649999999999999,0.46,0.47,0.535,0.53,0.54,,,,
2026-01-06 02:16:13.874000+00:00,2026-01-06 02:16:13.883523+00:00,73.874,0.4649999999999999,0.46,0.47,0.535,0.53,0.54,,,,
2026-01-06 02:16:14.920000+00:00,2026-01-06 02:16:14.895718+00:00,74.92,0.495,0.49,0.5,0.51,0.5,0.52,,,,
2026-01-06 02:16:14.697000+00:00,2026-01-06 02:16:14.674652+00:00,74.697,0.48,0.47,0.49,0.51,0.5,0.52,,,,
2026-01-06 02:16:15.746000+00:00,2026-01-06 02:16:15.688352+00:00,75.746,0.485,0.48,0.49,0.515,0.51,0.52,,,,
2026-01-06 02:16:15.930000+00:00,2026-01-06 02:16:15.907115+00:00,75.93,0.485,0.48,0.49,0.515,0.51,0.52,,,,
2026-01-06 02:16:16.681000+00:00,2026-01-06 02:16:16.701093+00:00,76.681,0.485,0.48,0.49,0.515,0.51,0.52,,,,
2026-01-06 02:16:17.005000+00:00,2026-01-06 02:16:16.945030+00:00,77.005,0.485,0.48,0.49,0.515,0.51,0.52,,,,
2026-01-06 02:16:17.712000+00:00,2026-01-06 02:16:17.707413+00:00,77.712,0.49,0.48,0.5,0.515,0.51,0.52,,,,
2026-01-06 02:16:18.013000+00:00,2026-01-06 02:16:17.958260+00:00,78.013,0.485,0.48,0.49,0.515,0.51,0.52,,,,
2026-01-06 02:16:18.748000+00:00,2026-01-06 02:16:18.722309+00:00,78.748,0.47,0.46,0.48,0.53,0.52,0.54,,,,
2026-01-06 02:16:19+00:00,2026-01-06 02:16:18.972234+00:00,79.0,0.47,0.46,0.48,0.535,0.53,0.54,,,,
2026-01-06 02:16:19.725000+00:00,2026-01-06 02:16:19.727945+00:00,79.725,0.47,0.46,0.48,0.53,0.52,0.54,,,,
2026-01-06 02:16:20.714000+00:00,2026-01-06 02:16:20.721534+00:00,80.714,0.485,0.48,0.49,0.515,0.51,0.52,,,,
2026-01-06 02:16:20.930000+00:00,2026-01-06 02:16:21.003857+00:00,80.93,0.485,0.48,0.49,0.515,0.51,0.52,,,,
2026-01-06 02:16:21.741000+00:00,2026-01-06 02:16:21.721232+00:00,81.741,0.485,0.48,0.49,0.515,0.51,0.52,,,,
2026-01-06 02:16:22.039000+00:00,2026-01-06 02:16:22.012962+00:00,82.039,0.475,0.47,0.48,0.525,0.52,0.53,,,,
2026-01-06 02:16:22.732000+00:00,2026-01-06 02:16:22.721985+00:00,82.732,0.44,0.43,0.45,0.565,0.56,0.57,,,,
2026-01-06 02:16:23.040000+00:00,2026-01-06 02:16:23.021731+00:00,83.04,0.435,0.43,0.44,0.565,0.56,0.57,,,,
2026-01-06 02:16:23.748000+00:00,2026-01-06 02:16:23.718580+00:00,83.748,0.435,0.43,0.44,0.565,0.56,0.57,,,,
2026-01-06 02:16:24.065000+00:00,2026-01-06 02:16:24.067191+00:00,84.065,0.435,0.43,0.44,0.565,0.56,0.57,,,,
2026-01-06 02:16:24.716000+00:00,2026-01-06 02:16:24.723765+00:00,84.716,0.435,0.43,0.44,0.565,0.56,0.57,,,,
2026-01-06 02:16:25.072000+00:00,2026-01-06 02:16:25.071808+00:00,85.072,0.435,0.43,0.44,0.565,0.56,0.57,,,,
2026-01-06 02:16:25.759000+00:00,2026-01-06 02:16:25.742852+00:00,85.759,0.435,0.43,0.44,0.565,0.56,0.57,,,,
2026-01-06 02:16:26.044000+00:00,2026-01-06 02:16:26.079095+00:00,86.044,0.435,0.43,0.44,0.565,0.56,0.57,,,,
2026-01-06 02:16:26.719000+00:00,2026-01-06 02:16:26.755233+00:00,86.719,0.435,0.43,0.44,0.555,0.55,0.56,,,,
2026-01-06 02:16:27.134000+00:00,2026-01-06 02:16:27.132078+00:00,87.134,0.445,0.44,0.45,0.555,0.55,0.56,,,,
2026-01-06 02:16:27.774000+00:00,2026-01-06 02:16:27.774573+00:00,87.774,0.445,0.44,0.45,0.555,0.55,0.56,,,,
2026-01-06 02:16:28.182000+00:00,2026-01-06 02:16:28.141655+00:00,88.182,0.445,0.44,0.45,0.555,0.55,0.56,,,,
2026-01-06 02:16:28.754000+00:00,2026-01-06 02:16:28.767747+00:00,88.754,0.445,0.44,0.45,0.555,0.55,0.56,,,,
2026-01-06 02:16:29.141000+00:00,2026-01-06 02:16:29.139590+00:00,89.141,0.445,0.44,0.45,0.555,0.55,0.56,,,,
2026-01-06 02:16:29.804000+00:00,2026-01-06 02:16:29.779263+00:00,89.804,0.445,0.44,0.45,0.555,0.55,0.56,,,,
2026-01-06 02:16:30.181000+00:00,2026-01-06 02:16:30.151782+00:00,90.181,0.445,0.44,0.45,0.555,0.55,0.56,,,,
2026-01-06 02:16:30.815000+00:00,2026-01-06 02:16:30.786840+00:00,90.815,0.44,0.43,0.45,0.565,0.56,0.57,,,,
2026-01-06 02:16:31.158000+00:00,2026-01-06 02:16:31.156902+00:00,91.158,0.435,0.43,0.44,0.565,0.56,0.57,,,,
2026-01-06 02:16:31.828000+00:00,2026-01-06 02:16:31.807779+00:00,91.828,0.435,0.43,0.44,0.565,0.56,0.57,,,,
2026-01-06 02:16:32.200000+00:00,2026-01-06 02:16:32.172287+00:00,92.2,0.435,0.43,0.44,0.56,0.55,0.57,,,,
2026-01-06 02:16:32.694000+00:00,2026-01-06 02:16:32.821996+00:00,92.694,0.44,0.43,0.45,0.565,0.56,0.57,,,,
2026-01-06 02:16:33.195000+00:00,2026-01-06 02:16:33.175754+00:00,93.195,0.435,0.43,0.44,0.565,0.56,0.57,,,,
2026-01-06 02:16:33.840000+00:00,2026-01-06 02:16:33.825334+00:00,93.84,0.425,0.42,0.43,0.575,0.57,0.58,,,,
2026-01-06 02:16:34.209000+00:00,2026-01-06 02:16:34.186983+00:00,94.209,0.425,0.42,0.43,0.575,0.57,0.58,,,,
2026-01-06 02:16:34.837000+00:00,2026-01-06 02:16:34.834179+00:00,94.837,0.425,0.42,0.43,0.575,0.57,0.58,,,,
2026-01-06 02:16:35.196000+00:00,2026-01-06 02:16:35.204509+00:00,95.196,0.435,0.43,0.44,0.565,0.56,0.57,,,,
2026-01-06 02:16:35.863000+00:00,2026-01-06 02:16:35.841436+00:00,95.863,0.435,0.43,0.44,0.565,0.56,0.57,,,,
2026-01-06 02:16:36.239000+00:00,2026-01-06 02:16:36.223957+00:00,96.239,0.435,0.43,0.44,0.565,0.56,0.57,,,,
2026-01-06 02:16:36.849000+00:00,2026-01-06 02:16:36.843369+00:00,96.849,0.435,0.43,0.44,0.565,0.56,0.57,,,,
2026-01-06 02:16:37.249000+00:00,2026-01-06 02:16:37.224098+00:00,97.249,0.435,0.43,0.44,0.565,0.56,0.57,,,,
2026-01-06 02:16:37.814000+00:00,2026-01-06 02:16:37.851544+00:00,97.814,0.435,0.43,0.44,0.565,0.56,0.57,,,,
2026-01-06 02:16:38.278000+00:00,2026-01-06 02:16:38.239950+00:00,98.278,0.435,0.43,0.44,0.565,0.56,0.57,,,,
2026-01-06 02:16:38.816000+00:00,2026-01-06 02:16:38.854484+00:00,98.816,0.435,0.43,0.44,0.565,0.56,0.57,,,,
2026-01-06 02:16:39.236000+00:00,2026-01-06 02:16:39.255523+00:00,99.236,0.435,0.43,0.44,0.565,0.56,0.57,,,,
2026-01-06 02:16:39.888000+00:00,2026-01-06 02:16:39.857317+00:00,99.888,0.435,0.43,0.44,0.565,0.56,0.57,,,,
2026-01-06 02:16:40.288000+00:00,2026-01-06 02:16:40.269328+00:00,100.288,0.435,0.43,0.44,0.565,0.56,0.57,,,,
2026-01-06 02:16:40.832000+00:00,2026-01-06 02:16:40.876045+00:00,100.832,0.435,0.43,0.44,0.565,0.56,0.57,,,,
2026-01-06 02:16:41.295000+00:00,2026-01-06 02:16:41.272076+00:00,101.295,0.435,0.43,0.44,0.565,0.56,0.57,,,,
2026-01-06 02:16:41.907000+00:00,2026-01-06 02:16:41.882210+00:00,101.907,0.435,0.43,0.44,0.565,0.56,0.57,,,,
2026-01-06 02:16:42.314000+00:00,2026-01-06 02:16:42.295653+00:00,102.314,0.435,0.43,0.44,0.565,0.56,0.57,,,,
2026-01-06 02:16:42.900000+00:00,2026-01-06 02:16:42.888404+00:00,102.9,0.435,0.43,0.44,0.565,0.56,0.57,,,,
2026-01-06 02:16:43.306000+00:00,2026-01-06 02:16:43.292588+00:00,103.306,0.435,0.43,0.44,0.565,0.56,0.57,,,,
2026-01-06 02:16:43.946000+00:00,2026-01-06 02:16:43.909884+00:00,103.946,0.435,0.43,0.44,0.565,0.56,0.57,,,,
2026-01-06 02:16:44.310000+00:00,2026-01-06 02:16:44.308181+00:00,104.31,0.435,0.43,0.44,0.565,0.56,0.57,,,,
2026-01-06 02:16:44.941000+00:00,2026-01-06 02:16:44.925477+00:00,104.941,0.435,0.43,0.44,0.565,0.56,0.57,,,,
2026-01-06 02:16:45.288000+00:00,2026-01-06 02:16:45.323312+00:00,105.288,0.445,0.44,0.45,0.545,0.54,0.55,,,,
2026-01-06 02:16:45.925000+00:00,2026-01-06 02:16:45.914411+00:00,105.925,0.455,0.45,0.46,0.545,0.54,0.55,,,,
2026-01-06 02:16:46.384000+00:00,2026-01-06 02:16:46.337271+00:00,106.384,0.455,0.45,0.46,0.545,0.54,0.55,,,,
2026-01-06 02:16:46.949000+00:00,2026-01-06 02:16:46.928557+00:00,106.949,0.455,0.45,0.46,0.545,0.54,0.55,,,,
2026-01-06 02:16:47.318000+00:00,2026-01-06 02:16:47.335600+00:00,107.318,0.475,0.46,0.49,0.505,0.5,0.51,,,,
2026-01-06 02:16:47.931000+00:00,2026-01-06 02:16:47.906074+00:00,107.931,0.495,0.49,0.5,0.505,0.5,0.51,,,,
2026-01-06 02:16:48.390000+00:00,2026-01-06 02:16:48.386749+00:00,108.39,0.495,0.49,0.5,0.505,0.5,0.51,,,,
2026-01-06 02:16:48.950000+00:00,2026-01-06 02:16:48.929769+00:00,108.95,0.495,0.49,0.5,0.505,0.5,0.51,,,,
2026-01-06 02:16:49.406000+00:00,2026-01-06 02:16:49.384877+00:00,109.406,0.495,0.49,0.5,0.505,0.5,0.51,,,,
2026-01-06 02:16:49.967000+00:00,2026-01-06 02:16:49.954477+00:00,109.967,0.495,0.49,0.5,0.495,0.49,0.5,,,,
2026-01-06 02:16:50.398000+00:00,2026-01-06 02:16:50.393394+00:00,110.398,0.505,0.5,0.51,0.495,0.49,0.5,,,,
2026-01-06 02:16:50.883000+00:00,2026-01-06 02:16:50.972344+00:00,110.883,0.495,0.49,0.5,0.505,0.5,0.51,,,,
2026-01-06 02:16:51.427000+00:00,2026-01-06 02:16:51.398942+00:00,111.427,0.505,0.5,0.51,0.495,0.49,0.5,,,,
2026-01-06 02:16:52.002000+00:00,2026-01-06 02:16:51.977666+00:00,112.002,0.505,0.5,0.51,0.495,0.49,0.5,,,,
2026-01-06 02:16:52.420000+00:00,2026-01-06 02:16:52.418314+00:00,112.42,0.505,0.5,0.51,0.495,0.49,0.5,,,,
2026-01-06 02:16:53.006000+00:00,2026-01-06 02:16:52.990770+00:00,113.006,0.505,0.5,0.51,0.495,0.49,0.5,,,,
2026-01-06 02:16:53.445000+00:00,2026-01-06 02:16:53.434118+00:00,113.445,0.505,0.5,0.51,0.495,0.49,0.5,,,,
2026-01-06 02:16:54.001000+00:00,2026-01-06 02:16:54.008161+00:00,114.001,0.505,0.5,0.51,0.495,0.49,0.5,,,,
2026-01-06 02:16:54.437000+00:00,2026-01-06 02:16:54.443471+00:00,114.437,0.505,0.5,0.51,0.495,0.49,0.5,,,,
2026-01-06 02:16:55.005000+00:00,2026-01-06 02:16:55.004243+00:00,115.005,0.505,0.5,0.51,0.495,0.49,0.5,,,,
2026-01-06 02:16:55.438000+00:00,2026-01-06 02:16:55.456345+00:00,115.438,0.505,0.5,0.51,0.495,0.49,0.5,,,,
2026-01-06 02:16:56.021000+00:00,2026-01-06 02:16:56.018616+00:00,116.021,0.505,0.5,0.51,0.495,0.49,0.5,,,,
2026-01-06 02:16:56.348000+00:00,2026-01-06 02:16:56.455033+00:00,116.348,0.505,0.5,0.51,0.495,0.49,0.5,,,,
2026-01-06 02:16:57.010000+00:00,2026-01-06 02:16:57.018628+00:00,117.01,0.505,0.5,0.51,0.495,0.49,0.5,,,,
2026-01-06 02:16:57.475000+00:00,2026-01-06 02:16:57.470373+00:00,117.475,0.505,0.5,0.51,0.495,0.49,0.5,,,,
2026-01-06 02:16:58.058000+00:00,2026-01-06 02:16:58.035542+00:00,118.058,0.505,0.5,0.51,0.495,0.49,0.5,,,,
2026-01-06 02:16:58.495000+00:00,2026-01-06 02:16:58.468264+00:00,118.495,0.505,0.5,0.51,0.495,0.49,0.5,,,,
2026-01-06 02:16:59.051000+00:00,2026-01-06 02:16:59.053330+00:00,119.051,0.505,0.5,0.51,0.495,0.49,0.5,,,,
2026-01-06 02:16:59.465000+00:00,2026-01-06 02:16:59.475169+00:00,119.465,0.505,0.5,0.51,0.495,0.49,0.5,,,,
2026-01-06 02:17:00.063000+00:00,2026-01-06 02:17:00.043575+00:00,120.063,0.505,0.5,0.51,0.495,0.49,0.5,,,,
2026-01-06 02:17:00.488000+00:00,2026-01-06 02:17:00.482920+00:00,120.488,0.505,0.5,0.51,0.495,0.49,0.5,,,,
2026-01-06 02:17:01.080000+00:00,2026-01-06 02:17:01.060039+00:00,121.08,0.505,0.5,0.51,0.495,0.49,0.5,,,,
2026-01-06 02:17:01.541000+00:00,2026-01-06 02:17:01.499539+00:00,121.541,0.505,0.5,0.51,0.495,0.49,0.5,,,,
2026-01-06 02:17:02.073000+00:00,2026-01-06 02:17:02.069008+00:00,122.073,0.505,0.5,0.51,0.495,0.49,0.5,,,,
2026-01-06 02:17:02.556000+00:00,2026-01-06 02:17:02.518039+00:00,122.556,0.505,0.5,0.51,0.505,0.5,0.51,,,,
2026-01-06 02:17:03.536000+00:00,2026-01-06 02:17:03.520095+00:00,123.536,0.485,0.48,0.49,0.515,0.51,0.52,,,,
2026-01-06 02:17:03.105000+00:00,2026-01-06 02:17:03.081049+00:00,123.105,0.485,0.48,0.49,0.515,0.51,0.52,,,,
2026-01-06 02:17:04.119000+00:00,2026-01-06 02:17:04.090742+00:00,124.119,0.485,0.48,0.49,0.515,0.51,0.52,,,,
2026-01-06 02:17:04.567000+00:00,2026-01-06 02:17:04.534382+00:00,124.567,0.485,0.48,0.49,0.515,0.51,0.52,,,,
2026-01-06 02:17:05.121000+00:00,2026-01-06 02:17:05.094798+00:00,125.121,0.495,0.49,0.5,0.505,0.5,0.51,,,,
2026-01-06 02:17:05.575000+00:00,2026-01-06 02:17:05.550849+00:00,125.575,0.495,0.49,0.5,0.505,0.5,0.51,,,,
2026-01-06 02:17:06.076000+00:00,2026-01-06 02:17:06.087376+00:00,126.076,0.495,0.49,0.5,0.505,0.5,0.51,,,,
2026-01-06 02:17:06.591000+00:00,2026-01-06 02:17:06.562557+00:00,126.591,0.495,0.49,0.5,0.505,0.5,0.51,,,,
2026-01-06 02:17:07.127000+00:00,2026-01-06 02:17:07.091810+00:00,127.127,0.495,0.49,0.5,0.505,0.5,0.51,,,,
2026-01-06 02:17:07.595000+00:00,2026-01-06 02:17:07.575318+00:00,127.595,0.495,0.49,0.5,0.495,0.49,0.5,,,,
2026-01-06 02:17:08.106000+00:00,2026-01-06 02:17:08.094787+00:00,128.106,0.505,0.5,0.51,0.495,0.49,0.5,,,,
2026-01-06 02:17:08.589000+00:00,2026-01-06 02:17:08.577582+00:00,128.589,0.505,0.5,0.51,0.495,0.49,0.5,,,,
2026-01-06 02:17:09.124000+00:00,2026-01-06 02:17:09.091305+00:00,129.124,0.505,0.5,0.51,0.495,0.49,0.5,,,,
2026-01-06 02:17:09.624000+00:00,2026-01-06 02:17:09.588528+00:00,129.624,0.505,0.5,0.51,0.495,0.49,0.5,,,,
2026-01-06 02:17:10.099000+00:00,2026-01-06 02:17:10.107950+00:00,130.099,0.505,0.5,0.51,0.495,0.49,0.5,,,,
2026-01-06 02:17:10.636000+00:00,2026-01-06 02:17:10.606278+00:00,130.636,0.505,0.5,0.51,0.495,0.49,0.5,,,,
2026-01-06 02:17:11.132000+00:00,2026-01-06 02:17:11.110919+00:00,131.132,0.505,0.5,0.51,0.485,0.48,0.49,,,,
2026-01-06 02:17:11.627000+00:00,2026-01-06 02:17:11.600524+00:00,131.627,0.545,0.54,0.55,0.455,0.45,0.46,,,,
2026-01-06 02:17:12.145000+00:00,2026-01-06 02:17:12.124474+00:00,132.145,0.545,0.54,0.55,0.455,0.45,0.46,,,,
2026-01-06 02:17:12.603000+00:00,2026-01-06 02:17:12.590228+00:00,132.603,0.545,0.54,0.55,0.4599999999999999,0.45,0.47,,,,
2026-01-06 02:17:13.124000+00:00,2026-01-06 02:17:13.122911+00:00,133.124,0.535,0.53,0.54,0.4649999999999999,0.46,0.47,,,,
2026-01-06 02:17:13.595000+00:00,2026-01-06 02:17:13.584121+00:00,133.595,0.535,0.53,0.54,0.4649999999999999,0.46,0.47,,,,
2026-01-06 02:17:14.185000+00:00,2026-01-06 02:17:14.150112+00:00,134.185,0.535,0.53,0.54,0.4649999999999999,0.46,0.47,,,,
2026-01-06 02:17:14.594000+00:00,2026-01-06 02:17:14.589716+00:00,134.594,0.555,0.55,0.56,0.435,0.43,0.44,,,,
2026-01-06 02:17:15.191000+00:00,2026-01-06 02:17:15.156542+00:00,135.191,0.575,0.57,0.58,0.425,0.42,0.43,,,,
2026-01-06 02:17:15.631000+00:00,2026-01-06 02:17:15.603756+00:00,135.631,0.565,0.56,0.57,0.435,0.43,0.44,,,,
2026-01-06 02:17:16.149000+00:00,2026-01-06 02:17:16.154219+00:00,136.149,0.565,0.56,0.57,0.435,0.43,0.44,,,,
2026-01-06 02:17:16.631000+00:00,2026-01-06 02:17:16.617309+00:00,136.631,0.575,0.57,0.58,0.425,0.42,0.43,,,,
2026-01-06 02:17:17.184000+00:00,2026-01-06 02:17:17.183481+00:00,137.184,0.575,0.57,0.58,0.43,0.42,0.44,,,,
2026-01-06 02:17:17.658000+00:00,2026-01-06 02:17:17.640252+00:00,137.658,0.565,0.56,0.57,0.435,0.43,0.44,,,,
2026-01-06 02:17:18.222000+00:00,2026-01-06 02:17:18.187808+00:00,138.222,0.565,0.56,0.57,0.435,0.43,0.44,,,,
2026-01-06 02:17:18.695000+00:00,2026-01-06 02:17:18.663120+00:00,138.695,0.565,0.56,0.57,0.435,0.43,0.44,,,,
2026-01-06 02:17:19.234000+00:00,2026-01-06 02:17:19.207902+00:00,139.234,0.575,0.57,0.58,0.425,0.42,0.43,,,,
2026-01-06 02:17:19.701000+00:00,2026-01-06 02:17:19.678781+00:00,139.701,0.575,0.57,0.58,0.425,0.42,0.43,,,,
2026-01-06 02:17:20.242000+00:00,2026-01-06 02:17:20.218462+00:00,140.242,0.575,0.57,0.58,0.425,0.42,0.43,,,,
2026-01-06 02:17:20.706000+00:00,2026-01-06 02:17:20.689498+00:00,140.706,0.575,0.57,0.58,0.415,0.4,0.43,,,,
2026-01-06 02:17:21.289000+00:00,2026-01-06 02:17:21.237422+00:00,141.289,0.595,0.59,0.6,0.405,0.4,0.41,,,,
2026-01-06 02:17:21.754000+00:00,2026-01-06 02:17:21.707692+00:00,141.754,0.59,0.58,0.6,0.41,0.4,0.42,,,,
2026-01-06 02:17:22.261000+00:00,2026-01-06 02:17:22.247314+00:00,142.261,0.585,0.58,0.59,0.415,0.41,0.42,,,,
2026-01-06 02:17:22.758000+00:00,2026-01-06 02:17:22.731623+00:00,142.758,0.575,0.57,0.58,0.4599999999999999,0.45,0.47,,,,
2026-01-06 02:17:23.286000+00:00,2026-01-06 02:17:23.255921+00:00,143.286,0.525,0.52,0.53,0.475,0.47,0.48,,,,
2026-01-06 02:17:23.737000+00:00,2026-01-06 02:17:23.747062+00:00,143.737,0.525,0.52,0.53,0.475,0.47,0.48,,,,
2026-01-06 02:17:24.247000+00:00,2026-01-06 02:17:24.271785+00:00,144.247,0.525,0.52,0.53,0.48,0.47,0.49,,,,
2026-01-06 02:17:24.774000+00:00,2026-01-06 02:17:24.766788+00:00,144.774,0.525,0.52,0.53,0.475,0.47,0.48,,,,
2026-01-06 02:17:25.262000+00:00,2026-01-06 02:17:25.282276+00:00,145.262,0.525,0.52,0.53,0.475,0.47,0.48,,,,
2026-01-06 02:17:26.320000+00:00,2026-01-06 02:17:26.297032+00:00,146.32,0.535,0.53,0.54,0.48,0.47,0.49,,,,
2026-01-06 02:17:25.728000+00:00,2026-01-06 02:17:25.770623+00:00,145.728,0.535,0.53,0.54,0.4649999999999999,0.46,0.47,,,,
2026-01-06 02:17:26.813000+00:00,2026-01-06 02:17:26.773725+00:00,146.813,0.505,0.5,0.51,0.495,0.49,0.5,,,,
2026-01-06 02:17:27.323000+00:00,2026-01-06 02:17:27.310638+00:00,147.323,0.505,0.5,0.51,0.495,0.49,0.5,,,,
2026-01-06 02:17:28.246000+00:00,2026-01-06 02:17:28.242301+00:00,148.246,0.505,0.5,0.51,0.495,0.49,0.5,,,,
2026-01-06 02:17:28.354000+00:00,2026-01-06 02:17:28.332689+00:00,148.354,0.505,0.5,0.51,0.495,0.49,0.5,,,,
2026-01-06 02:17:29.359000+00:00,2026-01-06 02:17:29.344980+00:00,149.359,0.505,0.5,0.51,0.495,0.49,0.5,,,,
2026-01-06 02:17:29.259000+00:00,2026-01-06 02:17:29.259076+00:00,149.259,0.505,0.5,0.51,0.495,0.49,0.5,,,,
2026-01-06 02:17:30.284000+00:00,2026-01-06 02:17:30.265036+00:00,150.284,0.505,0.5,0.51,0.495,0.49,0.5,,,,
2026-01-06 02:17:30.376000+00:00,2026-01-06 02:17:30.357870+00:00,150.376,0.505,0.5,0.51,0.495,0.49,0.5,,,,
2026-01-06 02:17:31.290000+00:00,2026-01-06 02:17:31.272282+00:00,151.29,0.505,0.5,0.51,0.495,0.49,0.5,,,,
2026-01-06 02:17:31.469000+00:00,2026-01-06 02:17:31.448327+00:00,151.469,0.505,0.5,0.51,0.495,0.49,0.5,,,,
2026-01-06 02:17:32.289000+00:00,2026-01-06 02:17:32.284234+00:00,152.289,0.515,0.51,0.52,0.485,0.48,0.49,,,,
2026-01-06 02:17:32.389000+00:00,2026-01-06 02:17:32.457821+00:00,152.389,0.515,0.51,0.52,0.485,0.48,0.49,,,,
2026-01-06 02:17:33.334000+00:00,2026-01-06 02:17:33.307144+00:00,153.334,0.515,0.51,0.52,0.485,0.48,0.49,,,,
2026-01-06 02:17:33.471000+00:00,2026-01-06 02:17:33.450178+00:00,153.471,0.515,0.51,0.52,0.485,0.48,0.49,,,,
2026-01-06 02:17:34.354000+00:00,2026-01-06 02:17:34.322832+00:00,154.354,0.515,0.51,0.52,0.485,0.48,0.49,,,,
2026-01-06 02:17:34.540000+00:00,2026-01-06 02:17:34.487825+00:00,154.54,0.515,0.51,0.52,0.485,0.48,0.49,,,,
2026-01-06 02:17:35.360000+00:00,2026-01-06 02:17:35.338527+00:00,155.36,0.515,0.51,0.52,0.485,0.48,0.49,,,,
2026-01-06 02:17:35.509000+00:00,2026-01-06 02:17:35.489581+00:00,155.509,0.515,0.51,0.52,0.485,0.48,0.49,,,,
2026-01-06 02:17:36.535000+00:00,2026-01-06 02:17:36.502372+00:00,156.535,0.515,0.51,0.52,0.47,0.46,0.48,,,,
2026-01-06 02:17:36.359000+00:00,2026-01-06 02:17:36.342098+00:00,156.359,0.515,0.51,0.52,0.485,0.48,0.49,,,,
2026-01-06 02:17:37.358000+00:00,2026-01-06 02:17:37.357074+00:00,157.358,0.535,0.53,0.54,0.4649999999999999,0.46,0.47,,,,
2026-01-06 02:17:37.537000+00:00,2026-01-06 02:17:37.515039+00:00,157.537,0.535,0.53,0.54,0.4649999999999999,0.46,0.47,,,,
2026-01-06 02:17:38.365000+00:00,2026-01-06 02:17:38.358070+00:00,158.365,0.545,0.54,0.55,0.455,0.45,0.46,,,,
2026-01-06 02:17:38.571000+00:00,2026-01-06 02:17:38.551208+00:00,158.571,0.545,0.54,0.55,0.455,0.45,0.46,,,,
2026-01-06 02:17:39.431000+00:00,2026-01-06 02:17:39.356194+00:00,159.431,0.545,0.54,0.55,0.455,0.45,0.46,,,,
2026-01-06 02:17:39.564000+00:00,2026-01-06 02:17:39.550451+00:00,159.564,0.545,0.54,0.55,0.455,0.45,0.46,,,,
2026-01-06 02:17:40.360000+00:00,2026-01-06 02:17:40.358459+00:00,160.36,0.545,0.54,0.55,0.455,0.45,0.46,,,,
2026-01-06 02:17:40.592000+00:00,2026-01-06 02:17:40.570748+00:00,160.592,0.545,0.54,0.55,0.455,0.45,0.46,,,,
2026-01-06 02:17:41.373000+00:00,2026-01-06 02:17:41.362359+00:00,161.373,0.545,0.54,0.55,0.455,0.45,0.46,,,,
2026-01-06 02:17:41.608000+00:00,2026-01-06 02:17:41.586590+00:00,161.608,0.545,0.54,0.55,0.455,0.45,0.46,,,,
2026-01-06 02:17:42.391000+00:00,2026-01-06 02:17:42.359960+00:00,162.391,0.545,0.54,0.55,0.455,0.45,0.46,,,,
2026-01-06 02:17:42.611000+00:00,2026-01-06 02:17:42.591071+00:00,162.611,0.55,0.54,0.56,0.455,0.45,0.46,,,,
2026-01-06 02:17:43.390000+00:00,2026-01-06 02:17:43.367598+00:00,163.39,0.545,0.54,0.55,0.455,0.45,0.46,,,,
2026-01-06 02:17:43.624000+00:00,2026-01-06 02:17:43.617724+00:00,163.624,0.545,0.54,0.55,0.455,0.45,0.46,,,,
2026-01-06 02:17:44.388000+00:00,2026-01-06 02:17:44.370722+00:00,164.388,0.545,0.54,0.55,0.455,0.45,0.46,,,,
2026-01-06 02:17:44.535000+00:00,2026-01-06 02:17:44.621050+00:00,164.535,0.545,0.54,0.55,0.455,0.45,0.46,,,,
2026-01-06 02:17:45.394000+00:00,2026-01-06 02:17:45.373972+00:00,165.394,0.545,0.54,0.55,0.455,0.45,0.46,,,,
2026-01-06 02:17:45.655000+00:00,2026-01-06 02:17:45.624285+00:00,165.655,0.545,0.54,0.55,0.455,0.45,0.46,,,,
2026-01-06 02:17:46.412000+00:00,2026-01-06 02:17:46.392371+00:00,166.412,0.545,0.54,0.55,0.455,0.45,0.46,,,,
2026-01-06 02:17:46.606000+00:00,2026-01-06 02:17:46.622408+00:00,166.606,0.545,0.54,0.55,0.455,0.45,0.46,,,,
2026-01-06 02:17:47.363000+00:00,2026-01-06 02:17:47.387603+00:00,167.363,0.545,0.54,0.55,0.455,0.45,0.46,,,,
2026-01-06 02:17:47.679000+00:00,2026-01-06 02:17:47.627010+00:00,167.679,0.545,0.54,0.55,0.455,0.45,0.46,,,,
2026-01-06 02:17:48.392000+00:00,2026-01-06 02:17:48.398758+00:00,168.392,0.54,0.53,0.55,0.4649999999999999,0.46,0.47,,,,
2026-01-06 02:17:48.669000+00:00,2026-01-06 02:17:48.649317+00:00,168.669,0.535,0.53,0.54,0.4649999999999999,0.46,0.47,,,,
2026-01-06 02:17:49.420000+00:00,2026-01-06 02:17:49.405623+00:00,169.42,0.535,0.53,0.54,0.4649999999999999,0.46,0.47,,,,
2026-01-06 02:17:49.645000+00:00,2026-01-06 02:17:49.667183+00:00,169.645,0.535,0.53,0.54,0.48,0.47,0.49,,,,
2026-01-06 02:17:50.424000+00:00,2026-01-06 02:17:50.404947+00:00,170.424,0.525,0.52,0.53,0.475,0.47,0.48,,,,
2026-01-06 02:17:50.678000+00:00,2026-01-06 02:17:50.688838+00:00,170.678,0.525,0.52,0.53,0.475,0.47,0.48,,,,
2026-01-06 02:17:51.452000+00:00,2026-01-06 02:17:51.421994+00:00,171.452,0.525,0.52,0.53,0.4649999999999999,0.46,0.47,,,,
2026-01-06 02:17:51.730000+00:00,2026-01-06 02:17:51.707329+00:00,171.73,0.525,0.52,0.53,0.475,0.47,0.48,,,,
2026-01-06 02:17:52.449000+00:00,2026-01-06 02:17:52.421826+00:00,172.449,0.53,0.52,0.54,0.47,0.46,0.48,,,,
2026-01-06 02:17:52.726000+00:00,2026-01-06 02:17:52.709892+00:00,172.726,0.53,0.52,0.54,0.47,0.46,0.48,,,,
2026-01-06 02:17:53.450000+00:00,2026-01-06 02:17:53.433952+00:00,173.45,0.535,0.53,0.54,0.4649999999999999,0.46,0.47,,,,
2026-01-06 02:17:53.727000+00:00,2026-01-06 02:17:53.707720+00:00,173.727,0.535,0.53,0.54,0.4649999999999999,0.46,0.47,,,,
2026-01-06 02:17:54.464000+00:00,2026-01-06 02:17:54.438487+00:00,174.464,0.535,0.53,0.54,0.4649999999999999,0.46,0.47,,,,
2026-01-06 02:17:54.749000+00:00,2026-01-06 02:17:54.723401+00:00,174.749,0.535,0.53,0.54,0.4649999999999999,0.46,0.47,,,,
2026-01-06 02:17:55.456000+00:00,2026-01-06 02:17:55.443228+00:00,175.456,0.535,0.53,0.54,0.4599999999999999,0.45,0.47,,,,
2026-01-06 02:17:55.776000+00:00,2026-01-06 02:17:55.739311+00:00,175.776,0.54,0.53,0.55,0.475,0.47,0.48,,,,
2026-01-06 02:17:56.455000+00:00,2026-01-06 02:17:56.433705+00:00,176.455,0.525,0.52,0.53,0.475,0.47,0.48,,,,
2026-01-06 02:17:56.775000+00:00,2026-01-06 02:17:56.753730+00:00,176.775,0.525,0.52,0.53,0.475,0.47,0.48,,,,
2026-01-06 02:17:57.450000+00:00,2026-01-06 02:17:57.444203+00:00,177.45,0.53,0.52,0.54,0.4649999999999999,0.46,0.47,,,,
2026-01-06 02:17:57.747000+00:00,2026-01-06 02:17:57.761296+00:00,177.747,0.535,0.53,0.54,0.4649999999999999,0.46,0.47,,,,
2026-01-06 02:17:58.445000+00:00,2026-01-06 02:17:58.437533+00:00,178.445,0.54,0.53,0.55,0.4599999999999999,0.45,0.47,,,,
2026-01-06 02:17:58.777000+00:00,2026-01-06 02:17:58.772757+00:00,178.777,0.535,0.53,0.54,0.4649999999999999,0.46,0.47,,,,
2026-01-06 02:17:59.465000+00:00,2026-01-06 02:17:59.454971+00:00,179.465,0.525,0.52,0.53,0.475,0.47,0.48,,,,
2026-01-06 02:17:59.796000+00:00,2026-01-06 02:17:59.780864+00:00,179.796,0.53,0.52,0.54,0.47,0.46,0.48,,,,
2026-01-06 02:18:00.474000+00:00,2026-01-06 02:18:00.469635+00:00,180.474,0.53,0.52,0.54,0.47,0.46,0.48,,,,
2026-01-06 02:18:00.821000+00:00,2026-01-06 02:18:00.806397+00:00,180.821,0.53,0.52,0.54,0.47,0.46,0.48,,,,
2026-01-06 02:18:01.492000+00:00,2026-01-06 02:18:01.470081+00:00,181.492,0.535,0.53,0.54,0.4649999999999999,0.46,0.47,,,,
2026-01-06 02:18:01.846000+00:00,2026-01-06 02:18:01.821896+00:00,181.846,0.525,0.52,0.53,0.475,0.47,0.48,,,,
2026-01-06 02:18:02.493000+00:00,2026-01-06 02:18:02.478942+00:00,182.493,0.53,0.52,0.54,0.47,0.46,0.48,,,,
2026-01-06 02:18:02.906000+00:00,2026-01-06 02:18:02.874067+00:00,182.906,0.545,0.54,0.55,0.455,0.45,0.46,,,,
2026-01-06 02:18:03.486000+00:00,2026-01-06 02:18:03.487389+00:00,183.486,0.545,0.54,0.55,0.4599999999999999,0.45,0.47,,,,
2026-01-06 02:18:03.890000+00:00,2026-01-06 02:18:03.876560+00:00,183.89,0.535,0.53,0.54,0.4649999999999999,0.46,0.47,,,,
2026-01-06 02:18:04.509000+00:00,2026-01-06 02:18:04.493454+00:00,184.509,0.54,0.53,0.55,0.455,0.45,0.46,,,,
2026-01-06 02:18:04.924000+00:00,2026-01-06 02:18:04.900502+00:00,184.924,0.545,0.54,0.55,0.455,0.45,0.46,,,,
2026-01-06 02:18:05.480000+00:00,2026-01-06 02:18:05.505925+00:00,185.48,0.545,0.54,0.55,0.455,0.45,0.46,,,,
2026-01-06 02:18:06.536000+00:00,2026-01-06 02:18:06.503947+00:00,186.536,0.535,0.53,0.54,0.4649999999999999,0.46,0.47,,,,
2026-01-06 02:18:06.203000+00:00,2026-01-06 02:18:06.275647+00:00,186.203,0.535,0.53,0.54,0.4649999999999999,0.46,0.47,,,,
2026-01-06 02:18:07.311000+00:00,2026-01-06 02:18:07.292639+00:00,187.311,0.545,0.54,0.55,0.455,0.45,0.46,,,,
2026-01-06 02:18:07.476000+00:00,2026-01-06 02:18:07.508674+00:00,187.476,0.545,0.54,0.55,0.455,0.45,0.46,,,,
2026-01-06 02:18:08.314000+00:00,2026-01-06 02:18:08.298873+00:00,188.314,0.545,0.54,0.55,0.4649999999999999,0.46,0.47,,,,
2026-01-06 02:18:08.514000+00:00,2026-01-06 02:18:08.503734+00:00,188.514,0.535,0.53,0.54,0.4649999999999999,0.46,0.47,,,,
2026-01-06 02:18:09.495000+00:00,2026-01-06 02:18:09.481725+00:00,189.495,0.535,0.53,0.54,0.4649999999999999,0.46,0.47,,,,
2026-01-06 02:18:09.298000+00:00,2026-01-06 02:18:09.288965+00:00,189.298,0.535,0.53,0.54,0.4649999999999999,0.46,0.47,,,,
2026-01-06 02:18:10.296000+00:00,2026-01-06 02:18:10.290327+00:00,190.296,0.535,0.53,0.54,0.4649999999999999,0.46,0.47,,,,
2026-01-06 02:18:10.486000+00:00,2026-01-06 02:18:10.465609+00:00,190.486,0.535,0.53,0.54,0.4649999999999999,0.46,0.47,,,,
2026-01-06 02:18:11.304000+00:00,2026-01-06 02:18:11.307910+00:00,191.304,0.535,0.53,0.54,0.455,0.45,0.46,,,,
2026-01-06 02:18:11.604000+00:00,2026-01-06 02:18:11.448459+00:00,191.604,0.545,0.54,0.55,0.455,0.45,0.46,,,,
2026-01-06 02:18:12.267000+00:00,2026-01-06 02:18:12.321035+00:00,192.267,0.545,0.54,0.55,0.455,0.45,0.46,,,,
2026-01-06 02:18:12.484000+00:00,2026-01-06 02:18:12.456156+00:00,192.484,0.545,0.54,0.55,0.455,0.45,0.46,,,,
2026-01-06 02:18:13.319000+00:00,2026-01-06 02:18:13.346298+00:00,193.319,0.535,0.53,0.54,0.4649999999999999,0.46,0.47,,,,
2026-01-06 02:18:13.506000+00:00,2026-01-06 02:18:13.482905+00:00,193.506,0.535,0.53,0.54,0.47,0.46,0.48,,,,
2026-01-06 02:18:14.320000+00:00,2026-01-06 02:18:14.351040+00:00,194.32,0.495,0.48,0.51,0.515,0.51,0.52,,,,
2026-01-06 02:18:14.428000+00:00,2026-01-06 02:18:14.489644+00:00,194.428,0.485,0.48,0.49,0.525,0.52,0.53,,,,
2026-01-06 02:18:15.436000+00:00,2026-01-06 02:18:15.497167+00:00,195.436,0.445,0.44,0.45,0.565,0.55,0.58,,,,
2026-01-06 02:18:15.429000+00:00,2026-01-06 02:18:15.345534+00:00,195.429,0.445,0.44,0.45,0.565,0.55,0.58,,,,
2026-01-06 02:18:16.540000+00:00,2026-01-06 02:18:16.512473+00:00,196.54,0.405,0.4,0.41,0.595,0.59,0.6,,,,
2026-01-06 02:18:16.302000+00:00,2026-01-06 02:18:16.382110+00:00,196.302,0.405,0.4,0.41,0.595,0.59,0.6,,,,
2026-01-06 02:18:17.408000+00:00,2026-01-06 02:18:17.386175+00:00,197.408,0.405,0.4,0.41,0.595,0.59,0.6,,,,
2026-01-06 02:18:17.515000+00:00,2026-01-06 02:18:17.514978+00:00,197.515,0.405,0.4,0.41,0.595,0.59,0.6,,,,
2026-01-06 02:18:18.397000+00:00,2026-01-06 02:18:18.395809+00:00,198.397,0.415,0.41,0.42,0.585,0.58,0.59,,,,
2026-01-06 02:18:18.547000+00:00,2026-01-06 02:18:18.530394+00:00,198.547,0.415,0.41,0.42,0.585,0.58,0.59,,,,
2026-01-06 02:18:19.415000+00:00,2026-01-06 02:18:19.390854+00:00,199.415,0.415,0.41,0.42,0.585,0.58,0.59,,,,
2026-01-06 02:18:19.476000+00:00,2026-01-06 02:18:19.545089+00:00,199.476,0.415,0.41,0.42,0.585,0.58,0.59,,,,
2026-01-06 02:18:20.402000+00:00,2026-01-06 02:18:20.388264+00:00,200.402,0.415,0.41,0.42,0.585,0.58,0.59,,,,
2026-01-06 02:18:20.577000+00:00,2026-01-06 02:18:20.555173+00:00,200.577,0.415,0.41,0.42,0.585,0.58,0.59,,,,
2026-01-06 02:18:21.451000+00:00,2026-01-06 02:18:21.439703+00:00,201.451,0.425,0.42,0.43,0.575,0.57,0.58,,,,
2026-01-06 02:18:21.565000+00:00,2026-01-06 02:18:21.560191+00:00,201.565,0.425,0.42,0.43,0.575,0.57,0.58,,,,
2026-01-06 02:18:22.488000+00:00,2026-01-06 02:18:22.454620+00:00,202.488,0.425,0.42,0.43,0.5700000000000001,0.56,0.58,,,,
2026-01-06 02:18:22.568000+00:00,2026-01-06 02:18:22.565070+00:00,202.568,0.425,0.42,0.43,0.585,0.58,0.59,,,,
2026-01-06 02:18:23.485000+00:00,2026-01-06 02:18:23.467691+00:00,203.485,0.43,0.42,0.44,0.5700000000000001,0.56,0.58,,,,
2026-01-06 02:18:23.580000+00:00,2026-01-06 02:18:23.575977+00:00,203.58,0.43,0.42,0.44,0.575,0.57,0.58,,,,
2026-01-06 02:18:24.475000+00:00,2026-01-06 02:18:24.471753+00:00,204.475,0.43,0.42,0.44,0.5700000000000001,0.56,0.58,,,,
2026-01-06 02:18:24.606000+00:00,2026-01-06 02:18:24.591198+00:00,204.606,0.43,0.42,0.44,0.575,0.57,0.58,,,,
2026-01-06 02:18:25.495000+00:00,2026-01-06 02:18:25.487236+00:00,205.495,0.415,0.41,0.42,0.585,0.58,0.59,,,,
2026-01-06 02:18:25.567000+00:00,2026-01-06 02:18:25.587044+00:00,205.567,0.415,0.41,0.42,0.585,0.58,0.59,,,,
2026-01-06 02:18:26.608000+00:00,2026-01-06 02:18:26.589409+00:00,206.608,0.415,0.41,0.42,0.585,0.58,0.59,,,,
2026-01-06 02:18:26.570000+00:00,2026-01-06 02:18:26.503104+00:00,206.57,0.415,0.41,0.42,0.585,0.58,0.59,,,,
2026-01-06 02:18:27.678000+00:00,2026-01-06 02:18:27.660760+00:00,207.678,0.42,0.41,0.43,0.575,0.57,0.58,,,,
2026-01-06 02:18:27.678000+00:00,2026-01-06 02:18:27.680632+00:00,207.678,0.42,0.41,0.43,0.58,0.57,0.59,,,,
2026-01-06 02:18:28.698000+00:00,2026-01-06 02:18:28.668750+00:00,208.698,0.415,0.41,0.42,0.585,0.58,0.59,,,,
2026-01-06 02:18:28.698000+00:00,2026-01-06 02:18:28.685241+00:00,208.698,0.415,0.41,0.42,0.585,0.58,0.59,,,,
2026-01-06 02:18:29.567000+00:00,2026-01-06 02:18:29.677868+00:00,209.567,0.415,0.41,0.42,0.595,0.59,0.6,,,,
2026-01-06 02:18:29.567000+00:00,2026-01-06 02:18:29.677868+00:00,209.567,0.415,0.41,0.42,0.595,0.59,0.6,,,,
2026-01-06 02:18:30.708000+00:00,2026-01-06 02:18:30.670738+00:00,210.708,0.41,0.4,0.42,0.595,0.59,0.6,,,,
2026-01-06 02:18:30.567000+00:00,2026-01-06 02:18:30.670738+00:00,210.567,0.405,0.4,0.41,0.59,0.58,0.6,,,,
2026-01-06 02:18:31.710000+00:00,2026-01-06 02:18:31.686513+00:00,211.71,0.415,0.41,0.42,0.585,0.58,0.59,,,,
2026-01-06 02:18:31.745000+00:00,2026-01-06 02:18:31.671624+00:00,211.745,0.415,0.41,0.42,0.585,0.58,0.59,,,,
2026-01-06 02:18:32.743000+00:00,2026-01-06 02:18:32.701531+00:00,212.743,0.42,0.41,0.43,0.575,0.57,0.58,,,,
2026-01-06 02:18:32.750000+00:00,2026-01-06 02:18:32.721843+00:00,212.75,0.425,0.42,0.43,0.575,0.57,0.58,,,,
2026-01-06 02:18:33.750000+00:00,2026-01-06 02:18:33.712941+00:00,213.75,0.425,0.42,0.43,0.575,0.57,0.58,,,,
2026-01-06 02:18:33.763000+00:00,2026-01-06 02:18:33.728984+00:00,213.763,0.425,0.42,0.43,0.575,0.57,0.58,,,,
2026-01-06 02:18:34.737000+00:00,2026-01-06 02:18:34.711014+00:00,214.737,0.415,0.41,0.42,0.585,0.58,0.59,,,,
2026-01-06 02:18:34.764000+00:00,2026-01-06 02:18:34.743017+00:00,214.764,0.415,0.41,0.42,0.585,0.58,0.59,,,,
2026-01-06 02:18:35.736000+00:00,2026-01-06 02:18:35.753215+00:00,215.736,0.42,0.41,0.43,0.575,0.57,0.58,,,,
2026-01-06 02:18:35.636000+00:00,2026-01-06 02:18:35.705328+00:00,215.636,0.42,0.41,0.43,0.575,0.57,0.58,,,,
2026-01-06 02:18:36.693000+00:00,2026-01-06 02:18:36.702409+00:00,216.693,0.42,0.41,0.43,0.575,0.56,0.59,,,,
2026-01-06 02:18:36.749000+00:00,2026-01-06 02:18:36.747824+00:00,216.749,0.42,0.41,0.43,0.575,0.56,0.59,,,,
2026-01-06 02:18:37.744000+00:00,2026-01-06 02:18:37.727521+00:00,217.744,0.425,0.42,0.43,0.575,0.57,0.58,,,,
2026-01-06 02:18:37.781000+00:00,2026-01-06 02:18:37.770164+00:00,217.781,0.425,0.42,0.43,0.575,0.57,0.58,,,,
2026-01-06 02:18:38.755000+00:00,2026-01-06 02:18:38.733875+00:00,218.755,0.425,0.42,0.43,0.575,0.57,0.58,,,,
2026-01-06 02:18:38.784000+00:00,2026-01-06 02:18:38.780335+00:00,218.784,0.425,0.42,0.43,0.575,0.57,0.58,,,,
2026-01-06 02:18:39.632000+00:00,2026-01-06 02:18:39.734192+00:00,219.632,0.425,0.42,0.43,0.575,0.57,0.58,,,,
2026-01-06 02:18:39.632000+00:00,2026-01-06 02:18:39.782200+00:00,219.632,0.425,0.42,0.43,0.575,0.57,0.58,,,,
2026-01-06 02:18:40.765000+00:00,2026-01-06 02:18:40.749773+00:00,220.765,0.415,0.41,0.42,0.585,0.58,0.59,,,,
2026-01-06 02:18:40.861000+00:00,2026-01-06 02:18:40.786169+00:00,220.861,0.415,0.41,0.42,0.585,0.58,0.59,,,,
2026-01-06 02:18:41.772000+00:00,2026-01-06 02:18:41.764479+00:00,221.772,0.415,0.41,0.42,0.585,0.58,0.59,,,,
2026-01-06 02:18:41.802000+00:00,2026-01-06 02:18:41.795279+00:00,221.802,0.415,0.41,0.42,0.585,0.58,0.59,,,,
2026-01-06 02:18:42.791000+00:00,2026-01-06 02:18:42.773888+00:00,222.791,0.415,0.41,0.42,0.585,0.58,0.59,,,,
2026-01-06 02:18:42.829000+00:00,2026-01-06 02:18:42.807158+00:00,222.829,0.415,0.41,0.42,0.585,0.58,0.59,,,,
2026-01-06 02:18:43.798000+00:00,2026-01-06 02:18:43.777580+00:00,223.798,0.405,0.4,0.41,0.595,0.59,0.6,,,,
2026-01-06 02:18:43.833000+00:00,2026-01-06 02:18:43.803665+00:00,223.833,0.405,0.4,0.41,0.595,0.59,0.6,,,,
2026-01-06 02:18:44.794000+00:00,2026-01-06 02:18:44.769512+00:00,224.794,0.405,0.4,0.41,0.595,0.59,0.6,,,,
2026-01-06 02:18:44.847000+00:00,2026-01-06 02:18:44.815723+00:00,224.847,0.405,0.4,0.41,0.595,0.59,0.6,,,,
2026-01-06 02:18:45.830000+00:00,2026-01-06 02:18:45.828254+00:00,225.83,0.345,0.34,0.35,0.66,0.65,0.67,,,,
2026-01-06 02:18:45.806000+00:00,2026-01-06 02:18:45.793977+00:00,225.806,0.345,0.34,0.35,0.66,0.65,0.67,,,,
2026-01-06 02:18:46.852000+00:00,2026-01-06 02:18:46.837190+00:00,226.852,0.335,0.33,0.34,0.665,0.66,0.67,,,,
2026-01-06 02:18:46.822000+00:00,2026-01-06 02:18:46.801093+00:00,226.822,0.335,0.33,0.34,0.665,0.66,0.67,,,,
2026-01-06 02:18:47.783000+00:00,2026-01-06 02:18:47.815593+00:00,227.783,0.335,0.33,0.34,0.665,0.66,0.67,,,,
2026-01-06 02:18:47.783000+00:00,2026-01-06 02:18:47.849570+00:00,227.783,0.335,0.33,0.34,0.665,0.66,0.67,,,,
2026-01-06 02:18:48.858000+00:00,2026-01-06 02:18:48.838551+00:00,228.858,0.335,0.33,0.34,0.665,0.66,0.67,,,,
2026-01-06 02:18:48.862000+00:00,2026-01-06 02:18:48.854922+00:00,228.862,0.335,0.33,0.34,0.665,0.66,0.67,,,,
2026-01-06 02:18:49.876000+00:00,2026-01-06 02:18:49.864393+00:00,229.876,0.335,0.33,0.34,0.675,0.67,0.68,,,,
2026-01-06 02:18:49.853000+00:00,2026-01-06 02:18:49.833198+00:00,229.853,0.335,0.33,0.34,0.67,0.66,0.68,,,,
2026-01-06 02:18:50.872000+00:00,2026-01-06 02:18:50.836617+00:00,230.872,0.335,0.33,0.34,0.635,0.63,0.64,,,,
2026-01-06 02:18:50.899000+00:00,2026-01-06 02:18:50.869859+00:00,230.899,0.3399999999999999,0.33,0.35,0.635,0.63,0.64,,,,
2026-01-06 02:18:51.902000+00:00,2026-01-06 02:18:51.886523+00:00,231.902,0.355,0.35,0.36,0.645,0.64,0.65,,,,
2026-01-06 02:18:51.809000+00:00,2026-01-06 02:18:51.836555+00:00,231.809,0.355,0.35,0.36,0.645,0.64,0.65,,,,
2026-01-06 02:18:52.822000+00:00,2026-01-06 02:18:52.833154+00:00,232.822,0.345,0.34,0.35,0.655,0.65,0.66,,,,
2026-01-06 02:18:52.909000+00:00,2026-01-06 02:18:52.887851+00:00,232.909,0.345,0.34,0.35,0.655,0.65,0.66,,,,
2026-01-06 02:18:53.867000+00:00,2026-01-06 02:18:53.843654+00:00,233.867,0.335,0.33,0.34,0.675,0.67,0.68,,,,
2026-01-06 02:18:53.924000+00:00,2026-01-06 02:18:53.895558+00:00,233.924,0.335,0.33,0.34,0.675,0.67,0.68,,,,
2026-01-06 02:18:54.861000+00:00,2026-01-06 02:18:54.847507+00:00,234.861,0.325,0.32,0.33,0.675,0.67,0.68,,,,
2026-01-06 02:18:54.920000+00:00,2026-01-06 02:18:54.905202+00:00,234.92,0.325,0.32,0.33,0.675,0.67,0.68,,,,
2026-01-06 02:18:55.875000+00:00,2026-01-06 02:18:55.846047+00:00,235.875,0.325,0.32,0.33,0.675,0.67,0.68,,,,
2026-01-06 02:18:55.922000+00:00,2026-01-06 02:18:55.908375+00:00,235.922,0.325,0.32,0.33,0.675,0.67,0.68,,,,
2026-01-06 02:18:56.854000+00:00,2026-01-06 02:18:56.919322+00:00,236.854,0.325,0.32,0.33,0.675,0.67,0.68,,,,
2026-01-06 02:18:56.854000+00:00,2026-01-06 02:18:56.844347+00:00,236.854,0.325,0.32,0.33,0.675,0.67,0.68,,,,
2026-01-06 02:18:57.957000+00:00,2026-01-06 02:18:57.940298+00:00,237.957,0.325,0.32,0.33,0.685,0.68,0.69,,,,
2026-01-06 02:18:57.873000+00:00,2026-01-06 02:18:57.845281+00:00,237.873,0.325,0.32,0.33,0.685,0.68,0.69,,,,
2026-01-06 02:18:58.864000+00:00,2026-01-06 02:18:58.852661+00:00,238.864,0.315,0.31,0.32,0.685,0.68,0.69,,,,
2026-01-06 02:18:58.987000+00:00,2026-01-06 02:18:58.957169+00:00,238.987,0.315,0.31,0.32,0.685,0.68,0.69,,,,
2026-01-06 02:18:59.852000+00:00,2026-01-06 02:18:59.853203+00:00,239.852,0.315,0.31,0.32,0.685,0.68,0.69,,,,
2026-01-06 02:18:59.852000+00:00,2026-01-06 02:18:59.947891+00:00,239.852,0.315,0.31,0.32,0.685,0.68,0.69,,,,
2026-01-06 02:19:01.001000+00:00,2026-01-06 02:19:00.983223+00:00,241.001,0.315,0.31,0.32,0.685,0.68,0.69,,,,
2026-01-06 02:19:00.911000+00:00,2026-01-06 02:19:00.897606+00:00,240.911,0.315,0.31,0.32,0.685,0.68,0.69,,,,
2026-01-06 02:19:02.069000+00:00,2026-01-06 02:19:02.041225+00:00,242.069,0.305,0.3,0.31,0.695,0.69,0.7,,,,
2026-01-06 02:19:02.069000+00:00,2026-01-06 02:19:02.059222+00:00,242.069,0.305,0.3,0.31,0.695,0.69,0.7,,,,
2026-01-06 02:19:03.116000+00:00,2026-01-06 02:19:03.094115+00:00,243.116,0.305,0.3,0.31,0.655,0.65,0.66,,,,
2026-01-06 02:19:03.100000+00:00,2026-01-06 02:19:03.066253+00:00,243.1,0.305,0.3,0.31,0.65,0.64,0.66,,,,
2026-01-06 02:19:04.384000+00:00,2026-01-06 02:19:04.346438+00:00,244.384,0.315,0.31,0.32,0.685,0.68,0.69,,,,
2026-01-06 02:19:04.396000+00:00,2026-01-06 02:19:04.375660+00:00,244.396,0.315,0.31,0.32,0.675,0.67,0.68,,,,
2026-01-06 02:19:05.357000+00:00,2026-01-06 02:19:05.356896+00:00,245.357,0.325,0.32,0.33,0.675,0.67,0.68,,,,
2026-01-06 02:19:05.567000+00:00,2026-01-06 02:19:05.538379+00:00,245.567,0.325,0.32,0.33,0.675,0.67,0.68,,,,
2026-01-06 02:19:06.416000+00:00,2026-01-06 02:19:06.544124+00:00,246.416,0.325,0.32,0.33,0.675,0.67,0.68,,,,
2026-01-06 02:19:06.356000+00:00,2026-01-06 02:19:06.364083+00:00,246.356,0.325,0.32,0.33,0.675,0.67,0.68,,,,
2026-01-06 02:19:07.357000+00:00,2026-01-06 02:19:07.382718+00:00,247.357,0.325,0.32,0.33,0.675,0.67,0.68,,,,
2026-01-06 02:19:07.568000+00:00,2026-01-06 02:19:07.554593+00:00,247.568,0.325,0.32,0.33,0.675,0.67,0.68,,,,
2026-01-06 02:19:08.403000+00:00,2026-01-06 02:19:08.387762+00:00,248.403,0.325,0.32,0.33,0.675,0.67,0.68,,,,
2026-01-06 02:19:08.585000+00:00,2026-01-06 02:19:08.554137+00:00,248.585,0.325,0.32,0.33,0.67,0.66,0.68,,,,
2026-01-06 02:19:09.428000+00:00,2026-01-06 02:19:09.398076+00:00,249.428,0.325,0.32,0.33,0.675,0.67,0.68,,,,
2026-01-06 02:19:09.588000+00:00,2026-01-06 02:19:09.557209+00:00,249.588,0.325,0.32,0.33,0.685,0.68,0.69,,,,
2026-01-06 02:19:10.445000+00:00,2026-01-06 02:19:10.412365+00:00,250.445,0.265,0.26,0.27,0.725,0.72,0.73,,,,
2026-01-06 02:19:10.536000+00:00,2026-01-06 02:19:10.527127+00:00,250.536,0.265,0.26,0.27,0.735,0.73,0.74,,,,
2026-01-06 02:19:11.536000+00:00,2026-01-06 02:19:11.523225+00:00,251.536,0.275,0.27,0.28,0.715,0.71,0.72,,,,
2026-01-06 02:19:11.445000+00:00,2026-01-06 02:19:11.423281+00:00,251.445,0.275,0.27,0.28,0.725,0.72,0.73,,,,
2026-01-06 02:19:12.482000+00:00,2026-01-06 02:19:12.438597+00:00,252.482,0.28,0.27,0.29,0.725,0.72,0.73,,,,
2026-01-06 02:19:12.551000+00:00,2026-01-06 02:19:12.525734+00:00,252.551,0.275,0.27,0.28,0.725,0.72,0.73,,,,
2026-01-06 02:19:13.424000+00:00,2026-01-06 02:19:13.454840+00:00,253.424,0.285,0.28,0.29,0.705,0.7,0.71,,,,
2026-01-06 02:19:13.544000+00:00,2026-01-06 02:19:13.536477+00:00,253.544,0.285,0.28,0.29,0.705,0.7,0.71,,,,
2026-01-06 02:19:14.475000+00:00,2026-01-06 02:19:14.457220+00:00,254.475,0.295,0.28,0.31,0.7,0.69,0.71,,,,
2026-01-06 02:19:14.588000+00:00,2026-01-06 02:19:14.558063+00:00,254.588,0.3,0.29,0.31,0.705,0.7,0.71,,,,
2026-01-06 02:19:15.484000+00:00,2026-01-06 02:19:15.455657+00:00,255.484,0.29,0.28,0.3,0.71,0.7,0.72,,,,
2026-01-06 02:19:15.585000+00:00,2026-01-06 02:19:15.568167+00:00,255.585,0.29,0.28,0.3,0.71,0.7,0.72,,,,
2026-01-06 02:19:16.496000+00:00,2026-01-06 02:19:16.474043+00:00,256.496,0.295,0.29,0.3,0.705,0.7,0.71,,,,
2026-01-06 02:19:16.581000+00:00,2026-01-06 02:19:16.581749+00:00,256.581,0.295,0.29,0.3,0.705,0.7,0.71,,,,
2026-01-06 02:19:17.457000+00:00,2026-01-06 02:19:17.464538+00:00,257.457,0.29,0.28,0.3,0.705,0.7,0.71,,,,
2026-01-06 02:19:17.653000+00:00,2026-01-06 02:19:17.693443+00:00,257.653,0.295,0.29,0.3,0.705,0.7,0.71,,,,
2026-01-06 02:19:18.477000+00:00,2026-01-06 02:19:18.472044+00:00,258.477,0.29,0.28,0.3,0.705,0.7,0.71,,,,
2026-01-06 02:19:18.738000+00:00,2026-01-06 02:19:18.712789+00:00,258.738,0.295,0.29,0.3,0.71,0.7,0.72,,,,
2026-01-06 02:19:19.458000+00:00,2026-01-06 02:19:19.495162+00:00,259.458,0.29,0.28,0.3,0.71,0.7,0.72,,,,
2026-01-06 02:19:19.690000+00:00,2026-01-06 02:19:19.713094+00:00,259.69,0.29,0.28,0.3,0.71,0.7,0.72,,,,
2026-01-06 02:19:20.522000+00:00,2026-01-06 02:19:20.498101+00:00,260.522,0.29,0.28,0.3,0.725,0.72,0.73,,,,
2026-01-06 02:19:20.862000+00:00,2026-01-06 02:19:20.743530+00:00,260.862,0.275,0.27,0.28,0.725,0.72,0.73,,,,
2026-01-06 02:19:21.490000+00:00,2026-01-06 02:19:21.495213+00:00,261.49,0.29,0.28,0.3,0.71,0.7,0.72,,,,
2026-01-06 02:19:21.732000+00:00,2026-01-06 02:19:21.753947+00:00,261.732,0.29,0.28,0.3,0.71,0.7,0.72,,,,
2026-01-06 02:19:22.519000+00:00,2026-01-06 02:19:22.497082+00:00,262.519,0.29,0.28,0.3,0.725,0.72,0.73,,,,
2026-01-06 02:19:22.827000+00:00,2026-01-06 02:19:22.807007+00:00,262.827,0.275,0.27,0.28,0.725,0.72,0.73,,,,
2026-01-06 02:19:23.472000+00:00,2026-01-06 02:19:23.521163+00:00,263.472,0.275,0.27,0.28,0.725,0.72,0.73,,,,
2026-01-06 02:19:23.841000+00:00,2026-01-06 02:19:23.812838+00:00,263.841,0.275,0.27,0.28,0.725,0.72,0.73,,,,
2026-01-06 02:19:24.647000+00:00,2026-01-06 02:19:24.631535+00:00,264.647,0.275,0.27,0.28,0.725,0.72,0.73,,,,
2026-01-06 02:19:24.835000+00:00,2026-01-06 02:19:24.824355+00:00,264.835,0.275,0.27,0.28,0.725,0.72,0.73,,,,
2026-01-06 02:19:25.838000+00:00,2026-01-06 02:19:25.846197+00:00,265.838,0.285,0.28,0.29,0.715,0.71,0.72,,,,
2026-01-06 02:19:25.688000+00:00,2026-01-06 02:19:25.651375+00:00,265.688,0.285,0.28,0.29,0.715,0.71,0.72,,,,
2026-01-06 02:19:26.659000+00:00,2026-01-06 02:19:26.672861+00:00,266.659,0.285,0.28,0.29,0.715,0.71,0.72,,,,
2026-01-06 02:19:26.875000+00:00,2026-01-06 02:19:26.874516+00:00,266.875,0.285,0.28,0.29,0.715,0.71,0.72,,,,
2026-01-06 02:19:27.632000+00:00,2026-01-06 02:19:27.668821+00:00,267.632,0.295,0.29,0.3,0.705,0.7,0.71,,,,
2026-01-06 02:19:28.100000+00:00,2026-01-06 02:19:28.082215+00:00,268.1,0.29,0.28,0.3,0.715,0.71,0.72,,,,
2026-01-06 02:19:28.648000+00:00,2026-01-06 02:19:28.671502+00:00,268.648,0.285,0.28,0.29,0.715,0.71,0.72,,,,
2026-01-06 02:19:29.111000+00:00,2026-01-06 02:19:29.096631+00:00,269.111,0.285,0.28,0.29,0.715,0.71,0.72,,,,
2026-01-06 02:19:29.476000+00:00,2026-01-06 02:19:29.727097+00:00,269.476,0.285,0.28,0.29,0.715,0.71,0.72,,,,
2026-01-06 02:19:30.109000+00:00,2026-01-06 02:19:30.098642+00:00,270.109,0.285,0.28,0.29,0.715,0.71,0.72,,,,
2026-01-06 02:19:30.736000+00:00,2026-01-06 02:19:30.756754+00:00,270.736,0.29,0.28,0.3,0.71,0.7,0.72,,,,
2026-01-06 02:19:31.069000+00:00,2026-01-06 02:19:31.111202+00:00,271.069,0.29,0.28,0.3,0.71,0.7,0.72,,,,
2026-01-06 02:19:31.783000+00:00,2026-01-06 02:19:31.777674+00:00,271.783,0.285,0.28,0.29,0.715,0.71,0.72,,,,
2026-01-06 02:19:32.150000+00:00,2026-01-06 02:19:32.113343+00:00,272.15,0.29,0.28,0.3,0.71,0.7,0.72,,,,
2026-01-06 02:19:32.755000+00:00,2026-01-06 02:19:32.804360+00:00,272.755,0.285,0.28,0.29,0.715,0.71,0.72,,,,
2026-01-06 02:19:33.159000+00:00,2026-01-06 02:19:33.139500+00:00,273.159,0.285,0.28,0.29,0.715,0.71,0.72,,,,
2026-01-06 02:19:33.814000+00:00,2026-01-06 02:19:33.807957+00:00,273.814,0.295,0.29,0.3,0.705,0.7,0.71,,,,
2026-01-06 02:19:34.168000+00:00,2026-01-06 02:19:34.149031+00:00,274.168,0.295,0.29,0.3,0.705,0.7,0.71,,,,
2026-01-06 02:19:34.844000+00:00,2026-01-06 02:19:34.826662+00:00,274.844,0.295,0.29,0.3,0.76,0.75,0.77,,,,
2026-01-06 02:19:35.187000+00:00,2026-01-06 02:19:35.151656+00:00,275.187,0.245,0.24,0.25,0.775,0.77,0.78,,,,
2026-01-06 02:19:35.879000+00:00,2026-01-06 02:19:35.851037+00:00,275.879,0.225,0.22,0.23,0.775,0.77,0.78,,,,
2026-01-06 02:19:36.255000+00:00,2026-01-06 02:19:36.194717+00:00,276.255,0.215,0.21,0.22,0.785,0.78,0.79,,,,
2026-01-06 02:19:36.772000+00:00,2026-01-06 02:19:36.863372+00:00,276.772,0.205,0.2,0.21,0.795,0.79,0.8,,,,
2026-01-06 02:19:37.219000+00:00,2026-01-06 02:19:37.191172+00:00,277.219,0.205,0.2,0.21,0.795,0.79,0.8,,,,
2026-01-06 02:19:37.908000+00:00,2026-01-06 02:19:37.875995+00:00,277.908,0.205,0.2,0.21,0.795,0.79,0.8,,,,
2026-01-06 02:19:38.290000+00:00,2026-01-06 02:19:38.291072+00:00,278.29,0.205,0.2,0.21,0.785,0.78,0.79,,,,
2026-01-06 02:19:38.910000+00:00,2026-01-06 02:19:38.886823+00:00,278.91,0.225,0.22,0.23,0.775,0.77,0.78,,,,
2026-01-06 02:19:39.220000+00:00,2026-01-06 02:19:39.280308+00:00,279.22,0.225,0.22,0.23,0.775,0.77,0.78,,,,
2026-01-06 02:19:39.875000+00:00,2026-01-06 02:19:39.947313+00:00,279.875,0.225,0.22,0.23,0.775,0.77,0.78,,,,
2026-01-06 02:19:40.354000+00:00,2026-01-06 02:19:40.345217+00:00,280.354,0.225,0.22,0.23,0.775,0.77,0.78,,,,
2026-01-06 02:19:40.943000+00:00,2026-01-06 02:19:40.958037+00:00,280.943,0.225,0.22,0.23,0.775,0.77,0.78,,,,
2026-01-06 02:19:41.382000+00:00,2026-01-06 02:19:41.355704+00:00,281.382,0.225,0.22,0.23,0.775,0.77,0.78,,,,
2026-01-06 02:19:41.979000+00:00,2026-01-06 02:19:41.962186+00:00,281.979,0.225,0.22,0.23,0.77,0.76,0.78,,,,
2026-01-06 02:19:42.445000+00:00,2026-01-06 02:19:42.475269+00:00,282.445,0.2299999999999999,0.22,0.24,0.77,0.76,0.78,,,,
2026-01-06 02:19:42.880000+00:00,2026-01-06 02:19:42.952246+00:00,282.88,0.2299999999999999,0.22,0.24,0.77,0.76,0.78,,,,
2026-01-06 02:19:43.461000+00:00,2026-01-06 02:19:43.471064+00:00,283.461,0.215,0.21,0.22,0.785,0.78,0.79,,,,
2026-01-06 02:19:44.033000+00:00,2026-01-06 02:19:44.010451+00:00,284.033,0.215,0.21,0.22,0.785,0.78,0.79,,,,
2026-01-06 02:19:44.498000+00:00,2026-01-06 02:19:44.484257+00:00,284.498,0.225,0.22,0.23,0.775,0.77,0.78,,,,
2026-01-06 02:19:45.005000+00:00,2026-01-06 02:19:44.996036+00:00,285.005,0.225,0.22,0.23,0.775,0.77,0.78,,,,
2026-01-06 02:19:45.511000+00:00,2026-01-06 02:19:45.486086+00:00,285.511,0.225,0.22,0.23,0.775,0.77,0.78,,,,
2026-01-06 02:19:46.003000+00:00,2026-01-06 02:19:46.006042+00:00,286.003,0.225,0.22,0.23,0.775,0.77,0.78,,,,
2026-01-06 02:19:46.466000+00:00,2026-01-06 02:19:46.497656+00:00,286.466,0.225,0.22,0.23,0.765,0.76,0.77,,,,
2026-01-06 02:19:47.043000+00:00,2026-01-06 02:19:47.022843+00:00,287.043,0.235,0.23,0.24,0.76,0.75,0.77,,,,
2026-01-06 02:19:47.525000+00:00,2026-01-06 02:19:47.503949+00:00,287.525,0.245,0.24,0.25,0.755,0.75,0.76,,,,
2026-01-06 02:19:48.057000+00:00,2026-01-06 02:19:48.030857+00:00,288.057,0.24,0.23,0.25,0.76,0.75,0.77,,,,
2026-01-06 02:19:48.538000+00:00,2026-01-06 02:19:48.509680+00:00,288.538,0.245,0.24,0.25,0.755,0.75,0.76,,,,
2026-01-06 02:19:49.048000+00:00,2026-01-06 02:19:49.044214+00:00,289.048,0.245,0.24,0.25,0.755,0.75,0.76,,,,
2026-01-06 02:19:49.519000+00:00,2026-01-06 02:19:49.511840+00:00,289.519,0.245,0.24,0.25,0.755,0.75,0.76,,,,
2026-01-06 02:19:50.065000+00:00,2026-01-06 02:19:50.048581+00:00,290.065,0.245,0.24,0.25,0.755,0.75,0.76,,,,
2026-01-06 02:19:50.507000+00:00,2026-01-06 02:19:50.506345+00:00,290.507,0.245,0.24,0.25,0.755,0.75,0.76,,,,
2026-01-06 02:19:51.073000+00:00,2026-01-06 02:19:51.104853+00:00,291.073,0.24,0.23,0.25,0.76,0.75,0.77,,,,
2026-01-06 02:19:51.481000+00:00,2026-01-06 02:19:51.527077+00:00,291.481,0.24,0.23,0.25,0.76,0.75,0.77,,,,
2026-01-06 02:19:52.129000+00:00,2026-01-06 02:19:52.116433+00:00,292.129,0.24,0.23,0.25,0.76,0.75,0.77,,,,
2026-01-06 02:19:52.541000+00:00,2026-01-06 02:19:52.526466+00:00,292.541,0.24,0.23,0.25,0.76,0.75,0.77,,,,
2026-01-06 02:19:53.062000+00:00,2026-01-06 02:19:53.148867+00:00,293.062,0.24,0.23,0.25,0.755,0.75,0.76,,,,
2026-01-06 02:19:53.564000+00:00,2026-01-06 02:19:53.541283+00:00,293.564,0.245,0.24,0.25,0.755,0.75,0.76,,,,
2026-01-06 02:19:54.143000+00:00,2026-01-06 02:19:54.143256+00:00,294.143,0.245,0.24,0.25,0.755,0.75,0.76,,,,
2026-01-06 02:19:54.714000+00:00,2026-01-06 02:19:54.721143+00:00,294.714,0.245,0.24,0.25,0.755,0.75,0.76,,,,
2026-01-06 02:19:55.123000+00:00,2026-01-06 02:19:55.180194+00:00,295.123,0.245,0.24,0.25,0.755,0.75,0.76,,,,
2026-01-06 02:19:55.756000+00:00,2026-01-06 02:19:55.737262+00:00,295.756,0.245,0.24,0.25,0.755,0.75,0.76,,,,
2026-01-06 02:19:56.194000+00:00,2026-01-06 02:19:56.186367+00:00,296.194,0.24,0.23,0.25,0.765,0.76,0.77,,,,
2026-01-06 02:19:56.734000+00:00,2026-01-06 02:19:56.734165+00:00,296.734,0.24,0.23,0.25,0.76,0.75,0.77,,,,
2026-01-06 02:19:57.173000+00:00,2026-01-06 02:19:57.243029+00:00,297.173,0.24,0.23,0.25,0.76,0.75,0.77,,,,
2026-01-06 02:19:57.737000+00:00,2026-01-06 02:19:57.735025+00:00,297.737,0.24,0.23,0.25,0.765,0.76,0.77,,,,
2026-01-06 02:19:58.230000+00:00,2026-01-06 02:19:58.261858+00:00,298.23,0.235,0.23,0.24,0.765,0.76,0.77,,,,
2026-01-06 02:19:58.769000+00:00,2026-01-06 02:19:58.746113+00:00,298.769,0.24,0.23,0.25,0.76,0.75,0.77,,,,
2026-01-06 02:19:59.349000+00:00,2026-01-06 02:19:59.326741+00:00,299.349,0.235,0.23,0.24,0.765,0.76,0.77,,,,
2026-01-06 02:19:59.794000+00:00,2026-01-06 02:19:59.790798+00:00,299.794,0.235,0.23,0.24,0.765,0.76,0.77,,,,
2026-01-06 02:20:00.323000+00:00,2026-01-06 02:20:00.332444+00:00,300.323,0.225,0.22,0.23,0.775,0.77,0.78,,,,
2026-01-06 02:20:00.811000+00:00,2026-01-06 02:20:00.791789+00:00,300.811,0.225,0.22,0.23,0.775,0.77,0.78,,,,
2026-01-06 02:20:01.369000+00:00,2026-01-06 02:20:01.355643+00:00,301.369,0.225,0.22,0.23,0.775,0.77,0.78,,,,
2026-01-06 02:20:01.856000+00:00,2026-01-06 02:20:01.797276+00:00,301.856,0.235,0.23,0.24,0.76,0.75,0.77,,,,
2026-01-06 02:20:02.388000+00:00,2026-01-06 02:20:02.377618+00:00,302.388,0.245,0.24,0.25,0.75,0.74,0.76,,,,
2026-01-06 02:20:02.755000+00:00,2026-01-06 02:20:02.821428+00:00,302.755,0.265,0.26,0.27,0.735,0.73,0.74,,,,
2026-01-06 02:20:03.398000+00:00,2026-01-06 02:20:03.382980+00:00,303.398,0.265,0.26,0.27,0.735,0.73,0.74,,,,
2026-01-06 02:20:03.840000+00:00,2026-01-06 02:20:03.823358+00:00,303.84,0.265,0.26,0.27,0.735,0.73,0.74,,,,
2026-01-06 02:20:04.678000+00:00,2026-01-06 02:20:04.663832+00:00,304.678,0.265,0.26,0.27,0.735,0.73,0.74,,,,
2026-01-06 02:20:04.895000+00:00,2026-01-06 02:20:04.828913+00:00,304.895,0.265,0.26,0.27,0.735,0.73,0.74,,,,
2026-01-06 02:20:05.858000+00:00,2026-01-06 02:20:05.836378+00:00,305.858,0.265,0.26,0.27,0.725,0.72,0.73,,,,
2026-01-06 02:20:05.686000+00:00,2026-01-06 02:20:05.689024+00:00,305.686,0.265,0.26,0.27,0.735,0.73,0.74,,,,
2026-01-06 02:20:06.879000+00:00,2026-01-06 02:20:06.861585+00:00,306.879,0.3,0.29,0.31,0.7,0.69,0.71,,,,
2026-01-06 02:20:06.740000+00:00,2026-01-06 02:20:06.721580+00:00,306.74,0.3,0.29,0.31,0.7,0.69,0.71,,,,
2026-01-06 02:20:07.753000+00:00,2026-01-06 02:20:07.731874+00:00,307.753,0.295,0.29,0.3,0.705,0.7,0.71,,,,
2026-01-06 02:20:07.851000+00:00,2026-01-06 02:20:07.867341+00:00,307.851,0.295,0.29,0.3,0.705,0.7,0.71,,,,
2026-01-06 02:20:08.738000+00:00,2026-01-06 02:20:08.736962+00:00,308.738,0.295,0.29,0.3,0.705,0.7,0.71,,,,
2026-01-06 02:20:08.924000+00:00,2026-01-06 02:20:08.893625+00:00,308.924,0.295,0.29,0.3,0.715,0.71,0.72,,,,
2026-01-06 02:20:09.747000+00:00,2026-01-06 02:20:09.743083+00:00,309.747,0.285,0.28,0.29,0.715,0.71,0.72,,,,
2026-01-06 02:20:10.775000+00:00,2026-01-06 02:20:10.751989+00:00,310.775,0.285,0.28,0.29,0.715,0.71,0.72,,,,
2026-01-06 02:20:10.977000+00:00,2026-01-06 02:20:10.954495+00:00,310.977,0.285,0.28,0.29,0.715,0.71,0.72,,,,
2026-01-06 02:20:11.754000+00:00,2026-01-06 02:20:11.739386+00:00,311.754,0.275,0.27,0.28,0.725,0.72,0.73,,,,
2026-01-06 02:20:11.889000+00:00,2026-01-06 02:20:11.959065+00:00,311.889,0.275,0.27,0.28,0.715,0.71,0.72,,,,
2026-01-06 02:20:12.879000+00:00,2026-01-06 02:20:12.875325+00:00,312.879,0.275,0.27,0.28,0.725,0.72,0.73,,,,
2026-01-06 02:20:13.045000+00:00,2026-01-06 02:20:13.007988+00:00,313.045,0.275,0.27,0.28,0.725,0.72,0.73,,,,
2026-01-06 02:20:13.908000+00:00,2026-01-06 02:20:13.888815+00:00,313.908,0.275,0.27,0.28,0.725,0.72,0.73,,,,
2026-01-06 02:20:14.922000+00:00,2026-01-06 02:20:14.894654+00:00,314.922,0.285,0.28,0.29,0.715,0.71,0.72,,,,
2026-01-06 02:20:14.948000+00:00,2026-01-06 02:20:15.020597+00:00,314.948,0.285,0.28,0.29,0.715,0.71,0.72,,,,
2026-01-06 02:20:15.922000+00:00,2026-01-06 02:20:15.900052+00:00,315.922,0.285,0.28,0.29,0.715,0.71,0.72,,,,
2026-01-06 02:20:16.038000+00:00,2026-01-06 02:20:16.018628+00:00,316.038,0.285,0.28,0.29,0.715,0.71,0.72,,,,
2026-01-06 02:20:17.021000+00:00,2026-01-06 02:20:17.022638+00:00,317.021,0.295,0.29,0.3,0.685,0.68,0.69,,,,
2026-01-06 02:20:16.950000+00:00,2026-01-06 02:20:16.918100+00:00,316.95,0.295,0.29,0.3,0.685,0.68,0.69,,,,
2026-01-06 02:20:18.013000+00:00,2026-01-06 02:20:18.028677+00:00,318.013,0.345,0.34,0.35,0.655,0.65,0.66,,,,
2026-01-06 02:20:17.931000+00:00,2026-01-06 02:20:17.919363+00:00,317.931,0.345,0.34,0.35,0.655,0.65,0.66,,,,
2026-01-06 02:20:18.930000+00:00,2026-01-06 02:20:18.932555+00:00,318.93,0.35,0.34,0.36,0.65,0.64,0.66,,,,
2026-01-06 02:20:19.054000+00:00,2026-01-06 02:20:19.041211+00:00,319.054,0.35,0.34,0.36,0.645,0.64,0.65,,,,
2026-01-06 02:20:19.912000+00:00,2026-01-06 02:20:19.934747+00:00,319.912,0.345,0.34,0.35,0.655,0.65,0.66,,,,
2026-01-06 02:20:20.042000+00:00,2026-01-06 02:20:20.051758+00:00,320.042,0.345,0.34,0.35,0.65,0.64,0.66,,,,
2026-01-06 02:20:20.943000+00:00,2026-01-06 02:20:20.925789+00:00,320.943,0.355,0.35,0.36,0.645,0.64,0.65,,,,
2026-01-06 02:20:21.093000+00:00,2026-01-06 02:20:21.066280+00:00,321.093,0.355,0.35,0.36,0.645,0.64,0.65,,,,
2026-01-06 02:20:22.107000+00:00,2026-01-06 02:20:22.083518+00:00,322.107,0.345,0.34,0.35,0.655,0.65,0.66,,,,
2026-01-06 02:20:21.944000+00:00,2026-01-06 02:20:21.937593+00:00,321.944,0.345,0.34,0.35,0.655,0.65,0.66,,,,
2026-01-06 02:20:23.135000+00:00,2026-01-06 02:20:23.122217+00:00,323.135,0.345,0.34,0.35,0.655,0.65,0.66,,,,
2026-01-06 02:20:23.159000+00:00,2026-01-06 02:20:23.210669+00:00,323.159,0.345,0.34,0.35,0.655,0.65,0.66,,,,
2026-01-06 02:20:24.145000+00:00,2026-01-06 02:20:24.118953+00:00,324.145,0.345,0.34,0.35,0.655,0.65,0.66,,,,
2026-01-06 02:20:24.220000+00:00,2026-01-06 02:20:24.212767+00:00,324.22,0.345,0.34,0.35,0.655,0.65,0.66,,,,
2026-01-06 02:20:25.187000+00:00,2026-01-06 02:20:25.206683+00:00,325.187,0.345,0.34,0.35,0.655,0.65,0.66,,,,
2026-01-06 02:20:25.146000+00:00,2026-01-06 02:20:25.113813+00:00,325.146,0.345,0.34,0.35,0.655,0.65,0.66,,,,
2026-01-06 02:20:26.234000+00:00,2026-01-06 02:20:26.203086+00:00,326.234,0.355,0.35,0.36,0.645,0.64,0.65,,,,
2026-01-06 02:20:26.237000+00:00,2026-01-06 02:20:26.213827+00:00,326.237,0.355,0.35,0.36,0.645,0.64,0.65,,,,
2026-01-06 02:20:27.238000+00:00,2026-01-06 02:20:27.209885+00:00,327.238,0.355,0.35,0.36,0.64,0.63,0.65,,,,
2026-01-06 02:20:27.223000+00:00,2026-01-06 02:20:27.193897+00:00,327.223,0.355,0.35,0.36,0.64,0.63,0.65,,,,
2026-01-06 02:20:28.221000+00:00,2026-01-06 02:20:28.203582+00:00,328.221,0.36,0.35,0.37,0.64,0.63,0.65,,,,
2026-01-06 02:20:28.071000+00:00,2026-01-06 02:20:28.184259+00:00,328.071,0.36,0.35,0.37,0.64,0.63,0.65,,,,
2026-01-06 02:20:29.297000+00:00,2026-01-06 02:20:29.225966+00:00,329.297,0.375,0.37,0.38,0.625,0.62,0.63,,,,
2026-01-06 02:20:29.268000+00:00,2026-01-06 02:20:29.242208+00:00,329.268,0.375,0.37,0.38,0.625,0.62,0.63,,,,
2026-01-06 02:20:30.201000+00:00,2026-01-06 02:20:30.233195+00:00,330.201,0.365,0.36,0.37,0.635,0.63,0.64,,,,
2026-01-06 02:20:30.266000+00:00,2026-01-06 02:20:30.251306+00:00,330.266,0.365,0.36,0.37,0.635,0.63,0.64,,,,
2026-01-06 02:20:31.248000+00:00,2026-01-06 02:20:31.239699+00:00,331.248,0.355,0.35,0.36,0.645,0.64,0.65,,,,
2026-01-06 02:20:31.283000+00:00,2026-01-06 02:20:31.270770+00:00,331.283,0.355,0.35,0.36,0.645,0.64,0.65,,,,
2026-01-06 02:20:32.273000+00:00,2026-01-06 02:20:32.256705+00:00,332.273,0.355,0.35,0.36,0.645,0.64,0.65,,,,
2026-01-06 02:20:32.273000+00:00,2026-01-06 02:20:32.275877+00:00,332.273,0.355,0.35,0.36,0.645,0.64,0.65,,,,
2026-01-06 02:20:33.269000+00:00,2026-01-06 02:20:33.270993+00:00,333.269,0.345,0.34,0.35,0.655,0.65,0.66,,,,
2026-01-06 02:20:33.269000+00:00,2026-01-06 02:20:33.274001+00:00,333.269,0.345,0.34,0.35,0.655,0.65,0.66,,,,
2026-01-06 02:20:34.284000+00:00,2026-01-06 02:20:34.306092+00:00,334.284,0.335,0.33,0.34,0.675,0.67,0.68,,,,
2026-01-06 02:20:34.284000+00:00,2026-01-06 02:20:34.299086+00:00,334.284,0.335,0.33,0.34,0.665,0.66,0.67,,,,
2026-01-06 02:20:35.321000+00:00,2026-01-06 02:20:35.293927+00:00,335.321,0.33,0.32,0.34,0.665,0.66,0.67,,,,
2026-01-06 02:20:35.321000+00:00,2026-01-06 02:20:35.303926+00:00,335.321,0.33,0.32,0.34,0.67,0.66,0.68,,,,
2026-01-06 02:20:36.340000+00:00,2026-01-06 02:20:36.326686+00:00,336.34,0.335,0.33,0.34,0.67,0.66,0.68,,,,
2026-01-06 02:20:36.373000+00:00,2026-01-06 02:20:36.337076+00:00,336.373,0.335,0.33,0.34,0.67,0.66,0.68,,,,
2026-01-06 02:20:37.112000+00:00,2026-01-06 02:20:37.343372+00:00,337.112,0.33,0.32,0.34,0.665,0.65,0.68,,,,
2026-01-06 02:20:37.112000+00:00,2026-01-06 02:20:37.341006+00:00,337.112,0.33,0.32,0.34,0.665,0.65,0.68,,,,
2026-01-06 02:20:38.344000+00:00,2026-01-06 02:20:38.325626+00:00,338.344,0.3399999999999999,0.33,0.35,0.66,0.65,0.67,,,,
2026-01-06 02:20:38.344000+00:00,2026-01-06 02:20:38.338972+00:00,338.344,0.3399999999999999,0.33,0.35,0.66,0.65,0.67,,,,
2026-01-06 02:20:39.329000+00:00,2026-01-06 02:20:39.323039+00:00,339.329,0.3399999999999999,0.33,0.35,0.655,0.65,0.66,,,,
2026-01-06 02:20:39.365000+00:00,2026-01-06 02:20:39.348547+00:00,339.365,0.345,0.34,0.35,0.655,0.65,0.66,,,,
2026-01-06 02:20:40.483000+00:00,2026-01-06 02:20:40.455561+00:00,340.483,0.345,0.34,0.35,0.655,0.65,0.66,,,,
2026-01-06 02:20:40.522000+00:00,2026-01-06 02:20:40.498946+00:00,340.522,0.345,0.34,0.35,0.635,0.63,0.64,,,,
2026-01-06 02:20:41.483000+00:00,2026-01-06 02:20:41.469607+00:00,341.483,0.415,0.41,0.42,0.585,0.58,0.59,,,,
2026-01-06 02:20:41.515000+00:00,2026-01-06 02:20:41.508203+00:00,341.515,0.415,0.41,0.42,0.585,0.58,0.59,,,,
2026-01-06 02:20:42.452000+00:00,2026-01-06 02:20:42.453436+00:00,342.452,0.415,0.41,0.42,0.585,0.58,0.59,,,,
2026-01-06 02:20:42.540000+00:00,2026-01-06 02:20:42.514499+00:00,342.54,0.415,0.41,0.42,0.585,0.58,0.59,,,,
2026-01-06 02:20:43.463000+00:00,2026-01-06 02:20:43.451438+00:00,343.463,0.415,0.41,0.42,0.585,0.58,0.59,,,,
2026-01-06 02:20:43.536000+00:00,2026-01-06 02:20:43.518202+00:00,343.536,0.415,0.41,0.42,0.585,0.58,0.59,,,,
2026-01-06 02:20:44.463000+00:00,2026-01-06 02:20:44.466958+00:00,344.463,0.405,0.4,0.41,0.595,0.59,0.6,,,,
2026-01-06 02:20:44.662000+00:00,2026-01-06 02:20:44.643044+00:00,344.662,0.405,0.4,0.41,0.595,0.59,0.6,,,,
2026-01-06 02:20:45.443000+00:00,2026-01-06 02:20:45.460133+00:00,345.443,0.405,0.4,0.41,0.595,0.59,0.6,,,,
2026-01-06 02:20:45.611000+00:00,2026-01-06 02:20:45.638145+00:00,345.611,0.405,0.4,0.41,0.605,0.6,0.61,,,,
2026-01-06 02:20:46.484000+00:00,2026-01-06 02:20:46.463735+00:00,346.484,0.395,0.39,0.4,0.605,0.6,0.61,,,,
2026-01-06 02:20:46.676000+00:00,2026-01-06 02:20:46.643347+00:00,346.676,0.395,0.39,0.4,0.605,0.6,0.61,,,,
2026-01-06 02:20:47.446000+00:00,2026-01-06 02:20:47.477491+00:00,347.446,0.395,0.39,0.4,0.605,0.6,0.61,,,,
2026-01-06 02:20:47.645000+00:00,2026-01-06 02:20:47.651151+00:00,347.645,0.395,0.39,0.4,0.605,0.6,0.61,,,,
2026-01-06 02:20:48.475000+00:00,2026-01-06 02:20:48.484436+00:00,348.475,0.395,0.39,0.4,0.6,0.59,0.61,,,,
2026-01-06 02:20:48.634000+00:00,2026-01-06 02:20:48.652102+00:00,348.634,0.4,0.39,0.41,0.6,0.59,0.61,,,,
2026-01-06 02:20:49.658000+00:00,2026-01-06 02:20:49.659609+00:00,349.658,0.4,0.39,0.41,0.6,0.59,0.61,,,,
2026-01-06 02:20:49.446000+00:00,2026-01-06 02:20:49.485816+00:00,349.446,0.4,0.39,0.41,0.6,0.59,0.61,,,,
2026-01-06 02:20:50.693000+00:00,2026-01-06 02:20:50.677530+00:00,350.693,0.4,0.39,0.41,0.6,0.59,0.61,,,,
2026-01-06 02:20:50.854000+00:00,2026-01-06 02:20:50.839468+00:00,350.854,0.4,0.39,0.41,0.595,0.59,0.6,,,,
2026-01-06 02:20:51.687000+00:00,2026-01-06 02:20:51.684996+00:00,351.687,0.405,0.4,0.41,0.575,0.57,0.58,,,,
2026-01-06 02:20:51.890000+00:00,2026-01-06 02:20:51.869484+00:00,351.89,0.425,0.42,0.43,0.575,0.57,0.58,,,,
2026-01-06 02:20:52.715000+00:00,2026-01-06 02:20:52.693738+00:00,352.715,0.435,0.43,0.44,0.565,0.56,0.57,,,,
2026-01-06 02:20:52.919000+00:00,2026-01-06 02:20:52.907578+00:00,352.919,0.435,0.43,0.44,0.565,0.56,0.57,,,,
2026-01-06 02:20:53.662000+00:00,2026-01-06 02:20:53.698844+00:00,353.662,0.4649999999999999,0.44,0.49,0.525,0.51,0.54,,,,
2026-01-06 02:20:54.221000+00:00,2026-01-06 02:20:54.190891+00:00,354.221,0.485,0.48,0.49,0.505,0.5,0.51,,,,
2026-01-06 02:20:54.724000+00:00,2026-01-06 02:20:54.700681+00:00,354.724,0.505,0.5,0.51,0.495,0.49,0.5,,,,
2026-01-06 02:20:55.159000+00:00,2026-01-06 02:20:55.198135+00:00,355.159,0.505,0.5,0.51,0.505,0.5,0.51,,,,
2026-01-06 02:20:55.736000+00:00,2026-01-06 02:20:55.703800+00:00,355.736,0.505,0.5,0.51,0.5,0.49,0.51,,,,
2026-01-06 02:20:56.192000+00:00,2026-01-06 02:20:56.193836+00:00,356.192,0.495,0.49,0.5,0.525,0.52,0.53,,,,
2026-01-06 02:20:56.737000+00:00,2026-01-06 02:20:56.706547+00:00,356.737,0.475,0.47,0.48,0.525,0.52,0.53,,,,
2026-01-06 02:20:57.223000+00:00,2026-01-06 02:20:57.200737+00:00,357.223,0.475,0.47,0.48,0.525,0.52,0.53,,,,
2026-01-06 02:20:57.674000+00:00,2026-01-06 02:20:57.718296+00:00,357.674,0.475,0.47,0.48,0.525,0.52,0.53,,,,
2026-01-06 02:20:58.228000+00:00,2026-01-06 02:20:58.206725+00:00,358.228,0.475,0.47,0.48,0.525,0.52,0.53,,,,
2026-01-06 02:20:58.777000+00:00,2026-01-06 02:20:58.763612+00:00,358.777,0.475,0.47,0.48,0.525,0.52,0.53,,,,
2026-01-06 02:20:59.150000+00:00,2026-01-06 02:20:59.220339+00:00,359.15,0.475,0.47,0.48,0.525,0.52,0.53,,,,
2026-01-06 02:20:59.801000+00:00,2026-01-06 02:20:59.782506+00:00,359.801,0.475,0.47,0.48,0.525,0.52,0.53,,,,
2026-01-06 02:21:00.296000+00:00,2026-01-06 02:21:00.257615+00:00,360.296,0.47,0.46,0.48,0.53,0.52,0.54,,,,
2026-01-06 02:21:00.889000+00:00,2026-01-06 02:21:00.919102+00:00,360.889,0.455,0.45,0.46,0.555,0.55,0.56,,,,
2026-01-06 02:21:01.292000+00:00,2026-01-06 02:21:01.270544+00:00,361.292,0.385,0.38,0.39,0.615,0.61,0.62,,,,
2026-01-06 02:21:01.959000+00:00,2026-01-06 02:21:01.940436+00:00,361.959,0.375,0.37,0.38,0.675,0.67,0.68,,,,
2026-01-06 02:21:02.406000+00:00,2026-01-06 02:21:02.453474+00:00,362.406,0.325,0.32,0.33,0.675,0.67,0.68,,,,
2026-01-06 02:21:02.970000+00:00,2026-01-06 02:21:02.953711+00:00,362.97,0.335,0.33,0.34,0.665,0.66,0.67,,,,
2026-01-06 02:21:03.474000+00:00,2026-01-06 02:21:03.454906+00:00,363.474,0.335,0.33,0.34,0.665,0.66,0.67,,,,
2026-01-06 02:21:04.059000+00:00,2026-01-06 02:21:04.039271+00:00,364.059,0.335,0.33,0.34,0.655,0.65,0.66,,,,
2026-01-06 02:21:04.482000+00:00,2026-01-06 02:21:04.467610+00:00,364.482,0.35,0.34,0.36,0.645,0.64,0.65,,,,
2026-01-06 02:21:05.037000+00:00,2026-01-06 02:21:05.046421+00:00,365.037,0.355,0.35,0.36,0.645,0.64,0.65,,,,
2026-01-06 02:21:05.591000+00:00,2026-01-06 02:21:05.465542+00:00,365.591,0.355,0.35,0.36,0.645,0.64,0.65,,,,
2026-01-06 02:21:06.080000+00:00,2026-01-06 02:21:06.051474+00:00,366.08,0.355,0.35,0.36,0.635,0.63,0.64,,,,
2026-01-06 02:21:06.483000+00:00,2026-01-06 02:21:06.465869+00:00,366.483,0.365,0.36,0.37,0.635,0.63,0.64,,,,
2026-01-06 02:21:07.057000+00:00,2026-01-06 02:21:07.044656+00:00,367.057,0.365,0.36,0.37,0.635,0.63,0.64,,,,
2026-01-06 02:21:07.437000+00:00,2026-01-06 02:21:07.486446+00:00,367.437,0.365,0.36,0.37,0.635,0.63,0.64,,,,
2026-01-06 02:21:08.055000+00:00,2026-01-06 02:21:08.063406+00:00,368.055,0.365,0.36,0.37,0.635,0.63,0.64,,,,
2026-01-06 02:21:08.563000+00:00,2026-01-06 02:21:08.531477+00:00,368.563,0.365,0.36,0.37,0.635,0.63,0.64,,,,
2026-01-06 02:21:09.108000+00:00,2026-01-06 02:21:09.088996+00:00,369.108,0.365,0.36,0.37,0.635,0.63,0.64,,,,
2026-01-06 02:21:09.570000+00:00,2026-01-06 02:21:09.546054+00:00,369.57,0.335,0.33,0.34,0.695,0.69,0.7,,,,
2026-01-06 02:21:10.109000+00:00,2026-01-06 02:21:10.096452+00:00,370.109,0.295,0.29,0.3,0.705,0.7,0.71,,,,
2026-01-06 02:21:10.543000+00:00,2026-01-06 02:21:10.553463+00:00,370.543,0.295,0.29,0.3,0.695,0.69,0.7,,,,
2026-01-06 02:21:11.133000+00:00,2026-01-06 02:21:11.107241+00:00,371.133,0.305,0.3,0.31,0.695,0.69,0.7,,,,
2026-01-06 02:21:11.594000+00:00,2026-01-06 02:21:11.569312+00:00,371.594,0.33,0.32,0.34,0.665,0.66,0.67,,,,
2026-01-06 02:21:12.320000+00:00,2026-01-06 02:21:12.272954+00:00,372.32,0.315,0.31,0.32,0.685,0.68,0.69,,,,
2026-01-06 02:21:12.563000+00:00,2026-01-06 02:21:12.605585+00:00,372.563,0.315,0.31,0.32,0.685,0.68,0.69,,,,
2026-01-06 02:21:13.319000+00:00,2026-01-06 02:21:13.287583+00:00,373.319,0.315,0.31,0.32,0.685,0.68,0.69,,,,
2026-01-06 02:21:13.812000+00:00,2026-01-06 02:21:13.792460+00:00,373.812,0.315,0.31,0.32,0.685,0.68,0.69,,,,
2026-01-06 02:21:14.235000+00:00,2026-01-06 02:21:14.291221+00:00,374.235,0.315,0.31,0.32,0.685,0.68,0.69,,,,
2026-01-06 02:21:14.835000+00:00,2026-01-06 02:21:14.813493+00:00,374.835,0.32,0.31,0.33,0.6799999999999999,0.67,0.69,,,,
2026-01-06 02:21:15.324000+00:00,2026-01-06 02:21:15.322058+00:00,375.324,0.325,0.32,0.33,0.675,0.67,0.68,,,,
2026-01-06 02:21:15.773000+00:00,2026-01-06 02:21:15.817171+00:00,375.773,0.325,0.32,0.33,0.675,0.67,0.68,,,,
2026-01-06 02:21:16.366000+00:00,2026-01-06 02:21:16.343714+00:00,376.366,0.325,0.32,0.33,0.675,0.67,0.68,,,,
2026-01-06 02:21:16.850000+00:00,2026-01-06 02:21:16.839756+00:00,376.85,0.325,0.32,0.33,0.67,0.66,0.68,,,,
2026-01-06 02:21:17.360000+00:00,2026-01-06 02:21:17.340039+00:00,377.36,0.37,0.36,0.38,0.635,0.63,0.64,,,,
2026-01-06 02:21:17.895000+00:00,2026-01-06 02:21:17.882028+00:00,377.895,0.385,0.38,0.39,0.615,0.61,0.62,,,,
2026-01-06 02:21:18.326000+00:00,2026-01-06 02:21:18.333994+00:00,378.326,0.435,0.43,0.44,0.565,0.56,0.57,,,,
2026-01-06 02:21:18.928000+00:00,2026-01-06 02:21:18.889526+00:00,378.928,0.435,0.43,0.44,0.575,0.57,0.58,,,,
2026-01-06 02:21:19.373000+00:00,2026-01-06 02:21:19.350874+00:00,379.373,0.425,0.42,0.43,0.575,0.57,0.58,,,,
2026-01-06 02:21:19.883000+00:00,2026-01-06 02:21:19.896848+00:00,379.883,0.425,0.42,0.43,0.575,0.57,0.58,,,,
2026-01-06 02:21:20.470000+00:00,2026-01-06 02:21:20.444897+00:00,380.47,0.425,0.42,0.43,0.575,0.57,0.58,,,,
2026-01-06 02:21:20.913000+00:00,2026-01-06 02:21:20.905560+00:00,380.913,0.425,0.42,0.43,0.575,0.57,0.58,,,,
2026-01-06 02:21:21.408000+00:00,2026-01-06 02:21:21.443992+00:00,381.408,0.425,0.42,0.43,0.575,0.57,0.58,,,,
2026-01-06 02:21:21.970000+00:00,2026-01-06 02:21:21.953703+00:00,381.97,0.425,0.42,0.43,0.575,0.57,0.58,,,,
2026-01-06 02:21:22.592000+00:00,2026-01-06 02:21:22.568467+00:00,382.592,0.435,0.43,0.44,0.555,0.55,0.56,,,,
2026-01-06 02:21:22.941000+00:00,2026-01-06 02:21:22.955030+00:00,382.941,0.445,0.44,0.45,0.545,0.54,0.55,,,,
2026-01-06 02:21:23.600000+00:00,2026-01-06 02:21:23.572457+00:00,383.6,0.44,0.43,0.45,0.565,0.56,0.57,,,,
2026-01-06 02:21:23.989000+00:00,2026-01-06 02:21:23.969299+00:00,383.989,0.435,0.43,0.44,0.565,0.56,0.57,,,,
2026-01-06 02:21:24.978000+00:00,2026-01-06 02:21:24.968665+00:00,384.978,0.445,0.44,0.45,0.555,0.55,0.56,,,,
2026-01-06 02:21:24.610000+00:00,2026-01-06 02:21:24.576363+00:00,384.61,0.435,0.43,0.44,0.56,0.55,0.57,,,,
2026-01-06 02:21:26.051000+00:00,2026-01-06 02:21:26.025090+00:00,386.051,0.4649999999999999,0.46,0.47,0.535,0.53,0.54,,,,
2026-01-06 02:21:25.622000+00:00,2026-01-06 02:21:25.598630+00:00,385.622,0.445,0.44,0.45,0.56,0.55,0.57,,,,
2026-01-06 02:21:26.725000+00:00,2026-01-06 02:21:26.701488+00:00,386.725,0.4649999999999999,0.46,0.47,0.535,0.53,0.54,,,,
2026-01-06 02:21:27.046000+00:00,2026-01-06 02:21:27.023747+00:00,387.046,0.4649999999999999,0.46,0.47,0.535,0.53,0.54,,,,
2026-01-06 02:21:27.733000+00:00,2026-01-06 02:21:27.713294+00:00,387.733,0.4649999999999999,0.46,0.47,0.535,0.53,0.54,,,,
2026-01-06 02:21:28.051000+00:00,2026-01-06 02:21:28.037087+00:00,388.051,0.4649999999999999,0.46,0.47,0.535,0.53,0.54,,,,
2026-01-06 02:21:28.741000+00:00,2026-01-06 02:21:28.732153+00:00,388.741,0.45,0.44,0.46,0.545,0.54,0.55,,,,
2026-01-06 02:21:29.028000+00:00,2026-01-06 02:21:29.045552+00:00,389.028,0.455,0.45,0.46,0.545,0.54,0.55,,,,
2026-01-06 02:21:29.769000+00:00,2026-01-06 02:21:29.758081+00:00,389.769,0.445,0.44,0.45,0.555,0.55,0.56,,,,
2026-01-06 02:21:30.085000+00:00,2026-01-06 02:21:30.051800+00:00,390.085,0.445,0.44,0.45,0.555,0.55,0.56,,,,
2026-01-06 02:21:30.780000+00:00,2026-01-06 02:21:30.750690+00:00,390.78,0.445,0.44,0.45,0.555,0.55,0.56,,,,
2026-01-06 02:21:31.068000+00:00,2026-01-06 02:21:31.053246+00:00,391.068,0.445,0.44,0.45,0.555,0.55,0.56,,,,
2026-01-06 02:21:31.767000+00:00,2026-01-06 02:21:31.745530+00:00,391.767,0.445,0.44,0.45,0.555,0.55,0.56,,,,
2026-01-06 02:21:32.068000+00:00,2026-01-06 02:21:32.049452+00:00,392.068,0.445,0.44,0.45,0.555,0.55,0.56,,,,
2026-01-06 02:21:32.834000+00:00,2026-01-06 02:21:32.823699+00:00,392.834,0.435,0.43,0.44,0.565,0.56,0.57,,,,
2026-01-06 02:21:33.042000+00:00,2026-01-06 02:21:33.055595+00:00,393.042,0.435,0.43,0.44,0.565,0.56,0.57,,,,
2026-01-06 02:21:33.810000+00:00,2026-01-06 02:21:33.840246+00:00,393.81,0.45,0.44,0.46,0.545,0.54,0.55,,,,
2026-01-06 02:21:34.122000+00:00,2026-01-06 02:21:34.120834+00:00,394.122,0.455,0.45,0.46,0.545,0.54,0.55,,,,
2026-01-06 02:21:34.875000+00:00,2026-01-06 02:21:34.857199+00:00,394.875,0.455,0.45,0.46,0.545,0.54,0.55,,,,
2026-01-06 02:21:35.154000+00:00,2026-01-06 02:21:35.142843+00:00,395.154,0.45,0.44,0.46,0.545,0.54,0.55,,,,
2026-01-06 02:21:35.895000+00:00,2026-01-06 02:21:35.869234+00:00,395.895,0.455,0.45,0.46,0.545,0.54,0.55,,,,
2026-01-06 02:21:36.192000+00:00,2026-01-06 02:21:36.164230+00:00,396.192,0.455,0.45,0.46,0.545,0.54,0.55,,,,
2026-01-06 02:21:36.923000+00:00,2026-01-06 02:21:36.951528+00:00,396.923,0.45,0.44,0.46,0.555,0.55,0.56,,,,
2026-01-06 02:21:37.206000+00:00,2026-01-06 02:21:37.180505+00:00,397.206,0.445,0.44,0.45,0.55,0.54,0.56,,,,
2026-01-06 02:21:37.919000+00:00,2026-01-06 02:21:37.935722+00:00,397.919,0.455,0.45,0.46,0.545,0.54,0.55,,,,
2026-01-06 02:21:38.198000+00:00,2026-01-06 02:21:38.186579+00:00,398.198,0.455,0.45,0.46,0.545,0.54,0.55,,,,
2026-01-06 02:21:38.913000+00:00,2026-01-06 02:21:38.939456+00:00,398.913,0.445,0.44,0.45,0.56,0.55,0.57,,,,
2026-01-06 02:21:39.244000+00:00,2026-01-06 02:21:39.225411+00:00,399.244,0.44,0.43,0.45,0.56,0.55,0.57,,,,
2026-01-06 02:21:39.931000+00:00,2026-01-06 02:21:39.928379+00:00,399.931,0.44,0.43,0.45,0.56,0.55,0.57,,,,
2026-01-06 02:21:40.075000+00:00,2026-01-06 02:21:40.215336+00:00,400.075,0.44,0.43,0.45,0.56,0.55,0.57,,,,
2026-01-06 02:21:41.010000+00:00,2026-01-06 02:21:40.987749+00:00,401.01,0.44,0.43,0.45,0.56,0.55,0.57,,,,
2026-01-06 02:21:41.300000+00:00,2026-01-06 02:21:41.286630+00:00,401.3,0.44,0.43,0.45,0.56,0.55,0.57,,,,
2026-01-06 02:21:42.004000+00:00,2026-01-06 02:21:41.998409+00:00,402.004,0.435,0.43,0.44,0.565,0.56,0.57,,,,
2026-01-06 02:21:42.297000+00:00,2026-01-06 02:21:42.292417+00:00,402.297,0.435,0.43,0.44,0.56,0.55,0.57,,,,
2026-01-06 02:21:43.005000+00:00,2026-01-06 02:21:42.996170+00:00,403.005,0.44,0.43,0.45,0.56,0.55,0.57,,,,
2026-01-06 02:21:43.165000+00:00,2026-01-06 02:21:43.296688+00:00,403.165,0.44,0.43,0.45,0.56,0.55,0.57,,,,
2026-01-06 02:21:44.009000+00:00,2026-01-06 02:21:43.991016+00:00,404.009,0.44,0.43,0.45,0.56,0.55,0.57,,,,
2026-01-06 02:21:44.240000+00:00,2026-01-06 02:21:44.290447+00:00,404.24,0.44,0.43,0.45,0.56,0.55,0.57,,,,
2026-01-06 02:21:45.001000+00:00,2026-01-06 02:21:45.020876+00:00,405.001,0.44,0.43,0.45,0.56,0.55,0.57,,,,
2026-01-06 02:21:45.258000+00:00,2026-01-06 02:21:45.292554+00:00,405.258,0.44,0.43,0.45,0.56,0.55,0.57,,,,
2026-01-06 02:21:46.148000+00:00,2026-01-06 02:21:46.087219+00:00,406.148,0.455,0.45,0.46,0.545,0.54,0.55,,,,
2026-01-06 02:21:46.322000+00:00,2026-01-06 02:21:46.293786+00:00,406.322,0.455,0.45,0.46,0.535,0.53,0.54,,,,
2026-01-06 02:21:47.115000+00:00,2026-01-06 02:21:47.094796+00:00,407.115,0.475,0.47,0.48,0.525,0.52,0.53,,,,
2026-01-06 02:21:47.324000+00:00,2026-01-06 02:21:47.298814+00:00,407.324,0.475,0.47,0.48,0.535,0.53,0.54,,,,
2026-01-06 02:21:48.115000+00:00,2026-01-06 02:21:48.097530+00:00,408.115,0.4649999999999999,0.46,0.47,0.535,0.53,0.54,,,,
2026-01-06 02:21:48.279000+00:00,2026-01-06 02:21:48.306496+00:00,408.279,0.4649999999999999,0.46,0.47,0.535,0.53,0.54,,,,
2026-01-06 02:21:49.056000+00:00,2026-01-06 02:21:49.100713+00:00,409.056,0.4649999999999999,0.46,0.47,0.535,0.53,0.54,,,,
2026-01-06 02:21:49.344000+00:00,2026-01-06 02:21:49.316694+00:00,409.344,0.4649999999999999,0.46,0.47,0.535,0.53,0.54,,,,
2026-01-06 02:21:50.131000+00:00,2026-01-06 02:21:50.205135+00:00,410.131,0.4649999999999999,0.46,0.47,0.535,0.53,0.54,,,,
2026-01-06 02:21:50.336000+00:00,2026-01-06 02:21:50.314887+00:00,410.336,0.4649999999999999,0.46,0.47,0.535,0.53,0.54,,,,
2026-01-06 02:21:51.194000+00:00,2026-01-06 02:21:51.184638+00:00,411.194,0.47,0.46,0.48,0.53,0.52,0.54,,,,
2026-01-06 02:21:51.337000+00:00,2026-01-06 02:21:51.330345+00:00,411.337,0.47,0.46,0.48,0.53,0.52,0.54,,,,
2026-01-06 02:21:52.207000+00:00,2026-01-06 02:21:52.186218+00:00,412.207,0.475,0.47,0.48,0.525,0.52,0.53,,,,
2026-01-06 02:21:52.367000+00:00,2026-01-06 02:21:52.350529+00:00,412.367,0.475,0.47,0.48,0.525,0.52,0.53,,,,
2026-01-06 02:21:53.249000+00:00,2026-01-06 02:21:53.218487+00:00,413.249,0.485,0.48,0.49,0.525,0.52,0.53,,,,
2026-01-06 02:21:53.388000+00:00,2026-01-06 02:21:53.367706+00:00,413.388,0.48,0.47,0.49,0.52,0.51,0.53,,,,
2026-01-06 02:21:54.389000+00:00,2026-01-06 02:21:54.373394+00:00,414.389,0.475,0.47,0.48,0.515,0.51,0.52,,,,
2026-01-06 02:21:54.215000+00:00,2026-01-06 02:21:54.218334+00:00,414.215,0.475,0.47,0.48,0.525,0.52,0.53,,,,
2026-01-06 02:21:55.242000+00:00,2026-01-06 02:21:55.224382+00:00,415.242,0.485,0.48,0.49,0.515,0.51,0.52,,,,
2026-01-06 02:21:55.387000+00:00,2026-01-06 02:21:55.366083+00:00,415.387,0.485,0.48,0.49,0.515,0.51,0.52,,,,
2026-01-06 02:21:56.264000+00:00,2026-01-06 02:21:56.273925+00:00,416.264,0.485,0.48,0.49,0.515,0.51,0.52,,,,
2026-01-06 02:21:56.404000+00:00,2026-01-06 02:21:56.368793+00:00,416.404,0.485,0.48,0.49,0.515,0.51,0.52,,,,
2026-01-06 02:21:57.303000+00:00,2026-01-06 02:21:57.288727+00:00,417.303,0.485,0.48,0.49,0.515,0.51,0.52,,,,
2026-01-06 02:21:57.636000+00:00,2026-01-06 02:21:57.607943+00:00,417.636,0.485,0.48,0.49,0.515,0.51,0.52,,,,
2026-01-06 02:21:58.309000+00:00,2026-01-06 02:21:58.287005+00:00,418.309,0.485,0.48,0.49,0.515,0.51,0.52,,,,
2026-01-06 02:21:58.630000+00:00,2026-01-06 02:21:58.611604+00:00,418.63,0.485,0.48,0.49,0.515,0.51,0.52,,,,
2026-01-06 02:21:59.330000+00:00,2026-01-06 02:21:59.305160+00:00,419.33,0.495,0.49,0.5,0.505,0.5,0.51,,,,
2026-01-06 02:21:59.633000+00:00,2026-01-06 02:21:59.618053+00:00,419.633,0.495,0.49,0.5,0.505,0.5,0.51,,,,
2026-01-06 02:22:00.290000+00:00,2026-01-06 02:22:00.307749+00:00,420.29,0.495,0.49,0.5,0.505,0.5,0.51,,,,
2026-01-06 02:22:00.660000+00:00,2026-01-06 02:22:00.631787+00:00,420.66,0.495,0.49,0.5,0.505,0.5,0.51,,,,
2026-01-06 02:22:01.469000+00:00,2026-01-06 02:22:01.457197+00:00,421.469,0.445,0.44,0.45,0.555,0.55,0.56,,,,
2026-01-06 02:22:01.655000+00:00,2026-01-06 02:22:01.649471+00:00,421.655,0.445,0.44,0.45,0.555,0.55,0.56,,,,
2026-01-06 02:22:02.469000+00:00,2026-01-06 02:22:02.449984+00:00,422.469,0.4599999999999999,0.45,0.47,0.54,0.53,0.55,,,,
2026-01-06 02:22:02.659000+00:00,2026-01-06 02:22:02.664009+00:00,422.659,0.4599999999999999,0.45,0.47,0.54,0.53,0.55,,,,
2026-01-06 02:22:03.580000+00:00,2026-01-06 02:22:03.541356+00:00,423.58,0.4599999999999999,0.45,0.47,0.54,0.53,0.55,,,,
2026-01-06 02:22:03.667000+00:00,2026-01-06 02:22:03.676334+00:00,423.667,0.4599999999999999,0.45,0.47,0.54,0.53,0.55,,,,
2026-01-06 02:22:04.690000+00:00,2026-01-06 02:22:04.679251+00:00,424.69,0.4599999999999999,0.45,0.47,0.54,0.53,0.55,,,,
2026-01-06 02:22:04.487000+00:00,2026-01-06 02:22:04.545309+00:00,424.487,0.4599999999999999,0.45,0.47,0.54,0.53,0.55,,,,
2026-01-06 02:22:05.564000+00:00,2026-01-06 02:22:05.565561+00:00,425.564,0.4599999999999999,0.45,0.47,0.54,0.53,0.55,,,,
2026-01-06 02:22:05.780000+00:00,2026-01-06 02:22:05.738349+00:00,425.78,0.4599999999999999,0.45,0.47,0.54,0.53,0.55,,,,
2026-01-06 02:22:06.607000+00:00,2026-01-06 02:22:06.594830+00:00,426.607,0.4649999999999999,0.45,0.48,0.525,0.52,0.53,,,,
2026-01-06 02:22:06.809000+00:00,2026-01-06 02:22:06.790538+00:00,426.809,0.475,0.47,0.48,0.525,0.52,0.53,,,,
2026-01-06 02:22:07.592000+00:00,2026-01-06 02:22:07.595919+00:00,427.592,0.475,0.47,0.48,0.505,0.5,0.51,,,,
2026-01-06 02:22:07.824000+00:00,2026-01-06 02:22:07.800391+00:00,427.824,0.495,0.49,0.5,0.505,0.5,0.51,,,,
2026-01-06 02:22:08.626000+00:00,2026-01-06 02:22:08.612569+00:00,428.626,0.495,0.49,0.5,0.505,0.5,0.51,,,,
2026-01-06 02:22:08.827000+00:00,2026-01-06 02:22:08.803685+00:00,428.827,0.495,0.49,0.5,0.505,0.5,0.51,,,,
2026-01-06 02:22:09.627000+00:00,2026-01-06 02:22:09.606331+00:00,429.627,0.495,0.49,0.5,0.515,0.51,0.52,,,,
2026-01-06 02:22:09.849000+00:00,2026-01-06 02:22:09.815976+00:00,429.849,0.485,0.48,0.49,0.515,0.51,0.52,,,,
2026-01-06 02:22:10.586000+00:00,2026-01-06 02:22:10.592074+00:00,430.586,0.485,0.48,0.49,0.505,0.5,0.51,,,,
2026-01-06 02:22:10.786000+00:00,2026-01-06 02:22:10.819698+00:00,430.786,0.495,0.49,0.5,0.505,0.5,0.51,,,,
2026-01-06 02:22:11.790000+00:00,2026-01-06 02:22:11.768878+00:00,431.79,0.485,0.48,0.49,0.515,0.51,0.52,,,,
2026-01-06 02:22:11.891000+00:00,2026-01-06 02:22:11.879223+00:00,431.891,0.485,0.48,0.49,0.525,0.52,0.53,,,,
2026-01-06 02:22:12.785000+00:00,2026-01-06 02:22:12.769798+00:00,432.785,0.405,0.4,0.41,0.595,0.59,0.6,,,,
2026-01-06 02:22:12.904000+00:00,2026-01-06 02:22:12.883395+00:00,432.904,0.405,0.4,0.41,0.595,0.59,0.6,,,,
2026-01-06 02:22:13.831000+00:00,2026-01-06 02:22:13.821342+00:00,433.831,0.405,0.39,0.42,0.59,0.58,0.6,,,,
2026-01-06 02:22:13.917000+00:00,2026-01-06 02:22:13.896893+00:00,433.917,0.4,0.39,0.41,0.595,0.59,0.6,,,,
2026-01-06 02:22:14.859000+00:00,2026-01-06 02:22:14.820801+00:00,434.859,0.345,0.34,0.35,0.655,0.65,0.66,,,,
2026-01-06 02:22:14.901000+00:00,2026-01-06 02:22:14.916900+00:00,434.901,0.345,0.34,0.35,0.655,0.65,0.66,,,,
2026-01-06 02:22:15.858000+00:00,2026-01-06 02:22:15.841898+00:00,435.858,0.31,0.3,0.32,0.695,0.69,0.7,,,,
2026-01-06 02:22:15.960000+00:00,2026-01-06 02:22:15.923317+00:00,435.96,0.305,0.3,0.31,0.735,0.73,0.74,,,,
2026-01-06 02:22:16.854000+00:00,2026-01-06 02:22:16.836540+00:00,436.854,0.255,0.25,0.26,0.745,0.74,0.75,,,,
2026-01-06 02:22:16.941000+00:00,2026-01-06 02:22:16.924265+00:00,436.941,0.255,0.25,0.26,0.745,0.74,0.75,,,,
2026-01-06 02:22:17.872000+00:00,2026-01-06 02:22:17.844157+00:00,437.872,0.255,0.25,0.26,0.745,0.74,0.75,,,,
2026-01-06 02:22:17.963000+00:00,2026-01-06 02:22:17.937463+00:00,437.963,0.255,0.25,0.26,0.745,0.74,0.75,,,,
2026-01-06 02:22:19.089000+00:00,2026-01-06 02:22:19.086562+00:00,439.089,0.255,0.25,0.26,0.745,0.74,0.75,,,,
2026-01-06 02:22:19.051000+00:00,2026-01-06 02:22:19.070863+00:00,439.051,0.255,0.25,0.26,0.745,0.74,0.75,,,,
2026-01-06 02:22:20.073000+00:00,2026-01-06 02:22:20.086238+00:00,440.073,0.255,0.25,0.26,0.745,0.74,0.75,,,,
2026-01-06 02:22:20.073000+00:00,2026-01-06 02:22:20.077241+00:00,440.073,0.255,0.25,0.26,0.745,0.74,0.75,,,,
2026-01-06 02:22:21.050000+00:00,2026-01-06 02:22:21.079790+00:00,441.05,0.255,0.25,0.26,0.745,0.74,0.75,,,,
2026-01-06 02:22:21.121000+00:00,2026-01-06 02:22:21.095801+00:00,441.121,0.255,0.25,0.26,0.745,0.74,0.75,,,,
2026-01-06 02:22:22.056000+00:00,2026-01-06 02:22:22.090016+00:00,442.056,0.255,0.25,0.26,0.745,0.74,0.75,,,,
2026-01-06 02:22:22.056000+00:00,2026-01-06 02:22:22.106009+00:00,442.056,0.255,0.25,0.26,0.745,0.74,0.75,,,,
2026-01-06 02:22:23.121000+00:00,2026-01-06 02:22:23.105192+00:00,443.121,0.245,0.24,0.25,0.755,0.75,0.76,,,,
2026-01-06 02:22:23.121000+00:00,2026-01-06 02:22:23.105192+00:00,443.121,0.245,0.24,0.25,0.755,0.75,0.76,,,,
2026-01-06 02:22:24.121000+00:00,2026-01-06 02:22:24.128490+00:00,444.121,0.235,0.23,0.24,0.765,0.76,0.77,,,,
2026-01-06 02:22:24.121000+00:00,2026-01-06 02:22:24.105672+00:00,444.121,0.235,0.23,0.24,0.765,0.76,0.77,,,,
2026-01-06 02:22:25.146000+00:00,2026-01-06 02:22:25.125940+00:00,445.146,0.24,0.23,0.25,0.765,0.76,0.77,,,,
2026-01-06 02:22:25.181000+00:00,2026-01-06 02:22:25.156817+00:00,445.181,0.24,0.23,0.25,0.765,0.76,0.77,,,,
2026-01-06 02:22:26.152000+00:00,2026-01-06 02:22:26.140919+00:00,446.152,0.235,0.23,0.24,0.765,0.76,0.77,,,,
2026-01-06 02:22:26.189000+00:00,2026-01-06 02:22:26.171493+00:00,446.189,0.235,0.23,0.24,0.765,0.76,0.77,,,,
2026-01-06 02:22:27.200000+00:00,2026-01-06 02:22:27.177302+00:00,447.2,0.235,0.23,0.24,0.765,0.76,0.77,,,,
2026-01-06 02:22:27.120000+00:00,2026-01-06 02:22:27.160906+00:00,447.12,0.235,0.23,0.24,0.765,0.76,0.77,,,,
2026-01-06 02:22:28.299000+00:00,2026-01-06 02:22:28.306253+00:00,448.299,0.235,0.23,0.24,0.765,0.76,0.77,,,,
2026-01-06 02:22:28.299000+00:00,2026-01-06 02:22:28.316954+00:00,448.299,0.235,0.23,0.24,0.765,0.76,0.77,,,,
2026-01-06 02:22:29.321000+00:00,2026-01-06 02:22:29.303338+00:00,449.321,0.2299999999999999,0.22,0.24,0.77,0.76,0.78,,,,
2026-01-06 02:22:29.321000+00:00,2026-01-06 02:22:29.323340+00:00,449.321,0.2299999999999999,0.22,0.24,0.77,0.76,0.78,,,,
2026-01-06 02:22:30.292000+00:00,2026-01-06 02:22:30.297308+00:00,450.292,0.235,0.23,0.24,0.765,0.76,0.77,,,,
2026-01-06 02:22:30.340000+00:00,2026-01-06 02:22:30.331674+00:00,450.34,0.235,0.23,0.24,0.765,0.76,0.77,,,,
2026-01-06 02:22:31.379000+00:00,2026-01-06 02:22:31.548215+00:00,451.379,0.235,0.23,0.24,0.765,0.76,0.77,,,,
2026-01-06 02:22:31.176000+00:00,2026-01-06 02:22:31.338913+00:00,451.176,0.235,0.23,0.24,0.765,0.76,0.77,,,,
2026-01-06 02:22:32.346000+00:00,2026-01-06 02:22:32.346991+00:00,452.346,0.245,0.24,0.25,0.755,0.75,0.76,,,,
2026-01-06 02:22:32.573000+00:00,2026-01-06 02:22:32.556280+00:00,452.573,0.245,0.24,0.25,0.755,0.75,0.76,,,,
2026-01-06 02:22:33.418000+00:00,2026-01-06 02:22:33.403321+00:00,453.418,0.245,0.24,0.25,0.745,0.74,0.75,,,,
2026-01-06 02:22:33.537000+00:00,2026-01-06 02:22:33.562297+00:00,453.537,0.245,0.24,0.25,0.745,0.74,0.75,,,,
2026-01-06 02:22:34.443000+00:00,2026-01-06 02:22:34.424610+00:00,454.443,0.255,0.25,0.26,0.75,0.74,0.76,,,,
2026-01-06 02:22:34.604000+00:00,2026-01-06 02:22:34.578554+00:00,454.604,0.25,0.24,0.26,0.75,0.74,0.76,,,,
2026-01-06 02:22:35.486000+00:00,2026-01-06 02:22:35.452569+00:00,455.486,0.275,0.26,0.29,0.71,0.69,0.73,,,,
2026-01-06 02:22:35.558000+00:00,2026-01-06 02:22:35.573742+00:00,455.558,0.275,0.26,0.29,0.685,0.68,0.69,,,,
2026-01-06 02:22:36.603000+00:00,2026-01-06 02:22:36.577127+00:00,456.603,0.345,0.34,0.35,0.665,0.66,0.67,,,,
2026-01-06 02:22:36.437000+00:00,2026-01-06 02:22:36.450884+00:00,456.437,0.345,0.34,0.35,0.665,0.66,0.67,,,,
2026-01-06 02:22:37.616000+00:00,2026-01-06 02:22:37.618837+00:00,457.616,0.325,0.32,0.33,0.675,0.67,0.68,,,,
2026-01-06 02:22:37.470000+00:00,2026-01-06 02:22:37.449230+00:00,457.47,0.325,0.32,0.33,0.675,0.67,0.68,,,,
2026-01-06 02:22:38.417000+00:00,2026-01-06 02:22:38.436172+00:00,458.417,0.325,0.32,0.33,0.675,0.67,0.68,,,,
2026-01-06 02:22:38.599000+00:00,2026-01-06 02:22:38.619442+00:00,458.599,0.325,0.32,0.33,0.675,0.67,0.68,,,,
2026-01-06 02:22:39.534000+00:00,2026-01-06 02:22:39.497331+00:00,459.534,0.325,0.32,0.33,0.675,0.67,0.68,,,,
2026-01-06 02:22:39.567000+00:00,2026-01-06 02:22:39.635277+00:00,459.567,0.325,0.32,0.33,0.675,0.67,0.68,,,,
2026-01-06 02:22:40.645000+00:00,2026-01-06 02:22:40.647410+00:00,460.645,0.325,0.32,0.33,0.675,0.67,0.68,,,,
2026-01-06 02:22:40.538000+00:00,2026-01-06 02:22:40.533895+00:00,460.538,0.325,0.32,0.33,0.675,0.67,0.68,,,,
2026-01-06 02:22:41.669000+00:00,2026-01-06 02:22:41.625776+00:00,461.669,0.345,0.34,0.35,0.655,0.65,0.66,,,,
2026-01-06 02:22:41.644000+00:00,2026-01-06 02:22:41.621772+00:00,461.644,0.345,0.34,0.35,0.655,0.65,0.66,,,,
2026-01-06 02:22:42.828000+00:00,2026-01-06 02:22:42.719214+00:00,462.828,0.345,0.34,0.35,0.655,0.65,0.66,,,,
2026-01-06 02:22:42.732000+00:00,2026-01-06 02:22:42.716209+00:00,462.732,0.345,0.34,0.35,0.655,0.65,0.66,,,,
2026-01-06 02:22:43.722000+00:00,2026-01-06 02:22:43.713411+00:00,463.722,0.335,0.33,0.34,0.665,0.66,0.67,,,,
2026-01-06 02:22:43.743000+00:00,2026-01-06 02:22:43.728418+00:00,463.743,0.335,0.33,0.34,0.665,0.66,0.67,,,,
2026-01-06 02:22:44.738000+00:00,2026-01-06 02:22:44.730946+00:00,464.738,0.335,0.33,0.34,0.665,0.66,0.67,,,,
2026-01-06 02:22:44.837000+00:00,2026-01-06 02:22:44.808524+00:00,464.837,0.3399999999999999,0.33,0.35,0.665,0.66,0.67,,,,
2026-01-06 02:22:45.773000+00:00,2026-01-06 02:22:45.738293+00:00,465.773,0.335,0.33,0.34,0.665,0.66,0.67,,,,
2026-01-06 02:22:45.807000+00:00,2026-01-06 02:22:45.805739+00:00,465.807,0.335,0.33,0.34,0.665,0.66,0.67,,,,
2026-01-06 02:22:46.753000+00:00,2026-01-06 02:22:46.767898+00:00,466.753,0.335,0.33,0.34,0.665,0.66,0.67,,,,
2026-01-06 02:22:46.837000+00:00,2026-01-06 02:22:46.817988+00:00,466.837,0.335,0.33,0.34,0.665,0.66,0.67,,,,
2026-01-06 02:22:47.797000+00:00,2026-01-06 02:22:47.773435+00:00,467.797,0.335,0.33,0.34,0.655,0.65,0.66,,,,
2026-01-06 02:22:47.839000+00:00,2026-01-06 02:22:47.814377+00:00,467.839,0.335,0.33,0.34,0.65,0.64,0.66,,,,
2026-01-06 02:22:48.793000+00:00,2026-01-06 02:22:48.781143+00:00,468.793,0.365,0.36,0.37,0.635,0.63,0.64,,,,
2026-01-06 02:22:48.852000+00:00,2026-01-06 02:22:48.813397+00:00,468.852,0.365,0.36,0.37,0.635,0.63,0.64,,,,
2026-01-06 02:22:49.815000+00:00,2026-01-06 02:22:49.771482+00:00,469.815,0.345,0.34,0.35,0.655,0.65,0.66,,,,
2026-01-06 02:22:49.831000+00:00,2026-01-06 02:22:49.819498+00:00,469.831,0.345,0.34,0.35,0.655,0.65,0.66,,,,
2026-01-06 02:22:50.768000+00:00,2026-01-06 02:22:50.788699+00:00,470.768,0.35,0.34,0.36,0.65,0.64,0.66,,,,
2026-01-06 02:22:50.878000+00:00,2026-01-06 02:22:50.887519+00:00,470.878,0.35,0.34,0.36,0.65,0.64,0.66,,,,
2026-01-06 02:22:51.815000+00:00,2026-01-06 02:22:51.802179+00:00,471.815,0.35,0.34,0.36,0.645,0.64,0.65,,,,
2026-01-06 02:22:51.993000+00:00,2026-01-06 02:22:51.890758+00:00,471.993,0.355,0.35,0.36,0.645,0.64,0.65,,,,
2026-01-06 02:22:52.825000+00:00,2026-01-06 02:22:52.812637+00:00,472.825,0.385,0.38,0.39,0.615,0.61,0.62,,,,
2026-01-06 02:22:52.918000+00:00,2026-01-06 02:22:52.890812+00:00,472.918,0.375,0.37,0.38,0.615,0.61,0.62,,,,
2026-01-06 02:22:53.843000+00:00,2026-01-06 02:22:53.810380+00:00,473.843,0.33,0.32,0.34,0.67,0.66,0.68,,,,
