source_timestamp,received_timestamp,data_timestamp_raw,asset,mid,bid,ask,source,is_observed
2026-01-07T03:02:43+00:00,2026-01-07T03:03:48.367542+00:00,,ETH,26854659750,,,dom,1
2026-01-07T03:02:44+00:00,2026-01-07T03:03:48.973596+00:00,,ETH,26854659750,,,dom,1
2026-01-07T03:02:45+00:00,2026-01-07T03:03:49.993312+00:00,,ETH,26854659750,,,dom,1
2026-01-07T03:02:46+00:00,2026-01-07T03:03:50.980394+00:00,,ETH,26854659750,,,dom,1
2026-01-07T03:02:47+00:00,2026-01-07T03:03:51.990823+00:00,,ETH,26854659750,,,dom,1
2026-01-07T03:02:48+00:00,2026-01-07T03:03:53.498914+00:00,,ETH,26854659750,,,dom,1
2026-01-07T03:02:49+00:00,2026-01-07T03:03:55.629795+00:00,,ETH,26854659750,,,dom,1
2026-01-07T03:02:50+00:00,2026-01-07T03:03:55.648015+00:00,,ETH,26854659750,,,dom,1
2026-01-07T03:02:51+00:00,2026-01-07T03:03:56.654723+00:00,,ETH,26854659750,,,dom,1
2026-01-07T03:02:52+00:00,2026-01-07T03:03:57.668084+00:00,,ETH,26854659750,,,dom,1
2026-01-07T03:02:53+00:00,2026-01-07T03:03:58.678864+00:00,,ETH,26854659750,,,dom,1
2026-01-07T03:02:54+00:00,2026-01-07T03:03:59.738371+00:00,,ETH,26854659750,,,dom,1
2026-01-07T03:02:55+00:00,2026-01-07T03:04:00.728285+00:00,,ETH,26854659750,,,dom,1
2026-01-07T03:02:56+00:00,2026-01-07T03:04:01.750278+00:00,,ETH,26854659750,,,dom,1
2026-01-07T03:02:57+00:00,2026-01-07T03:04:02.767549+00:00,,ETH,26854659750,,,dom,1
2026-01-07T03:02:58+00:00,2026-01-07T03:04:03.766770+00:00,,ETH,26854659750,,,dom,1
2026-01-07T03:02:59+00:00,2026-01-07T03:04:05.004154+00:00,,ETH,26854659750,,,dom,1
2026-01-07T03:03:00+00:00,2026-01-07T03:04:06.890945+00:00,,ETH,26854659750,,,dom,1
2026-01-07T03:03:01+00:00,2026-01-07T03:04:07.150914+00:00,,ETH,26854659750,,,dom,1
2026-01-07T03:03:02+00:00,2026-01-07T03:04:08.197068+00:00,,ETH,26854659750,,,dom,1
2026-01-07T03:03:03+00:00,2026-01-07T03:04:09.241731+00:00,,ETH,26854659750,,,dom,1
2026-01-07T03:03:04+00:00,2026-01-07T03:04:10.218659+00:00,,ETH,26854659750,,,dom,1
2026-01-07T03:03:05+00:00,2026-01-07T03:04:11.748357+00:00,,ETH,26854659750,,,dom,1
2026-01-07T03:03:06+00:00,2026-01-07T03:04:13.066740+00:00,,ETH,26854659750,,,dom,1
2026-01-07T03:03:07+00:00,2026-01-07T03:04:14.103229+00:00,,ETH,26854659750,,,dom,1
2026-01-07T03:03:08+00:00,2026-01-07T03:04:15.061025+00:00,,ETH,26854659750,,,dom,1
2026-01-07T03:03:09+00:00,2026-01-07T03:04:16.076066+00:00,,ETH,26854659750,,,dom,1
2026-01-07T03:03:10+00:00,2026-01-07T03:04:17.070903+00:00,,ETH,26854659750,,,dom,1
2026-01-07T03:03:11+00:00,2026-01-07T03:04:18.066364+00:00,,ETH,26854659750,,,dom,1
2026-01-07T03:03:12+00:00,2026-01-07T03:04:19.074637+00:00,,ETH,26854659750,,,dom,1
2026-01-07T03:03:13+00:00,2026-01-07T03:04:20.073241+00:00,,ETH,26854659750,,,dom,1
2026-01-07T03:03:14+00:00,2026-01-07T03:04:21.129119+00:00,,ETH,26854659750,,,dom,1
2026-01-07T03:03:15+00:00,2026-01-07T03:04:22.128090+00:00,,ETH,26854659750,,,dom,1
2026-01-07T03:03:16+00:00,2026-01-07T03:04:23.127208+00:00,,ETH,26854659750,,,dom,1
2026-01-07T03:03:17+00:00,2026-01-07T03:04:24.146068+00:00,,ETH,26854659750,,,dom,1
2026-01-07T03:03:18+00:00,2026-01-07T03:04:25.202138+00:00,,ETH,26854659750,,,dom,1
2026-01-07T03:03:19+00:00,2026-01-07T03:04:26.174057+00:00,,ETH,26854659750,,,dom,1
2026-01-07T03:03:20+00:00,2026-01-07T03:04:27.177287+00:00,,ETH,26854659750,,,dom,1
2026-01-07T03:03:21+00:00,2026-01-07T03:04:28.177887+00:00,,ETH,26854659750,,,dom,1
2026-01-07T03:03:22+00:00,2026-01-07T03:04:29.195510+00:00,,ETH,26854659750,,,dom,1
2026-01-07T03:03:23+00:00,2026-01-07T03:04:30.200899+00:00,,ETH,26854659750,,,dom,1
2026-01-07T03:03:24+00:00,2026-01-07T03:04:31.211029+00:00,,ETH,26854659750,,,dom,1
2026-01-07T03:03:25+00:00,2026-01-07T03:04:32.292443+00:00,,ETH,26854659750,,,dom,1
2026-01-07T03:03:26+00:00,2026-01-07T03:04:33.261833+00:00,,ETH,26854659750,,,dom,1
2026-01-07T03:03:27+00:00,2026-01-07T03:04:34.262848+00:00,,ETH,26854659750,,,dom,1
2026-01-07T03:03:28+00:00,2026-01-07T03:04:35.302962+00:00,,ETH,26854659750,,,dom,1
2026-01-07T03:03:29+00:00,2026-01-07T03:04:36.345967+00:00,,ETH,26854659750,,,dom,1
2026-01-07T03:03:30+00:00,2026-01-07T03:04:37.378363+00:00,,ETH,26854659750,,,dom,1
2026-01-07T03:03:31+00:00,2026-01-07T03:04:38.459366+00:00,,ETH,26854659750,,,dom,1
2026-01-07T03:03:32+00:00,2026-01-07T03:04:41.209960+00:00,,ETH,26854659750,,,dom,1
2026-01-07T03:03:33+00:00,2026-01-07T03:04:41.788318+00:00,,ETH,26854659750,,,dom,1
2026-01-07T03:03:34+00:00,2026-01-07T03:04:42.617441+00:00,,ETH,26854659750,,,dom,1
2026-01-07T03:03:35+00:00,2026-01-07T03:04:43.843534+00:00,,ETH,26854659750,,,dom,1
2026-01-07T03:03:36+00:00,2026-01-07T03:04:44.609237+00:00,,ETH,26854659750,,,dom,1
2026-01-07T03:03:37+00:00,2026-01-07T03:04:45.709882+00:00,,ETH,26854659750,,,dom,1
2026-01-07T03:03:38+00:00,2026-01-07T03:04:46.755824+00:00,,ETH,26854659750,,,dom,1
2026-01-07T03:03:39+00:00,2026-01-07T03:04:47.722284+00:00,,ETH,26854659750,,,dom,1
2026-01-07T03:03:40+00:00,2026-01-07T03:04:48.721513+00:00,,ETH,26854659750,,,dom,1
2026-01-07T03:03:41+00:00,2026-01-07T03:04:49.714985+00:00,,ETH,26854659750,,,dom,1
2026-01-07T03:03:42+00:00,2026-01-07T03:04:50.750368+00:00,,ETH,26854659750,,,dom,1
2026-01-07T03:03:43+00:00,2026-01-07T03:04:51.752401+00:00,,ETH,26854659750,,,dom,1
2026-01-07T03:03:44+00:00,2026-01-07T03:04:52.748776+00:00,,ETH,26854659750,,,dom,1
2026-01-07T03:03:45+00:00,2026-01-07T03:04:53.824326+00:00,,ETH,26854659750,,,dom,1
2026-01-07T03:03:46+00:00,2026-01-07T03:04:54.777435+00:00,,ETH,26854659750,,,dom,1
2026-01-07T03:03:47+00:00,2026-01-07T03:04:55.838818+00:00,,ETH,26854659750,,,dom,1
2026-01-07T03:03:48+00:00,2026-01-07T03:04:56.865790+00:00,,ETH,26854659750,,,dom,1
2026-01-07T03:03:49+00:00,2026-01-07T03:04:57.901346+00:00,,ETH,26854659750,,,dom,1
2026-01-07T03:03:50+00:00,2026-01-07T03:04:58.873456+00:00,,ETH,26854659750,,,dom,1
2026-01-07T03:03:51+00:00,2026-01-07T03:04:59.900264+00:00,,ETH,26854659750,,,dom,1
2026-01-07T03:11:37+00:00,2026-01-07T03:12:42.094240+00:00,,ETH,26854659750,,,dom,1
2026-01-07T03:11:38+00:00,2026-01-07T03:12:43.107566+00:00,,ETH,26854659750,,,dom,1
2026-01-07T03:11:39+00:00,2026-01-07T03:12:44.262043+00:00,,ETH,26854659750,,,dom,1
2026-01-07T03:11:40+00:00,2026-01-07T03:12:45.261538+00:00,,ETH,26854659750,,,dom,1
2026-01-07T03:11:41+00:00,2026-01-07T03:12:46.271942+00:00,,ETH,26854659750,,,dom,1
2026-01-07T03:11:42+00:00,2026-01-07T03:12:47.312687+00:00,,ETH,26854659750,,,dom,1
2026-01-07T03:11:43+00:00,2026-01-07T03:12:48.289701+00:00,,ETH,26854659750,,,dom,1
2026-01-07T03:11:44+00:00,2026-01-07T03:12:49.298587+00:00,,ETH,26854659750,,,dom,1
2026-01-07T03:11:45+00:00,2026-01-07T03:12:50.305964+00:00,,ETH,26854659750,,,dom,1
2026-01-07T03:11:46+00:00,2026-01-07T03:12:51.331380+00:00,,ETH,26854659750,,,dom,1
2026-01-07T03:11:47+00:00,2026-01-07T03:12:52.319926+00:00,,ETH,26854659750,,,dom,1
2026-01-07T03:11:48+00:00,2026-01-07T03:12:53.329764+00:00,,ETH,26854659750,,,dom,1
2026-01-07T03:11:49+00:00,2026-01-07T03:12:54.325509+00:00,,ETH,26854659750,,,dom,1
2026-01-07T03:11:50+00:00,2026-01-07T03:12:55.378683+00:00,,ETH,26854659750,,,dom,1
2026-01-07T03:11:51+00:00,2026-01-07T03:12:56.349327+00:00,,ETH,26854659750,,,dom,1
2026-01-07T03:11:52+00:00,2026-01-07T03:12:57.349989+00:00,,ETH,26854659750,,,dom,1
2026-01-07T03:11:53+00:00,2026-01-07T03:12:58.353306+00:00,,ETH,26854659750,,,dom,1
2026-01-07T03:11:54+00:00,2026-01-07T03:12:59.346705+00:00,,ETH,26854659750,,,dom,1
2026-01-07T03:11:55+00:00,2026-01-07T03:13:00.364088+00:00,,ETH,26854659750,,,dom,1
2026-01-07T03:11:56+00:00,2026-01-07T03:13:01.361724+00:00,,ETH,26854659750,,,dom,1
2026-01-07T03:11:57+00:00,2026-01-07T03:13:02.368838+00:00,,ETH,26854659750,,,dom,1
2026-01-07T03:11:58+00:00,2026-01-07T03:13:03.370030+00:00,,ETH,26854659750,,,dom,1
2026-01-07T03:11:59+00:00,2026-01-07T03:13:04.364405+00:00,,ETH,26854659750,,,dom,1
2026-01-07T03:12:00+00:00,2026-01-07T03:13:05.368596+00:00,,ETH,26854659750,,,dom,1
2026-01-07T03:12:01+00:00,2026-01-07T03:13:06.365103+00:00,,ETH,26854659750,,,dom,1
2026-01-07T03:12:02+00:00,2026-01-07T03:13:07.404591+00:00,,ETH,26854659750,,,dom,1
2026-01-07T03:12:03+00:00,2026-01-07T03:13:08.421097+00:00,,ETH,26854659750,,,dom,1
2026-01-07T03:12:04+00:00,2026-01-07T03:13:09.429222+00:00,,ETH,26854659750,,,dom,1
2026-01-07T03:12:05+00:00,2026-01-07T03:13:10.431611+00:00,,ETH,26854659750,,,dom,1
2026-01-07T03:12:06+00:00,2026-01-07T03:13:11.412387+00:00,,ETH,26854659750,,,dom,1
2026-01-07T03:12:07+00:00,2026-01-07T03:13:12.412183+00:00,,ETH,26854659750,,,dom,1
2026-01-07T03:12:08+00:00,2026-01-07T03:13:13.413964+00:00,,ETH,26854659750,,,dom,1
2026-01-07T03:12:09+00:00,2026-01-07T03:13:14.424910+00:00,,ETH,26854659750,,,dom,1
2026-01-07T03:12:10+00:00,2026-01-07T03:13:15.433038+00:00,,ETH,26854659750,,,dom,1
2026-01-07T03:12:11+00:00,2026-01-07T03:13:16.440156+00:00,,ETH,26854659750,,,dom,1
2026-01-07T03:12:12+00:00,2026-01-07T03:13:17.438094+00:00,,ETH,26854659750,,,dom,1
2026-01-07T03:12:13+00:00,2026-01-07T03:13:18.448327+00:00,,ETH,26854659750,,,dom,1
2026-01-07T03:12:14+00:00,2026-01-07T03:13:19.439233+00:00,,ETH,26854659750,,,dom,1
2026-01-07T03:12:15+00:00,2026-01-07T03:13:20.461409+00:00,,ETH,26854659750,,,dom,1
2026-01-07T03:12:16+00:00,2026-01-07T03:13:21.453055+00:00,,ETH,26854659750,,,dom,1
2026-01-07T03:12:17+00:00,2026-01-07T03:13:22.480174+00:00,,ETH,26854659750,,,dom,1
2026-01-07T03:12:18+00:00,2026-01-07T03:13:23.485096+00:00,,ETH,26854659750,,,dom,1
2026-01-07T03:12:19+00:00,2026-01-07T03:13:24.511917+00:00,,ETH,26854659750,,,dom,1
2026-01-07T03:12:20+00:00,2026-01-07T03:13:25.492657+00:00,,ETH,26854659750,,,dom,1
2026-01-07T03:12:21+00:00,2026-01-07T03:13:26.497513+00:00,,ETH,26854659750,,,dom,1
2026-01-07T03:12:22+00:00,2026-01-07T03:13:27.510064+00:00,,ETH,26854659750,,,dom,1
2026-01-07T03:12:23+00:00,2026-01-07T03:13:28.507377+00:00,,ETH,26854659750,,,dom,1
2026-01-07T03:12:24+00:00,2026-01-07T03:13:29.526600+00:00,,ETH,26854659750,,,dom,1
2026-01-07T03:12:25+00:00,2026-01-07T03:13:30.520148+00:00,,ETH,26854659750,,,dom,1
2026-01-07T03:12:26+00:00,2026-01-07T03:13:31.620656+00:00,,ETH,26854659750,,,dom,1
2026-01-07T03:12:27+00:00,2026-01-07T03:13:32.557308+00:00,,ETH,26854659750,,,dom,1
2026-01-07T03:12:28+00:00,2026-01-07T03:13:33.601534+00:00,,ETH,26854659750,,,dom,1
2026-01-07T03:12:29+00:00,2026-01-07T03:13:34.575565+00:00,,ETH,26854659750,,,dom,1
2026-01-07T03:12:30+00:00,2026-01-07T03:13:35.585850+00:00,,ETH,26854659750,,,dom,1
2026-01-07T03:12:31+00:00,2026-01-07T03:13:36.593559+00:00,,ETH,26854659750,,,dom,1
2026-01-07T03:12:32+00:00,2026-01-07T03:13:37.644585+00:00,,ETH,26854659750,,,dom,1
2026-01-07T03:12:33+00:00,2026-01-07T03:13:38.607416+00:00,,ETH,26854659750,,,dom,1
2026-01-07T03:12:34+00:00,2026-01-07T03:13:39.624319+00:00,,ETH,26854659750,,,dom,1
2026-01-07T03:12:35+00:00,2026-01-07T03:13:40.678670+00:00,,ETH,26854659750,,,dom,1
2026-01-07T03:12:36+00:00,2026-01-07T03:13:41.656455+00:00,,ETH,26854659750,,,dom,1
2026-01-07T03:12:37+00:00,2026-01-07T03:13:42.668276+00:00,,ETH,26854659750,,,dom,1
2026-01-07T03:12:38+00:00,2026-01-07T03:13:43.684472+00:00,,ETH,26854659750,,,dom,1
2026-01-07T03:12:39+00:00,2026-01-07T03:13:44.722210+00:00,,ETH,26854659750,,,dom,1
2026-01-07T03:12:40+00:00,2026-01-07T03:13:45.693406+00:00,,ETH,26854659750,,,dom,1
2026-01-07T03:12:41+00:00,2026-01-07T03:13:46.744510+00:00,,ETH,26854659750,,,dom,1
2026-01-07T03:12:42+00:00,2026-01-07T03:13:47.739753+00:00,,ETH,26854659750,,,dom,1
2026-01-07T03:12:43+00:00,2026-01-07T03:13:48.743163+00:00,,ETH,26854659750,,,dom,1
2026-01-07T03:12:44+00:00,2026-01-07T03:13:49.740730+00:00,,ETH,26854659750,,,dom,1
2026-01-07T03:12:45+00:00,2026-01-07T03:13:50.737989+00:00,,ETH,26854659750,,,dom,1
2026-01-07T03:12:46+00:00,2026-01-07T03:13:51.768112+00:00,,ETH,26854659750,,,dom,1
2026-01-07T03:12:47+00:00,2026-01-07T03:13:52.793456+00:00,,ETH,26854659750,,,dom,1
2026-01-07T03:12:48+00:00,2026-01-07T03:13:53.807735+00:00,,ETH,26854659750,,,dom,1
2026-01-07T03:12:49+00:00,2026-01-07T03:13:54.828568+00:00,,ETH,26854659750,,,dom,1
2026-01-07T03:12:53+00:00,2026-01-07T03:13:55.872732+00:00,03:12:53,ETH,3271.081,3271.04,3271.28,dom,1
2026-01-07T03:12:54+00:00,2026-01-07T03:13:56.870138+00:00,03:12:53,ETH,3271.081,3271.05,3271.22,dom,1
2026-01-07T03:12:55+00:00,2026-01-07T03:13:57.874372+00:00,03:12:53,ETH,3270.831,3270.79,3270.96,dom,1
2026-01-07T03:12:56+00:00,2026-01-07T03:13:58.878764+00:00,03:12:53,ETH,3270.521,3270.48,3270.71,dom,1
2026-01-07T03:12:57+00:00,2026-01-07T03:13:59.887520+00:00,03:12:53,ETH,3270.361,3270.34,3270.6,dom,1
2026-01-07T03:12:58+00:00,2026-01-07T03:14:00.902958+00:00,03:12:53,ETH,3270.251,3270.25,3270.53,dom,1
2026-01-07T03:12:59+00:00,2026-01-07T03:14:01.934810+00:00,03:12:53,ETH,3270.221,3270.21,3270.5,dom,1
2026-01-07T03:13:00+00:00,2026-01-07T03:14:02.939953+00:00,03:12:53,ETH,3270.451,3270.24,3270.61,dom,1
2026-01-07T03:13:01+00:00,2026-01-07T03:14:03.956777+00:00,03:12:53,ETH,3270.891,3270.65,3270.93,dom,1
2026-01-07T03:13:02+00:00,2026-01-07T03:14:04.968337+00:00,03:12:53,ETH,3271.091,3270.99,3271.16,dom,1
2026-01-07T03:13:03+00:00,2026-01-07T03:14:05.973804+00:00,03:12:53,ETH,3271.121,3270.99,3271.2,dom,1
2026-01-07T03:13:04+00:00,2026-01-07T03:14:07.004841+00:00,03:12:53,ETH,3271.091,3270.99,3271.16,dom,1
2026-01-07T03:13:05+00:00,2026-01-07T03:14:07.986205+00:00,03:12:53,ETH,3271.091,3270.98,3271.16,dom,1
2026-01-07T03:13:06+00:00,2026-01-07T03:14:09.004725+00:00,03:12:53,ETH,3271.101,3270.97,3271.2,dom,1
2026-01-07T03:13:07+00:00,2026-01-07T03:14:10.021375+00:00,03:12:53,ETH,3271.091,3270.98,3271.18,dom,1
2026-01-07T03:13:08+00:00,2026-01-07T03:14:11.035684+00:00,03:12:53,ETH,3271.101,3270.99,3271.14,dom,1
2026-01-07T03:13:09+00:00,2026-01-07T03:14:12.058767+00:00,03:12:53,ETH,3271.071,3270.98,3271.12,dom,1
2026-01-07T03:13:10+00:00,2026-01-07T03:14:13.056306+00:00,03:12:53,ETH,3270.971,3270.92,3271,dom,1
2026-01-07T03:13:11+00:00,2026-01-07T03:14:14.103261+00:00,03:12:53,ETH,3270.891,3270.88,3270.94,dom,1
2026-01-07T03:13:12+00:00,2026-01-07T03:14:15.103618+00:00,03:12:53,ETH,3270.911,3270.88,3271.01,dom,1
2026-01-07T03:13:13+00:00,2026-01-07T03:14:16.112152+00:00,03:12:53,ETH,3270.941,3270.89,3271.04,dom,1
2026-01-07T03:13:14+00:00,2026-01-07T03:14:17.134929+00:00,03:12:53,ETH,3270.941,3270.89,3271.04,dom,1
2026-01-07T03:13:15+00:00,2026-01-07T03:14:18.211531+00:00,03:12:53,ETH,3270.971,3270.91,3271.06,dom,1
2026-01-07T03:13:16+00:00,2026-01-07T03:14:19.152770+00:00,03:12:53,ETH,3271.011,3270.96,3271.09,dom,1
2026-01-07T03:13:17+00:00,2026-01-07T03:14:20.161529+00:00,03:12:53,ETH,3271.031,3270.99,3271.09,dom,1
2026-01-07T03:13:18+00:00,2026-01-07T03:14:21.156609+00:00,03:12:53,ETH,3271.071,3271.02,3271.14,dom,1
2026-01-07T03:13:19+00:00,2026-01-07T03:14:22.170855+00:00,03:12:53,ETH,3271.121,3271.05,3271.2,dom,1
2026-01-07T03:13:20+00:00,2026-01-07T03:14:23.187865+00:00,03:12:53,ETH,3271.121,3271.05,3271.2,dom,1
2026-01-07T03:13:21+00:00,2026-01-07T03:14:24.230676+00:00,03:12:53,ETH,3271.111,3271.05,3271.2,dom,1
2026-01-07T03:13:22+00:00,2026-01-07T03:14:25.255130+00:00,03:12:53,ETH,3271.121,3271.05,3271.2,dom,1
2026-01-07T03:13:23+00:00,2026-01-07T03:14:26.208551+00:00,03:12:53,ETH,3271.161,3271.1,3271.21,dom,1
2026-01-07T03:13:24+00:00,2026-01-07T03:14:27.205705+00:00,03:12:53,ETH,3271.191,3271.13,3271.23,dom,1
2026-01-07T03:13:25+00:00,2026-01-07T03:14:28.202263+00:00,03:12:53,ETH,3271.161,3271.08,3271.22,dom,1
2026-01-07T03:13:26+00:00,2026-01-07T03:14:29.210642+00:00,03:12:53,ETH,3271.131,3271.03,3271.19,dom,1
2026-01-07T03:13:27+00:00,2026-01-07T03:14:30.230612+00:00,03:12:53,ETH,3271.131,3271.02,3271.17,dom,1
2026-01-07T03:13:28+00:00,2026-01-07T03:14:31.232779+00:00,03:12:53,ETH,3271.131,3271.02,3271.17,dom,1
2026-01-07T03:13:29+00:00,2026-01-07T03:14:32.251765+00:00,03:12:53,ETH,3271.131,3271.03,3271.17,dom,1
2026-01-07T03:13:30+00:00,2026-01-07T03:14:33.260933+00:00,03:12:53,ETH,3271.131,3271.03,3271.17,dom,1
2026-01-07T03:13:31+00:00,2026-01-07T03:14:34.269022+00:00,03:12:53,ETH,3270.961,3270.89,3271.01,dom,1
2026-01-07T03:13:32+00:00,2026-01-07T03:14:35.275927+00:00,03:12:53,ETH,3270.801,3270.78,3270.97,dom,1
2026-01-07T03:13:33+00:00,2026-01-07T03:14:36.289438+00:00,03:12:53,ETH,3270.811,3270.8,3270.96,dom,1
2026-01-07T03:13:34+00:00,2026-01-07T03:14:37.286465+00:00,03:12:53,ETH,3270.791,3270.78,3270.82,dom,1
2026-01-07T03:13:35+00:00,2026-01-07T03:14:38.289175+00:00,03:12:53,ETH,3270.891,3270.86,3270.95,dom,1
2026-01-07T03:13:36+00:00,2026-01-07T03:14:39.294007+00:00,03:12:53,ETH,3271.011,3270.96,3271.06,dom,1
2026-01-07T03:13:37+00:00,2026-01-07T03:14:40.293459+00:00,03:12:53,ETH,3271.011,3270.96,3271.07,dom,1
2026-01-07T03:13:38+00:00,2026-01-07T03:14:41.290433+00:00,03:12:53,ETH,3270.971,3270.92,3271.05,dom,1
2026-01-07T03:13:39+00:00,2026-01-07T03:14:42.290230+00:00,03:12:53,ETH,3270.891,3270.85,3270.95,dom,1
2026-01-07T03:13:40+00:00,2026-01-07T03:14:43.287823+00:00,03:12:53,ETH,3270.871,3270.82,3270.94,dom,1
2026-01-07T03:13:41+00:00,2026-01-07T03:14:44.287956+00:00,03:12:53,ETH,3270.881,3270.83,3270.94,dom,1
2026-01-07T03:13:42+00:00,2026-01-07T03:14:45.292216+00:00,03:12:53,ETH,3270.911,3270.87,3270.96,dom,1
2026-01-07T03:13:43+00:00,2026-01-07T03:14:46.307570+00:00,03:12:53,ETH,3270.951,3270.91,3271,dom,1
2026-01-07T03:13:44+00:00,2026-01-07T03:14:47.303988+00:00,03:12:53,ETH,3270.951,3270.95,3271.06,dom,1
2026-01-07T03:13:45+00:00,2026-01-07T03:14:48.341732+00:00,03:12:53,ETH,3270.941,3270.91,3271.12,dom,1
2026-01-07T03:13:46+00:00,2026-01-07T03:14:49.325902+00:00,03:12:53,ETH,3270.971,3270.95,3271.18,dom,1
2026-01-07T03:13:47+00:00,2026-01-07T03:14:50.338931+00:00,03:12:53,ETH,3270.941,3270.9,3271.21,dom,1
2026-01-07T03:13:48+00:00,2026-01-07T03:14:51.337561+00:00,03:12:53,ETH,3270.961,3270.95,3271.2,dom,1
2026-01-07T03:13:49+00:00,2026-01-07T03:14:52.354351+00:00,03:12:53,ETH,3270.961,3270.96,3271.11,dom,1
2026-01-07T03:13:50+00:00,2026-01-07T03:14:53.360509+00:00,03:12:53,ETH,3270.821,3270.81,3271.07,dom,1
2026-01-07T03:13:51+00:00,2026-01-07T03:14:54.360159+00:00,03:12:53,ETH,3270.811,3270.8,3271,dom,1
2026-01-07T03:13:52+00:00,2026-01-07T03:14:55.361515+00:00,03:12:53,ETH,3270.811,3270.8,3271.08,dom,1
2026-01-07T03:13:19+00:00,2026-01-07T03:15:22.932140+00:00,03:13:19,ETH,3271.871,3271.79,3271.94,dom,1
2026-01-07T03:25:25+00:00,2026-01-07T03:26:30.247776+00:00,03:25:25,ETH,3276.911,3276.91,3277.07,dom,1
2026-01-07T03:25:26+00:00,2026-01-07T03:26:31.245406+00:00,03:25:25,ETH,3276.901,3276.9,3277.08,dom,1
2026-01-07T03:25:27+00:00,2026-01-07T03:26:32.282616+00:00,03:25:25,ETH,3276.901,3276.9,3277.02,dom,1
2026-01-07T03:25:28+00:00,2026-01-07T03:26:33.276583+00:00,03:25:25,ETH,3276.901,3276.9,3277.01,dom,1
2026-01-07T03:25:29+00:00,2026-01-07T03:26:34.277345+00:00,03:25:25,ETH,3276.701,3276.65,3276.76,dom,1
2026-01-07T03:25:30+00:00,2026-01-07T03:26:35.287663+00:00,03:25:25,ETH,3276.741,3276.66,3276.8,dom,1
2026-01-07T03:25:31+00:00,2026-01-07T03:26:36.280113+00:00,03:25:25,ETH,3276.721,3276.67,3276.76,dom,1
2026-01-07T03:25:32+00:00,2026-01-07T03:26:37.274776+00:00,03:25:25,ETH,3276.721,3276.67,3276.76,dom,1
2026-01-07T03:25:33+00:00,2026-01-07T03:26:38.284283+00:00,03:25:25,ETH,3276.711,3276.67,3276.76,dom,1
2026-01-07T03:25:34+00:00,2026-01-07T03:26:39.282289+00:00,03:25:25,ETH,3276.711,3276.67,3276.75,dom,1
2026-01-07T03:25:35+00:00,2026-01-07T03:26:40.277043+00:00,03:25:25,ETH,3276.661,3276.62,3276.72,dom,1
2026-01-07T03:25:36+00:00,2026-01-07T03:26:41.288417+00:00,03:25:25,ETH,3276.541,3276.5,3276.63,dom,1
2026-01-07T03:25:37+00:00,2026-01-07T03:26:42.289070+00:00,03:25:25,ETH,3276.631,3276.59,3276.66,dom,1
2026-01-07T03:25:38+00:00,2026-01-07T03:26:43.288873+00:00,03:25:25,ETH,3276.531,3276.49,3276.63,dom,1
2026-01-07T03:25:39+00:00,2026-01-07T03:26:44.289043+00:00,03:25:25,ETH,3276.521,3276.49,3276.63,dom,1
2026-01-07T03:25:40+00:00,2026-01-07T03:26:45.306053+00:00,03:25:25,ETH,3276.611,3276.57,3276.64,dom,1
2026-01-07T03:25:41+00:00,2026-01-07T03:26:46.295261+00:00,03:25:25,ETH,3276.221,3276.15,3276.29,dom,1
2026-01-07T03:25:42+00:00,2026-01-07T03:26:47.308706+00:00,03:25:25,ETH,3276.061,3276.01,3276.1,dom,1
2026-01-07T03:25:43+00:00,2026-01-07T03:26:48.327502+00:00,03:25:25,ETH,3276.021,3276.01,3276.09,dom,1
2026-01-07T03:25:44+00:00,2026-01-07T03:26:49.329789+00:00,03:25:25,ETH,3275.981,3275.97,3276.02,dom,1
2026-01-07T03:25:45+00:00,2026-01-07T03:26:50.344334+00:00,03:25:25,ETH,3275.981,3275.97,3276.14,dom,1
2026-01-07T03:25:46+00:00,2026-01-07T03:26:51.347048+00:00,03:25:25,ETH,3275.911,3275.87,3276,dom,1
2026-01-07T03:25:47+00:00,2026-01-07T03:26:52.359448+00:00,03:25:25,ETH,3275.891,3275.89,3276.04,dom,1
2026-01-07T03:25:48+00:00,2026-01-07T03:26:53.358815+00:00,03:25:25,ETH,3275.861,3275.85,3275.9,dom,1
2026-01-07T03:25:49+00:00,2026-01-07T03:26:54.357236+00:00,03:25:25,ETH,3275.861,3275.85,3275.94,dom,1
2026-01-07T03:25:50+00:00,2026-01-07T03:26:55.356398+00:00,03:25:25,ETH,3275.831,3275.83,3275.9,dom,1
2026-01-07T03:25:51+00:00,2026-01-07T03:26:56.360097+00:00,03:25:25,ETH,3275.801,3275.78,3275.86,dom,1
2026-01-07T03:25:52+00:00,2026-01-07T03:26:57.375268+00:00,03:25:25,ETH,3275.751,3275.7,3275.8,dom,1
2026-01-07T03:25:53+00:00,2026-01-07T03:26:58.393570+00:00,03:25:25,ETH,3275.671,3275.65,3275.74,dom,1
2026-01-07T03:25:54+00:00,2026-01-07T03:26:59.409828+00:00,03:25:25,ETH,3275.651,3275.64,3275.73,dom,1
2026-01-07T03:25:55+00:00,2026-01-07T03:27:00.450411+00:00,03:25:25,ETH,3275.661,3275.64,3275.72,dom,1
2026-01-07T03:25:56+00:00,2026-01-07T03:27:01.472654+00:00,03:25:25,ETH,3275.661,3275.66,3275.74,dom,1
2026-01-07T03:25:57+00:00,2026-01-07T03:27:02.465933+00:00,03:25:25,ETH,3275.641,3275.63,3275.74,dom,1
2026-01-07T03:25:58+00:00,2026-01-07T03:27:03.470199+00:00,03:25:25,ETH,3275.611,3275.6,3275.64,dom,1
2026-01-07T03:25:59+00:00,2026-01-07T03:27:04.471840+00:00,03:25:25,ETH,3275.621,3275.6,3275.66,dom,1
2026-01-07T03:26:00+00:00,2026-01-07T03:27:05.477920+00:00,03:25:25,ETH,3275.621,3275.58,3275.66,dom,1
2026-01-07T03:26:01+00:00,2026-01-07T03:27:06.470189+00:00,03:25:25,ETH,3275.621,3275.59,3275.68,dom,1
2026-01-07T03:26:02+00:00,2026-01-07T03:27:07.492802+00:00,03:25:25,ETH,3275.621,3275.61,3275.72,dom,1
2026-01-07T03:26:03+00:00,2026-01-07T03:27:08.493509+00:00,03:25:25,ETH,3275.621,3275.61,3275.71,dom,1
2026-01-07T03:26:04+00:00,2026-01-07T03:27:09.489571+00:00,03:25:25,ETH,3275.561,3275.55,3275.62,dom,1
2026-01-07T03:26:05+00:00,2026-01-07T03:27:10.492916+00:00,03:25:25,ETH,3275.591,3275.56,3275.63,dom,1
2026-01-07T03:26:06+00:00,2026-01-07T03:27:11.497252+00:00,03:25:25,ETH,3275.571,3275.56,3275.62,dom,1
2026-01-07T03:26:07+00:00,2026-01-07T03:27:12.511033+00:00,03:25:25,ETH,3275.511,3275.5,3275.62,dom,1
2026-01-07T03:26:08+00:00,2026-01-07T03:27:13.503885+00:00,03:25:25,ETH,3275.261,3275.25,3275.45,dom,1
2026-01-07T03:26:09+00:00,2026-01-07T03:27:14.505465+00:00,03:25:25,ETH,3275.141,3275.13,3275.26,dom,1
2026-01-07T03:26:10+00:00,2026-01-07T03:27:15.497997+00:00,03:25:25,ETH,3275.011,3275,3275.19,dom,1
2026-01-07T03:26:11+00:00,2026-01-07T03:27:16.508953+00:00,03:25:25,ETH,3275.031,3275,3275.09,dom,1
2026-01-07T03:26:12+00:00,2026-01-07T03:27:17.494973+00:00,03:25:25,ETH,3275.031,3275.01,3275.12,dom,1
2026-01-07T03:26:13+00:00,2026-01-07T03:27:18.508302+00:00,03:25:25,ETH,3275.031,3275.02,3275.14,dom,1
2026-01-07T03:26:14+00:00,2026-01-07T03:27:19.510131+00:00,03:25:25,ETH,3275.021,3274.99,3275.09,dom,1
2026-01-07T03:26:15+00:00,2026-01-07T03:27:20.514293+00:00,03:25:25,ETH,3274.981,3274.96,3275.04,dom,1
2026-01-07T03:26:16+00:00,2026-01-07T03:27:21.512492+00:00,03:25:25,ETH,3274.961,3274.95,3275.03,dom,1
2026-01-07T03:26:17+00:00,2026-01-07T03:27:22.527879+00:00,03:25:25,ETH,3275.021,3275.01,3275.11,dom,1
2026-01-07T03:26:18+00:00,2026-01-07T03:27:23.525879+00:00,03:25:25,ETH,3275.101,3275.09,3275.15,dom,1
2026-01-07T03:26:19+00:00,2026-01-07T03:27:24.526344+00:00,03:25:25,ETH,3275.071,3275.07,3275.09,dom,1
2026-01-07T03:26:20+00:00,2026-01-07T03:27:25.538886+00:00,03:25:25,ETH,3275.041,3275.04,3275.06,dom,1
2026-01-07T03:26:21+00:00,2026-01-07T03:27:26.525361+00:00,03:25:25,ETH,3275.051,3275.04,3275.13,dom,1
2026-01-07T03:26:22+00:00,2026-01-07T03:27:27.547111+00:00,03:25:25,ETH,3275.051,3275.04,3275.2,dom,1
2026-01-07T03:26:23+00:00,2026-01-07T03:27:28.556070+00:00,03:25:25,ETH,3275.061,3275.05,3275.2,dom,1
2026-01-07T03:26:24+00:00,2026-01-07T03:27:29.558678+00:00,03:25:25,ETH,3275.091,3275.07,3275.22,dom,1
2026-01-07T03:26:25+00:00,2026-01-07T03:28:32.010129+00:00,03:26:25,ETH,3274.131,3274.09,3274.3,dom,1
2026-01-07T03:26:26+00:00,2026-01-07T03:28:33.014121+00:00,03:26:26,ETH,3274.061,3274,3274.26,dom,1
2026-01-07T03:26:27+00:00,2026-01-07T03:28:34.026975+00:00,03:26:27,ETH,3274.081,3274.02,3274.24,dom,1
2026-01-07T03:26:28+00:00,2026-01-07T03:28:35.022638+00:00,03:26:28,ETH,3274.081,3274.02,3274.22,dom,1
2026-01-07T03:26:29+00:00,2026-01-07T03:28:36.013933+00:00,03:26:29,ETH,3274.081,3274.02,3274.21,dom,1
2026-01-07T03:26:30+00:00,2026-01-07T03:28:37.011312+00:00,03:26:30,ETH,3274.081,3274.02,3274.19,dom,1
2026-01-07T03:26:31+00:00,2026-01-07T03:28:38.013155+00:00,03:26:31,ETH,3274.081,3274.03,3274.23,dom,1
2026-01-07T03:26:32+00:00,2026-01-07T03:28:39.008372+00:00,03:26:32,ETH,3274.071,3274.03,3274.27,dom,1
2026-01-07T03:26:33+00:00,2026-01-07T03:28:39.996626+00:00,03:26:33,ETH,3274.071,3274.04,3274.28,dom,1
2026-01-07T03:26:34+00:00,2026-01-07T03:28:41.009305+00:00,03:26:34,ETH,3274.081,3274.05,3274.3,dom,1
2026-01-07T03:26:35+00:00,2026-01-07T03:28:42.022954+00:00,03:26:35,ETH,3274.081,3274.06,3274.31,dom,1
2026-01-07T03:26:36+00:00,2026-01-07T03:28:43.021541+00:00,03:26:36,ETH,3274.081,3274.06,3274.33,dom,1
2026-01-07T03:26:37+00:00,2026-01-07T03:28:44.024155+00:00,03:26:37,ETH,3274.081,3274.06,3274.31,dom,1
2026-01-07T03:26:38+00:00,2026-01-07T03:28:45.017569+00:00,03:26:38,ETH,3274.081,3274.06,3274.3,dom,1
2026-01-07T03:26:39+00:00,2026-01-07T03:28:46.026829+00:00,03:26:39,ETH,3274.081,3274.06,3274.3,dom,1
2026-01-07T03:26:40+00:00,2026-01-07T03:28:47.044000+00:00,03:26:40,ETH,3274.071,3274.06,3274.3,dom,1
2026-01-07T03:26:41+00:00,2026-01-07T03:28:48.055891+00:00,03:26:41,ETH,3274.071,3274.06,3274.3,dom,1
2026-01-07T03:26:42+00:00,2026-01-07T03:28:49.054534+00:00,03:26:42,ETH,3274.071,3274.06,3274.24,dom,1
2026-01-07T03:26:43+00:00,2026-01-07T03:28:50.055545+00:00,03:26:43,ETH,3274.071,3274.06,3274.21,dom,1
2026-01-07T03:26:44+00:00,2026-01-07T03:28:51.055222+00:00,03:26:44,ETH,3274.071,3274.06,3274.23,dom,1
2026-01-07T03:26:45+00:00,2026-01-07T03:28:52.050293+00:00,03:26:45,ETH,3274.091,3274.06,3274.22,dom,1
2026-01-07T03:26:46+00:00,2026-01-07T03:28:53.148249+00:00,03:26:46,ETH,3274.121,3274.07,3274.22,dom,1
2026-01-07T03:26:47+00:00,2026-01-07T03:28:54.153174+00:00,03:26:47,ETH,3274.131,3274.07,3274.23,dom,1
2026-01-07T03:26:48+00:00,2026-01-07T03:28:55.160196+00:00,03:26:48,ETH,3274.131,3274.08,3274.29,dom,1
2026-01-07T03:26:49+00:00,2026-01-07T03:28:56.160324+00:00,03:26:49,ETH,3274.121,3274.08,3274.35,dom,1
2026-01-07T03:26:50+00:00,2026-01-07T03:28:57.194067+00:00,03:26:50,ETH,3274.221,3274.08,3274.38,dom,1
2026-01-07T03:26:51+00:00,2026-01-07T03:28:58.188755+00:00,03:26:51,ETH,3274.501,3274.35,3274.6,dom,1
2026-01-07T03:26:52+00:00,2026-01-07T03:28:59.215763+00:00,03:26:52,ETH,3274.701,3274.65,3274.74,dom,1
2026-01-07T03:26:53+00:00,2026-01-07T03:29:00.207959+00:00,03:26:53,ETH,3274.891,3274.81,3274.91,dom,1
2026-01-07T03:26:54+00:00,2026-01-07T03:29:01.202783+00:00,03:26:54,ETH,3275.061,3274.98,3275.09,dom,1
2026-01-07T03:26:55+00:00,2026-01-07T03:29:02.220718+00:00,03:26:55,ETH,3275.061,3275.01,3275.11,dom,1
2026-01-07T03:26:56+00:00,2026-01-07T03:29:03.221911+00:00,03:26:56,ETH,3275.061,3275.01,3275.11,dom,1
2026-01-07T03:26:57+00:00,2026-01-07T03:29:04.233114+00:00,03:26:57,ETH,3275.061,3275,3275.11,dom,1
2026-01-07T03:26:58+00:00,2026-01-07T03:29:05.252432+00:00,03:26:58,ETH,3275.071,3275,3275.14,dom,1
2026-01-07T03:26:59+00:00,2026-01-07T03:29:06.255351+00:00,03:26:59,ETH,3275.071,3275.01,3275.14,dom,1
2026-01-07T03:27:00+00:00,2026-01-07T03:29:07.271178+00:00,03:27:00,ETH,3275.071,3275.03,3275.12,dom,1
2026-01-07T03:27:01+00:00,2026-01-07T03:29:08.266338+00:00,03:27:01,ETH,3275.091,3275.04,3275.13,dom,1
2026-01-07T03:27:02+00:00,2026-01-07T03:29:09.291275+00:00,03:27:02,ETH,3275.111,3275.05,3275.16,dom,1
2026-01-07T03:27:03+00:00,2026-01-07T03:29:10.303086+00:00,03:27:03,ETH,3275.141,3275.07,3275.18,dom,1
2026-01-07T03:27:04+00:00,2026-01-07T03:29:11.307385+00:00,03:27:04,ETH,3275.161,3275.08,3275.19,dom,1
2026-01-07T03:27:05+00:00,2026-01-07T03:29:12.303244+00:00,03:27:05,ETH,3275.161,3275.06,3275.19,dom,1
2026-01-07T03:27:06+00:00,2026-01-07T03:29:13.306651+00:00,03:27:06,ETH,3275.121,3275.05,3275.18,dom,1
2026-01-07T03:27:07+00:00,2026-01-07T03:29:14.321993+00:00,03:27:07,ETH,3275.091,3275.05,3275.16,dom,1
2026-01-07T03:27:08+00:00,2026-01-07T03:29:15.321156+00:00,03:27:08,ETH,3275.061,3275.02,3275.16,dom,1
2026-01-07T03:27:09+00:00,2026-01-07T03:29:16.309481+00:00,03:27:09,ETH,3275.031,3274.97,3275.16,dom,1
2026-01-07T03:27:10+00:00,2026-01-07T03:29:17.327960+00:00,03:27:10,ETH,3275.041,3274.98,3275.17,dom,1
2026-01-07T03:27:11+00:00,2026-01-07T03:29:18.342595+00:00,03:27:11,ETH,3275.051,3275.01,3275.19,dom,1
2026-01-07T03:27:12+00:00,2026-01-07T03:29:19.365011+00:00,03:27:12,ETH,3275.041,3275.02,3275.27,dom,1
2026-01-07T03:27:13+00:00,2026-01-07T03:29:20.367316+00:00,03:27:13,ETH,3275.081,3275.03,3275.32,dom,1
2026-01-07T03:27:14+00:00,2026-01-07T03:29:21.372845+00:00,03:27:14,ETH,3275.121,3275.05,3275.33,dom,1
2026-01-07T03:27:15+00:00,2026-01-07T03:29:22.373346+00:00,03:27:15,ETH,3275.121,3275.05,3275.34,dom,1
2026-01-07T03:27:16+00:00,2026-01-07T03:29:23.375813+00:00,03:27:16,ETH,3275.121,3275.04,3275.34,dom,1
2026-01-07T03:27:17+00:00,2026-01-07T03:29:24.371930+00:00,03:27:17,ETH,3275.121,3275.04,3275.29,dom,1
2026-01-07T03:27:18+00:00,2026-01-07T03:29:25.373890+00:00,03:27:18,ETH,3275.121,3275.04,3275.25,dom,1
2026-01-07T03:27:19+00:00,2026-01-07T03:29:26.383199+00:00,03:27:19,ETH,3275.121,3275.03,3275.32,dom,1
2026-01-07T03:27:20+00:00,2026-01-07T03:29:27.371739+00:00,03:27:20,ETH,3275.131,3275.07,3275.34,dom,1
2026-01-07T03:27:21+00:00,2026-01-07T03:29:28.375552+00:00,03:27:21,ETH,3275.141,3275.12,3275.32,dom,1
2026-01-07T03:27:22+00:00,2026-01-07T03:29:29.377188+00:00,03:27:22,ETH,3275.141,3275.12,3275.35,dom,1
2026-01-07T03:27:23+00:00,2026-01-07T03:29:30.365937+00:00,03:27:23,ETH,3275.141,3275.1,3275.25,dom,1
2026-01-07T03:27:24+00:00,2026-01-07T03:29:31.370446+00:00,03:27:24,ETH,3275.141,3275.11,3275.2,dom,1
2026-01-07T03:27:25+00:00,2026-01-07T03:29:32.388216+00:00,03:27:25,ETH,3275.131,3275.1,3275.19,dom,1
2026-01-07T03:27:26+00:00,2026-01-07T03:29:33.387768+00:00,03:27:26,ETH,3275.111,3275.07,3275.15,dom,1
2026-01-07T03:27:27+00:00,2026-01-07T03:29:34.405552+00:00,03:27:27,ETH,3275.101,3275.06,3275.15,dom,1
2026-01-07T03:27:28+00:00,2026-01-07T03:29:35.409395+00:00,03:27:28,ETH,3275.101,3275.06,3275.15,dom,1
2026-01-07T03:27:29+00:00,2026-01-07T03:29:36.401799+00:00,03:27:29,ETH,3275.101,3275.06,3275.14,dom,1
2026-01-07T03:27:30+00:00,2026-01-07T03:29:37.404423+00:00,03:27:30,ETH,3275.081,3275.04,3275.12,dom,1
2026-01-07T03:27:31+00:00,2026-01-07T03:29:38.502471+00:00,03:27:31,ETH,3275.061,3275.03,3275.11,dom,1
2026-01-07T03:27:32+00:00,2026-01-07T03:29:39.501760+00:00,03:27:32,ETH,3275.061,3275.03,3275.11,dom,1
2026-01-07T03:27:33+00:00,2026-01-07T03:29:40.506441+00:00,03:27:33,ETH,3275.071,3275.04,3275.11,dom,1
2026-01-07T03:27:34+00:00,2026-01-07T03:29:41.500310+00:00,03:27:34,ETH,3275.081,3275.04,3275.12,dom,1
2026-01-07T03:27:35+00:00,2026-01-07T03:29:42.515414+00:00,03:27:35,ETH,3275.091,3275.05,3275.13,dom,1
2026-01-07T03:27:36+00:00,2026-01-07T03:29:43.541528+00:00,03:27:36,ETH,3275.091,3275.06,3275.21,dom,1
2026-01-07T03:27:37+00:00,2026-01-07T03:29:44.572498+00:00,03:27:37,ETH,3275.111,3275.09,3275.31,dom,1
2026-01-07T03:27:38+00:00,2026-01-07T03:29:45.569655+00:00,03:27:38,ETH,3275.111,3275.11,3275.28,dom,1
2026-01-07T03:27:39+00:00,2026-01-07T03:29:46.571303+00:00,03:27:39,ETH,3275.121,3275.11,3275.27,dom,1
2026-01-07T03:27:40+00:00,2026-01-07T03:29:47.568421+00:00,03:27:40,ETH,3275.131,3275.12,3275.27,dom,1
2026-01-07T03:27:41+00:00,2026-01-07T03:29:48.571201+00:00,03:27:41,ETH,3275.121,3275.11,3275.24,dom,1
2026-01-07T03:27:42+00:00,2026-01-07T03:29:49.572435+00:00,03:27:42,ETH,3275.121,3275.09,3275.23,dom,1
2026-01-07T03:27:43+00:00,2026-01-07T03:29:50.571628+00:00,03:27:43,ETH,3275.161,3275.1,3275.26,dom,1
2026-01-07T03:27:44+00:00,2026-01-07T03:29:51.588354+00:00,03:27:44,ETH,3275.241,3275.16,3275.32,dom,1
2026-01-07T03:27:45+00:00,2026-01-07T03:29:52.589803+00:00,03:27:45,ETH,3275.291,3275.22,3275.31,dom,1
2026-01-07T03:27:46+00:00,2026-01-07T03:29:53.591225+00:00,03:27:46,ETH,3275.301,3275.23,3275.34,dom,1
2026-01-07T03:27:47+00:00,2026-01-07T03:29:54.581929+00:00,03:27:47,ETH,3275.331,3275.26,3275.38,dom,1
2026-01-07T03:27:48+00:00,2026-01-07T03:29:55.589130+00:00,03:27:48,ETH,3275.261,3275.21,3275.34,dom,1
2026-01-07T03:27:49+00:00,2026-01-07T03:29:56.608121+00:00,03:27:49,ETH,3275.171,3275.14,3275.33,dom,1
2026-01-07T03:27:50+00:00,2026-01-07T03:29:57.607428+00:00,03:27:50,ETH,3275.171,3275.14,3275.27,dom,1
2026-01-07T03:27:51+00:00,2026-01-07T03:29:58.605022+00:00,03:27:51,ETH,3275.171,3275.14,3275.27,dom,1
2026-01-07T03:27:52+00:00,2026-01-07T03:29:59.623543+00:00,03:27:52,ETH,3275.171,3275.16,3275.32,dom,1
2026-01-07T03:27:53+00:00,2026-01-07T03:30:00.619069+00:00,03:27:53,ETH,3275.171,3275.16,3275.31,dom,1
2026-01-07T03:27:54+00:00,2026-01-07T03:30:01.640610+00:00,03:27:54,ETH,3275.171,3275.16,3275.32,dom,1
2026-01-07T03:27:55+00:00,2026-01-07T03:30:02.634032+00:00,03:27:55,ETH,3275.171,3275.16,3275.28,dom,1
2026-01-07T03:27:56+00:00,2026-01-07T03:30:03.637912+00:00,03:27:56,ETH,3275.181,3275.16,3275.25,dom,1
2026-01-07T03:27:57+00:00,2026-01-07T03:30:04.638511+00:00,03:27:57,ETH,3275.181,3275.16,3275.25,dom,1
2026-01-07T03:27:58+00:00,2026-01-07T03:30:05.654929+00:00,03:27:58,ETH,3275.141,3275.11,3275.22,dom,1
2026-01-07T03:27:59+00:00,2026-01-07T03:30:06.655950+00:00,03:27:59,ETH,3275.091,3275.04,3275.15,dom,1
2026-01-07T03:28:00+00:00,2026-01-07T03:30:07.653995+00:00,03:28:00,ETH,3275.081,3275.02,3275.12,dom,1
2026-01-07T03:28:01+00:00,2026-01-07T03:30:08.657774+00:00,03:28:01,ETH,3274.991,3274.98,3275.12,dom,1
2026-01-07T03:28:02+00:00,2026-01-07T03:30:09.666829+00:00,03:28:02,ETH,3274.991,3274.98,3275.12,dom,1
2026-01-07T03:28:03+00:00,2026-01-07T03:30:10.710443+00:00,03:28:03,ETH,3275.011,3274.98,3275.09,dom,1
2026-01-07T03:28:04+00:00,2026-01-07T03:30:11.681875+00:00,03:28:04,ETH,3275.001,3274.98,3275.09,dom,1
2026-01-07T03:28:05+00:00,2026-01-07T03:30:12.731756+00:00,03:28:05,ETH,3274.991,3274.98,3275.09,dom,1
2026-01-07T03:28:06+00:00,2026-01-07T03:30:13.691951+00:00,03:28:06,ETH,3274.991,3274.98,3275.07,dom,1
2026-01-07T03:28:07+00:00,2026-01-07T03:30:14.706118+00:00,03:28:07,ETH,3274.991,3274.98,3275.05,dom,1
2026-01-07T03:28:08+00:00,2026-01-07T03:30:15.733134+00:00,03:28:08,ETH,3274.781,3274.77,3274.85,dom,1
2026-01-07T03:28:09+00:00,2026-01-07T03:30:16.826529+00:00,03:28:09,ETH,3274.491,3274.47,3274.58,dom,1
2026-01-07T03:28:10+00:00,2026-01-07T03:30:17.839011+00:00,03:28:10,ETH,3274.391,3274.36,3274.5,dom,1
2026-01-07T03:28:11+00:00,2026-01-07T03:30:18.839504+00:00,03:28:11,ETH,3274.361,3274.34,3274.5,dom,1
2026-01-07T03:28:12+00:00,2026-01-07T03:30:19.839846+00:00,03:28:12,ETH,3274.351,3274.34,3274.5,dom,1
2026-01-07T03:28:13+00:00,2026-01-07T03:30:20.839342+00:00,03:28:13,ETH,3274.351,3274.34,3274.5,dom,1
2026-01-07T03:28:14+00:00,2026-01-07T03:30:21.853125+00:00,03:28:14,ETH,3274.351,3274.34,3274.47,dom,1
2026-01-07T03:28:15+00:00,2026-01-07T03:30:22.849215+00:00,03:28:15,ETH,3274.371,3274.35,3274.5,dom,1
2026-01-07T03:28:16+00:00,2026-01-07T03:30:23.842985+00:00,03:28:16,ETH,3274.411,3274.39,3274.58,dom,1
2026-01-07T03:28:17+00:00,2026-01-07T03:30:24.842483+00:00,03:28:17,ETH,3274.431,3274.42,3274.6,dom,1
2026-01-07T03:28:18+00:00,2026-01-07T03:30:25.858826+00:00,03:28:18,ETH,3274.511,3274.45,3274.71,dom,1
2026-01-07T03:28:19+00:00,2026-01-07T03:30:26.838839+00:00,03:28:19,ETH,3274.591,3274.51,3274.81,dom,1
2026-01-07T03:28:20+00:00,2026-01-07T03:30:27.876098+00:00,03:28:20,ETH,3274.601,3274.57,3274.84,dom,1
2026-01-07T03:28:21+00:00,2026-01-07T03:30:28.856486+00:00,03:28:21,ETH,3274.711,3274.68,3274.9,dom,1
2026-01-07T03:28:22+00:00,2026-01-07T03:30:29.869845+00:00,03:28:22,ETH,3274.851,3274.81,3275.05,dom,1
2026-01-07T03:28:23+00:00,2026-01-07T03:30:30.855873+00:00,03:28:23,ETH,3274.921,3274.87,3275.13,dom,1
2026-01-07T03:28:24+00:00,2026-01-07T03:30:31.870237+00:00,03:28:24,ETH,3274.971,3274.89,3275.08,dom,1
2026-01-07T03:28:25+00:00,2026-01-07T03:30:32.871740+00:00,03:28:25,ETH,3274.971,3274.86,3275.08,dom,1
2026-01-07T03:28:26+00:00,2026-01-07T03:30:33.885912+00:00,03:28:26,ETH,3274.891,3274.86,3274.96,dom,1
2026-01-07T03:28:27+00:00,2026-01-07T03:30:34.894881+00:00,03:28:27,ETH,3274.891,3274.8,3274.97,dom,1
2026-01-07T03:28:28+00:00,2026-01-07T03:30:35.899378+00:00,03:28:28,ETH,3274.641,3274.59,3274.65,dom,1
2026-01-07T03:28:29+00:00,2026-01-07T03:30:36.916312+00:00,03:28:29,ETH,3274.821,3274.64,3274.83,dom,1
2026-01-07T03:28:30+00:00,2026-01-07T03:30:37.918745+00:00,03:28:30,ETH,3274.621,3274.55,3274.63,dom,1
2026-01-07T03:28:31+00:00,2026-01-07T03:30:38.938050+00:00,03:28:31,ETH,3274.601,3274.55,3274.62,dom,1
2026-01-07T03:28:32+00:00,2026-01-07T03:30:39.953109+00:00,03:28:32,ETH,3274.561,3274.52,3274.62,dom,1
2026-01-07T03:28:33+00:00,2026-01-07T03:30:40.967210+00:00,03:28:33,ETH,3274.561,3274.54,3274.61,dom,1
2026-01-07T03:28:34+00:00,2026-01-07T03:30:41.984786+00:00,03:28:34,ETH,3274.521,3274.51,3274.61,dom,1
2026-01-07T03:28:35+00:00,2026-01-07T03:30:43.002111+00:00,03:28:35,ETH,3274.441,3274.43,3274.54,dom,1
2026-01-07T03:28:36+00:00,2026-01-07T03:30:44.001036+00:00,03:28:36,ETH,3274.141,3274.07,3274.2,dom,1
2026-01-07T03:28:37+00:00,2026-01-07T03:30:45.021853+00:00,03:28:37,ETH,3274.111,3274.06,3274.2,dom,1
2026-01-07T03:28:38+00:00,2026-01-07T03:30:46.016468+00:00,03:28:38,ETH,3274.131,3274.07,3274.2,dom,1
2026-01-07T03:28:39+00:00,2026-01-07T03:30:47.097473+00:00,03:28:39,ETH,3274.191,3274.07,3274.26,dom,1
2026-01-07T03:28:40+00:00,2026-01-07T03:30:48.099526+00:00,03:28:40,ETH,3274.191,3274.18,3274.3,dom,1
2026-01-07T03:28:41+00:00,2026-01-07T03:30:49.103650+00:00,03:28:41,ETH,3274.091,3274.05,3274.23,dom,1
2026-01-07T03:28:42+00:00,2026-01-07T03:30:50.097371+00:00,03:28:42,ETH,3273.921,3273.9,3274.12,dom,1
2026-01-07T03:28:43+00:00,2026-01-07T03:30:51.105071+00:00,03:28:43,ETH,3273.781,3273.77,3273.85,dom,1
2026-01-07T03:28:44+00:00,2026-01-07T03:30:52.117789+00:00,03:28:44,ETH,3273.521,3273.47,3273.57,dom,1
2026-01-07T03:28:45+00:00,2026-01-07T03:30:53.117100+00:00,03:28:45,ETH,3273.411,3273.39,3273.42,dom,1
2026-01-07T03:28:46+00:00,2026-01-07T03:30:54.122489+00:00,03:28:46,ETH,3273.311,3273.3,3273.42,dom,1
2026-01-07T03:28:47+00:00,2026-01-07T03:30:55.124100+00:00,03:28:47,ETH,3273.341,3273.33,3273.42,dom,1
2026-01-07T03:28:48+00:00,2026-01-07T03:30:56.119790+00:00,03:28:48,ETH,3273.421,3273.37,3273.52,dom,1
2026-01-07T03:28:49+00:00,2026-01-07T03:30:57.134796+00:00,03:28:49,ETH,3273.501,3273.49,3273.6,dom,1
2026-01-07T03:28:50+00:00,2026-01-07T03:30:58.150868+00:00,03:28:50,ETH,3273.461,3273.42,3273.5,dom,1
2026-01-07T03:28:51+00:00,2026-01-07T03:30:59.155259+00:00,03:28:51,ETH,3273.251,3273.24,3273.33,dom,1
2026-01-07T03:28:52+00:00,2026-01-07T03:31:00.160231+00:00,03:28:52,ETH,3273.251,3273.23,3273.28,dom,1
2026-01-07T03:28:53+00:00,2026-01-07T03:31:01.179012+00:00,03:28:53,ETH,3273.181,3273.17,3273.28,dom,1
2026-01-07T03:28:54+00:00,2026-01-07T03:31:02.169763+00:00,03:28:54,ETH,3273.201,3273.16,3273.2,dom,1
2026-01-07T03:28:55+00:00,2026-01-07T03:31:03.187613+00:00,03:28:55,ETH,3273.191,3273.16,3273.2,dom,1
2026-01-07T03:28:56+00:00,2026-01-07T03:31:04.197046+00:00,03:28:56,ETH,3273.191,3273.16,3273.19,dom,1
2026-01-07T03:28:57+00:00,2026-01-07T03:31:05.210462+00:00,03:28:57,ETH,3273.191,3273.17,3273.19,dom,1
2026-01-07T03:28:58+00:00,2026-01-07T03:31:06.213994+00:00,03:28:58,ETH,3273.191,3273.17,3273.19,dom,1
2026-01-07T03:28:59+00:00,2026-01-07T03:31:07.213739+00:00,03:28:59,ETH,3273.191,3273.16,3273.19,dom,1
2026-01-07T03:29:00+00:00,2026-01-07T03:31:08.214483+00:00,03:29:00,ETH,3273.191,3273.16,3273.19,dom,1
2026-01-07T03:29:01+00:00,2026-01-07T03:31:09.258939+00:00,03:29:01,ETH,3272.831,3272.71,3273,dom,1
2026-01-07T03:29:02+00:00,2026-01-07T03:31:10.255111+00:00,03:29:02,ETH,3273.021,3272.79,3273.15,dom,1
2026-01-07T03:29:03+00:00,2026-01-07T03:31:11.261005+00:00,03:29:03,ETH,3273.221,3273.02,3273.31,dom,1
2026-01-07T03:29:04+00:00,2026-01-07T03:31:12.258731+00:00,03:29:04,ETH,3273.261,3273.1,3273.39,dom,1
2026-01-07T03:29:05+00:00,2026-01-07T03:31:13.266607+00:00,03:29:05,ETH,3273.401,3273.24,3273.48,dom,1
2026-01-07T03:29:06+00:00,2026-01-07T03:31:14.261831+00:00,03:29:06,ETH,3273.471,3273.35,3273.52,dom,1
2026-01-07T03:29:07+00:00,2026-01-07T03:31:15.264042+00:00,03:29:07,ETH,3273.451,3273.36,3273.53,dom,1
2026-01-07T03:29:08+00:00,2026-01-07T03:31:16.283119+00:00,03:29:08,ETH,3273.611,3273.55,3273.72,dom,1
2026-01-07T03:29:09+00:00,2026-01-07T03:31:17.269138+00:00,03:29:09,ETH,3273.841,3273.77,3273.97,dom,1
2026-01-07T03:29:10+00:00,2026-01-07T03:31:18.291872+00:00,03:29:10,ETH,3273.931,3273.87,3274.06,dom,1
2026-01-07T03:29:11+00:00,2026-01-07T03:31:19.301059+00:00,03:29:11,ETH,3274.011,3273.9,3274.1,dom,1
2026-01-07T03:29:12+00:00,2026-01-07T03:31:20.296064+00:00,03:29:12,ETH,3274.071,3273.9,3274.12,dom,1
2026-01-07T03:29:13+00:00,2026-01-07T03:31:21.316947+00:00,03:29:13,ETH,3273.971,3273.89,3274.11,dom,1
2026-01-07T03:29:14+00:00,2026-01-07T03:31:22.315859+00:00,03:29:14,ETH,3273.861,3273.76,3274.08,dom,1
2026-01-07T03:29:15+00:00,2026-01-07T03:31:23.320669+00:00,03:29:15,ETH,3273.811,3273.77,3273.99,dom,1
2026-01-07T03:29:16+00:00,2026-01-07T03:31:24.326228+00:00,03:29:16,ETH,3274.191,3274.17,3274.29,dom,1
2026-01-07T03:29:17+00:00,2026-01-07T03:31:25.332449+00:00,03:29:17,ETH,3274.191,3274.17,3274.29,dom,1
2026-01-07T03:29:18+00:00,2026-01-07T03:31:26.335775+00:00,03:29:18,ETH,3274.311,3274.26,3274.57,dom,1
2026-01-07T03:29:19+00:00,2026-01-07T03:31:27.320992+00:00,03:29:19,ETH,3274.491,3274.41,3274.61,dom,1
2026-01-07T03:29:20+00:00,2026-01-07T03:31:28.320659+00:00,03:29:20,ETH,3274.491,3274.42,3274.53,dom,1
2026-01-07T03:29:21+00:00,2026-01-07T03:31:29.316362+00:00,03:29:21,ETH,3274.491,3274.41,3274.57,dom,1
2026-01-07T03:29:22+00:00,2026-01-07T03:31:30.318202+00:00,03:29:22,ETH,3274.441,3274.38,3274.5,dom,1
2026-01-07T03:29:23+00:00,2026-01-07T03:31:31.332445+00:00,03:29:23,ETH,3274.491,3274.41,3274.57,dom,1
2026-01-07T03:29:24+00:00,2026-01-07T03:31:32.332232+00:00,03:29:24,ETH,3274.491,3274.41,3274.57,dom,1
2026-01-07T03:29:25+00:00,2026-01-07T03:31:33.337019+00:00,03:29:25,ETH,3274.421,3274.35,3274.5,dom,1
2026-01-07T03:29:26+00:00,2026-01-07T03:31:34.335630+00:00,03:29:26,ETH,3274.421,3274.35,3274.5,dom,1
2026-01-07T03:29:27+00:00,2026-01-07T03:31:35.332913+00:00,03:29:27,ETH,3274.431,3274.37,3274.5,dom,1
2026-01-07T03:29:28+00:00,2026-01-07T03:31:36.353802+00:00,03:29:28,ETH,3274.381,3274.35,3274.5,dom,1
2026-01-07T03:29:29+00:00,2026-01-07T03:31:37.368764+00:00,03:29:29,ETH,3274.481,3274.39,3274.53,dom,1
2026-01-07T03:29:30+00:00,2026-01-07T03:31:38.382171+00:00,03:29:30,ETH,3274.401,3274.36,3274.49,dom,1
2026-01-07T03:29:31+00:00,2026-01-07T03:31:39.388061+00:00,03:29:31,ETH,3274.401,3274.36,3274.49,dom,1
2026-01-07T03:29:32+00:00,2026-01-07T03:31:40.403348+00:00,03:29:32,ETH,3274.461,3274.4,3274.51,dom,1
2026-01-07T03:29:33+00:00,2026-01-07T03:31:41.418760+00:00,03:29:33,ETH,3274.401,3274.35,3274.5,dom,1
2026-01-07T03:29:34+00:00,2026-01-07T03:31:42.414288+00:00,03:29:34,ETH,3274.401,3274.36,3274.5,dom,1
2026-01-07T03:29:35+00:00,2026-01-07T03:31:43.415882+00:00,03:29:35,ETH,3274.371,3274.36,3274.5,dom,1
2026-01-07T03:29:36+00:00,2026-01-07T03:31:44.431189+00:00,03:29:36,ETH,3274.371,3274.32,3274.5,dom,1
2026-01-07T03:29:37+00:00,2026-01-07T03:31:45.450231+00:00,03:29:37,ETH,3274.401,3274.34,3274.5,dom,1
2026-01-07T03:29:38+00:00,2026-01-07T03:31:46.451355+00:00,03:29:38,ETH,3274.401,3274.34,3274.5,dom,1
2026-01-07T03:29:39+00:00,2026-01-07T03:31:47.469711+00:00,03:29:39,ETH,3274.391,3274.35,3274.5,dom,1
2026-01-07T03:29:40+00:00,2026-01-07T03:31:48.465916+00:00,03:29:40,ETH,3274.381,3274.35,3274.5,dom,1
2026-01-07T03:29:41+00:00,2026-01-07T03:31:49.469139+00:00,03:29:41,ETH,3274.381,3274.34,3274.5,dom,1
2026-01-07T03:29:42+00:00,2026-01-07T03:31:50.484228+00:00,03:29:42,ETH,3274.381,3274.37,3274.69,dom,1
2026-01-07T03:29:43+00:00,2026-01-07T03:31:51.484587+00:00,03:29:43,ETH,3274.381,3274.37,3274.68,dom,1
2026-01-07T03:29:44+00:00,2026-01-07T03:31:52.503006+00:00,03:29:44,ETH,3274.381,3274.37,3274.59,dom,1
2026-01-07T03:29:45+00:00,2026-01-07T03:31:53.489338+00:00,03:29:45,ETH,3274.381,3274.37,3274.59,dom,1
2026-01-07T03:29:46+00:00,2026-01-07T03:31:54.498074+00:00,03:29:46,ETH,3274.341,3274.34,3274.4,dom,1
2026-01-07T03:29:47+00:00,2026-01-07T03:31:55.502982+00:00,03:29:47,ETH,3274.011,3273.88,3274.02,dom,1
2026-01-07T03:29:48+00:00,2026-01-07T03:31:56.533464+00:00,03:29:48,ETH,3273.931,3273.89,3274.02,dom,1
2026-01-07T03:29:49+00:00,2026-01-07T03:31:57.536622+00:00,03:29:49,ETH,3273.901,3273.89,3274.06,dom,1
2026-01-07T03:29:50+00:00,2026-01-07T03:31:58.537133+00:00,03:29:50,ETH,3273.841,3273.81,3274.06,dom,1
2026-01-07T03:29:51+00:00,2026-01-07T03:31:59.536130+00:00,03:29:51,ETH,3274.071,3273.88,3274.13,dom,1
2026-01-07T03:29:52+00:00,2026-01-07T03:32:00.547129+00:00,03:29:52,ETH,3274.141,3273.8,3274.18,dom,1
2026-01-07T03:29:53+00:00,2026-01-07T03:32:01.565291+00:00,03:29:53,ETH,3273.751,3273.74,3273.91,dom,1
2026-01-07T03:29:54+00:00,2026-01-07T03:32:02.568727+00:00,03:29:54,ETH,3273.701,3273.65,3273.75,dom,1
2026-01-07T03:29:55+00:00,2026-01-07T03:32:03.569070+00:00,03:29:55,ETH,3273.691,3273.65,3273.71,dom,1
2026-01-07T03:29:56+00:00,2026-01-07T03:32:04.568646+00:00,03:29:56,ETH,3273.691,3273.66,3273.71,dom,1
2026-01-07T03:29:57+00:00,2026-01-07T03:32:05.562066+00:00,03:29:57,ETH,3273.691,3273.68,3273.71,dom,1
2026-01-07T03:29:58+00:00,2026-01-07T03:32:06.588455+00:00,03:29:58,ETH,3273.801,3273.74,3273.83,dom,1
2026-01-07T03:29:59+00:00,2026-01-07T03:32:07.569199+00:00,03:29:59,ETH,3273.791,3273.74,3273.83,dom,1
2026-01-07T03:30:00+00:00,2026-01-07T03:32:08.567355+00:00,03:30:00,ETH,3273.791,3273.71,3273.82,dom,1
2026-01-07T03:30:01+00:00,2026-01-07T03:32:09.568410+00:00,03:30:01,ETH,3273.701,3273.7,3273.8,dom,1
2026-01-07T03:30:02+00:00,2026-01-07T03:32:10.566931+00:00,03:30:02,ETH,3273.831,3273.71,3273.84,dom,1
2026-01-07T03:30:03+00:00,2026-01-07T03:32:11.584360+00:00,03:30:03,ETH,3274.001,3273.88,3274.08,dom,1
2026-01-07T03:30:04+00:00,2026-01-07T03:32:12.604298+00:00,03:30:04,ETH,3274.031,3273.95,3274.1,dom,1
2026-01-07T03:30:05+00:00,2026-01-07T03:32:13.669828+00:00,03:30:05,ETH,3274.001,3273.96,3274.06,dom,1
2026-01-07T03:30:06+00:00,2026-01-07T03:32:14.683961+00:00,03:30:06,ETH,3274.191,3274.13,3274.42,dom,1
2026-01-07T03:30:07+00:00,2026-01-07T03:32:15.702351+00:00,03:30:07,ETH,3274.341,3274.3,3274.42,dom,1
2026-01-07T03:30:08+00:00,2026-01-07T03:32:16.693166+00:00,03:30:08,ETH,3274.381,3274.3,3274.41,dom,1
2026-01-07T03:30:09+00:00,2026-01-07T03:32:17.685452+00:00,03:30:09,ETH,3274.301,3274.25,3274.38,dom,1
2026-01-07T03:30:10+00:00,2026-01-07T03:32:18.702426+00:00,03:30:10,ETH,3273.761,3273.7,3273.9,dom,1
2026-01-07T03:30:11+00:00,2026-01-07T03:32:19.713819+00:00,03:30:11,ETH,3273.721,3273.67,3273.75,dom,1
2026-01-07T03:30:12+00:00,2026-01-07T03:32:20.730326+00:00,03:30:12,ETH,3273.091,3273,3273.48,dom,1
2026-01-07T03:30:13+00:00,2026-01-07T03:32:21.752615+00:00,03:30:13,ETH,3272.941,3272.87,3273.01,dom,1
2026-01-07T03:30:14+00:00,2026-01-07T03:32:22.734431+00:00,03:30:14,ETH,3272.991,3272.86,3273.01,dom,1
2026-01-07T03:30:15+00:00,2026-01-07T03:32:23.733696+00:00,03:30:15,ETH,3272.761,3272.75,3272.94,dom,1
2026-01-07T03:30:16+00:00,2026-01-07T03:32:24.748392+00:00,03:30:16,ETH,3272.551,3272.43,3272.55,dom,1
2026-01-07T03:30:17+00:00,2026-01-07T03:32:25.763654+00:00,03:30:17,ETH,3272.551,3272.43,3272.79,dom,1
2026-01-07T03:30:18+00:00,2026-01-07T03:32:26.788586+00:00,03:30:18,ETH,3272.551,3272.4,3272.66,dom,1
2026-01-07T03:30:19+00:00,2026-01-07T03:32:27.766484+00:00,03:30:19,ETH,3272.551,3272.45,3272.63,dom,1
2026-01-07T03:30:20+00:00,2026-01-07T03:32:28.776118+00:00,03:30:20,ETH,3272.401,3272.4,3272.41,dom,1
2026-01-07T03:30:21+00:00,2026-01-07T03:32:29.774754+00:00,03:30:21,ETH,3272.401,3272.36,3272.51,dom,1
2026-01-07T03:30:22+00:00,2026-01-07T03:32:30.781455+00:00,03:30:22,ETH,3272.301,3272.3,3272.63,dom,1
2026-01-07T03:30:23+00:00,2026-01-07T03:32:31.800260+00:00,03:30:23,ETH,3272.341,3272.31,3272.7,dom,1
2026-01-07T03:30:24+00:00,2026-01-07T03:32:32.812362+00:00,03:30:24,ETH,3272.261,3272.25,3272.64,dom,1
2026-01-07T03:30:25+00:00,2026-01-07T03:32:33.801149+00:00,03:30:25,ETH,3272.281,3272.28,3272.62,dom,1
2026-01-07T03:30:26+00:00,2026-01-07T03:32:34.816812+00:00,03:30:26,ETH,3272.281,3272.28,3272.69,dom,1
2026-01-07T03:30:27+00:00,2026-01-07T03:32:35.826683+00:00,03:30:27,ETH,3272.281,3272.28,3272.45,dom,1
2026-01-07T03:30:28+00:00,2026-01-07T03:32:36.819139+00:00,03:30:28,ETH,3272.281,3272.28,3272.45,dom,1
2026-01-07T03:30:29+00:00,2026-01-07T03:32:37.818410+00:00,03:30:29,ETH,3272.281,3272.28,3272.41,dom,1
2026-01-07T03:30:30+00:00,2026-01-07T03:32:38.818154+00:00,03:30:30,ETH,3272.401,3272.3,3272.45,dom,1
2026-01-07T03:30:31+00:00,2026-01-07T03:32:39.816937+00:00,03:30:31,ETH,3272.401,3272.35,3272.54,dom,1
2026-01-07T03:30:32+00:00,2026-01-07T03:32:40.835033+00:00,03:30:32,ETH,3272.531,3272.43,3272.63,dom,1
2026-01-07T03:30:33+00:00,2026-01-07T03:32:41.834576+00:00,03:30:33,ETH,3272.531,3272.43,3272.6,dom,1
2026-01-07T03:30:34+00:00,2026-01-07T03:32:42.838110+00:00,03:30:34,ETH,3272.531,3272.41,3272.61,dom,1
2026-01-07T03:30:35+00:00,2026-01-07T03:32:43.857004+00:00,03:30:35,ETH,3272.531,3272.41,3272.64,dom,1
2026-01-07T03:30:36+00:00,2026-01-07T03:32:44.851814+00:00,03:30:36,ETH,3272.531,3272.41,3272.62,dom,1
2026-01-07T03:30:37+00:00,2026-01-07T03:32:45.852874+00:00,03:30:37,ETH,3272.531,3272.41,3272.61,dom,1
2026-01-07T03:30:38+00:00,2026-01-07T03:32:47.043520+00:00,03:30:38,ETH,3272.781,3272.6,3272.85,dom,1
2026-01-07T03:30:39+00:00,2026-01-07T03:32:48.050809+00:00,03:30:39,ETH,3272.661,3272.59,3272.77,dom,1
2026-01-07T03:30:40+00:00,2026-01-07T03:32:49.045165+00:00,03:30:40,ETH,3272.661,3272.59,3272.74,dom,1
2026-01-07T03:30:41+00:00,2026-01-07T03:32:50.057280+00:00,03:30:41,ETH,3272.641,3272.57,3272.68,dom,1
2026-01-07T03:30:42+00:00,2026-01-07T03:32:51.052104+00:00,03:30:42,ETH,3272.561,3272.52,3272.67,dom,1
2026-01-07T03:30:43+00:00,2026-01-07T03:32:52.052916+00:00,03:30:43,ETH,3272.481,3272.46,3272.63,dom,1
2026-01-07T03:30:44+00:00,2026-01-07T03:32:53.050248+00:00,03:30:44,ETH,3272.411,3272.4,3272.59,dom,1
2026-01-07T03:30:45+00:00,2026-01-07T03:32:54.077345+00:00,03:30:45,ETH,3272.291,3272.29,3272.35,dom,1
2026-01-07T03:30:46+00:00,2026-01-07T03:32:55.066293+00:00,03:30:46,ETH,3272.271,3272.25,3272.3,dom,1
2026-01-07T03:30:47+00:00,2026-01-07T03:32:56.067700+00:00,03:30:47,ETH,3272.291,3272.26,3272.36,dom,1
2026-01-07T03:30:48+00:00,2026-01-07T03:32:57.083412+00:00,03:30:48,ETH,3272.261,3272.25,3272.3,dom,1
2026-01-07T03:30:49+00:00,2026-01-07T03:32:58.101025+00:00,03:30:49,ETH,3272.371,3272.35,3272.43,dom,1
2026-01-07T03:30:50+00:00,2026-01-07T03:32:59.109292+00:00,03:30:50,ETH,3272.501,3272.47,3272.57,dom,1
2026-01-07T03:30:51+00:00,2026-01-07T03:33:00.119588+00:00,03:30:51,ETH,3272.501,3272.49,3272.58,dom,1
2026-01-07T03:30:52+00:00,2026-01-07T03:33:01.102234+00:00,03:30:52,ETH,3272.501,3272.49,3272.58,dom,1
2026-01-07T03:30:53+00:00,2026-01-07T03:33:02.111337+00:00,03:30:53,ETH,3272.501,3272.46,3272.52,dom,1
2026-01-07T03:30:54+00:00,2026-01-07T03:33:03.110302+00:00,03:30:54,ETH,3272.501,3272.43,3272.51,dom,1
2026-01-07T03:30:55+00:00,2026-01-07T03:33:04.109637+00:00,03:30:55,ETH,3272.451,3272.45,3272.5,dom,1
2026-01-07T03:30:56+00:00,2026-01-07T03:33:05.138539+00:00,03:30:56,ETH,3272.491,3272.44,3272.5,dom,1
2026-01-07T03:30:57+00:00,2026-01-07T03:33:06.126785+00:00,03:30:57,ETH,3272.261,3272.17,3272.35,dom,1
2026-01-07T03:30:58+00:00,2026-01-07T03:33:07.143596+00:00,03:30:58,ETH,3272.101,3272.09,3272.11,dom,1
2026-01-07T03:30:59+00:00,2026-01-07T03:33:08.142242+00:00,03:30:59,ETH,3272.081,3272.08,3272.15,dom,1
2026-01-07T03:31:00+00:00,2026-01-07T03:33:09.142578+00:00,03:31:00,ETH,3272.081,3272.06,3272.12,dom,1
2026-01-07T03:31:01+00:00,2026-01-07T03:33:10.162470+00:00,03:31:01,ETH,3272.081,3272.05,3272.09,dom,1
2026-01-07T03:31:02+00:00,2026-01-07T03:33:11.162787+00:00,03:31:02,ETH,3271.491,3271.32,3271.7,dom,1
2026-01-07T03:31:03+00:00,2026-01-07T03:33:12.171503+00:00,03:31:03,ETH,3271.491,3271.33,3271.69,dom,1
2026-01-07T03:31:04+00:00,2026-01-07T03:33:13.169246+00:00,03:31:04,ETH,3271.491,3271.34,3271.58,dom,1
2026-01-07T03:31:05+00:00,2026-01-07T03:33:14.167890+00:00,03:31:05,ETH,3271.491,3271.3,3271.53,dom,1
2026-01-07T03:31:06+00:00,2026-01-07T03:33:15.173146+00:00,03:31:06,ETH,3271.201,3271.2,3271.36,dom,1
2026-01-07T03:31:07+00:00,2026-01-07T03:33:16.171413+00:00,03:31:07,ETH,3271.301,3271.29,3271.52,dom,1
2026-01-07T03:31:08+00:00,2026-01-07T03:33:17.180204+00:00,03:31:08,ETH,3271.931,3271.74,3272.08,dom,1
2026-01-07T03:31:09+00:00,2026-01-07T03:33:18.176155+00:00,03:31:09,ETH,3271.911,3271.89,3272.05,dom,1
2026-01-07T03:31:10+00:00,2026-01-07T03:33:19.180939+00:00,03:31:10,ETH,3271.911,3271.87,3272.18,dom,1
2026-01-07T03:31:11+00:00,2026-01-07T03:33:20.171980+00:00,03:31:11,ETH,3271.741,3271.68,3271.84,dom,1
2026-01-07T03:31:12+00:00,2026-01-07T03:33:21.186404+00:00,03:31:12,ETH,3271.641,3271.5,3271.65,dom,1
2026-01-07T03:31:13+00:00,2026-01-07T03:33:22.197087+00:00,03:31:13,ETH,3271.531,3271.48,3271.64,dom,1
2026-01-07T03:31:14+00:00,2026-01-07T03:33:23.215405+00:00,03:31:14,ETH,3271.581,3271.39,3271.63,dom,1
2026-01-07T03:31:15+00:00,2026-01-07T03:33:24.219166+00:00,03:31:15,ETH,3271.521,3271.42,3271.56,dom,1
2026-01-07T03:31:16+00:00,2026-01-07T03:33:25.232976+00:00,03:31:16,ETH,3271.151,3271.1,3271.24,dom,1
2026-01-07T03:31:17+00:00,2026-01-07T03:33:26.233940+00:00,03:31:17,ETH,3270.891,3270.84,3270.94,dom,1
2026-01-07T03:31:18+00:00,2026-01-07T03:33:27.235439+00:00,03:31:18,ETH,3270.801,3270.73,3270.85,dom,1
2026-01-07T03:31:19+00:00,2026-01-07T03:33:28.247432+00:00,03:31:19,ETH,3270.451,3270.41,3270.57,dom,1
2026-01-07T03:31:20+00:00,2026-01-07T03:33:29.252136+00:00,03:31:20,ETH,3270.591,3270.57,3270.8,dom,1
2026-01-07T03:31:21+00:00,2026-01-07T03:33:30.263632+00:00,03:31:21,ETH,3270.731,3270.72,3271.04,dom,1
2026-01-07T03:31:22+00:00,2026-01-07T03:33:31.254832+00:00,03:31:22,ETH,3270.831,3270.82,3271.08,dom,1
2026-01-07T03:31:23+00:00,2026-01-07T03:33:32.263520+00:00,03:31:23,ETH,3270.931,3270.92,3271.12,dom,1
2026-01-07T03:31:24+00:00,2026-01-07T03:33:33.275569+00:00,03:31:24,ETH,3270.981,3270.94,3271.14,dom,1
2026-01-07T03:31:25+00:00,2026-01-07T03:33:34.293996+00:00,03:31:25,ETH,3271.031,3270.96,3271.16,dom,1
2026-01-07T03:31:26+00:00,2026-01-07T03:33:35.287373+00:00,03:31:26,ETH,3271.091,3271,3271.14,dom,1
2026-01-07T03:31:27+00:00,2026-01-07T03:33:36.286090+00:00,03:31:27,ETH,3271.011,3270.99,3271.08,dom,1
2026-01-07T03:31:28+00:00,2026-01-07T03:33:37.286901+00:00,03:31:28,ETH,3271.011,3270.99,3271.08,dom,1
2026-01-07T03:31:29+00:00,2026-01-07T03:33:38.311369+00:00,03:31:29,ETH,3270.991,3270.95,3271.08,dom,1
2026-01-07T03:31:30+00:00,2026-01-07T03:33:39.308384+00:00,03:31:30,ETH,3270.991,3270.95,3271.05,dom,1
2026-01-07T03:31:31+00:00,2026-01-07T03:33:40.323249+00:00,03:31:31,ETH,3270.761,3270.74,3270.87,dom,1
2026-01-07T03:31:32+00:00,2026-01-07T03:33:41.317427+00:00,03:31:32,ETH,3270.751,3270.72,3270.87,dom,1
2026-01-07T03:31:33+00:00,2026-01-07T03:33:42.322842+00:00,03:31:33,ETH,3270.751,3270.68,3270.83,dom,1
2026-01-07T03:31:34+00:00,2026-01-07T03:33:43.372321+00:00,03:31:34,ETH,3270.801,3270.71,3270.89,dom,1
2026-01-07T03:31:35+00:00,2026-01-07T03:33:44.391195+00:00,03:31:35,ETH,3270.801,3270.74,3270.92,dom,1
2026-01-07T03:31:36+00:00,2026-01-07T03:33:45.372794+00:00,03:31:36,ETH,3270.811,3270.74,3270.9,dom,1
2026-01-07T03:31:37+00:00,2026-01-07T03:33:46.557553+00:00,03:31:37,ETH,3270.321,3270.25,3270.85,dom,1
2026-01-07T03:31:38+00:00,2026-01-07T03:33:47.578889+00:00,03:31:38,ETH,3270.391,3270.27,3270.56,dom,1
2026-01-07T03:31:39+00:00,2026-01-07T03:33:48.564336+00:00,03:31:39,ETH,3270.481,3270.43,3270.58,dom,1
2026-01-07T03:31:40+00:00,2026-01-07T03:33:49.575604+00:00,03:31:40,ETH,3270.561,3270.39,3270.62,dom,1
2026-01-07T03:31:41+00:00,2026-01-07T03:33:50.589364+00:00,03:31:41,ETH,3270.321,3270.24,3270.54,dom,1
2026-01-07T03:31:42+00:00,2026-01-07T03:33:51.591662+00:00,03:31:42,ETH,3270.391,3270.29,3270.45,dom,1
2026-01-07T03:31:43+00:00,2026-01-07T03:33:52.616604+00:00,03:31:43,ETH,3270.321,3270.28,3270.36,dom,1
2026-01-07T03:31:44+00:00,2026-01-07T03:33:53.606191+00:00,03:31:44,ETH,3270.131,3270.07,3270.32,dom,1
2026-01-07T03:31:45+00:00,2026-01-07T03:33:54.625829+00:00,03:31:45,ETH,3269.941,3269.87,3270.27,dom,1
2026-01-07T03:31:46+00:00,2026-01-07T03:33:55.623728+00:00,03:31:46,ETH,3269.881,3269.83,3269.96,dom,1
2026-01-07T03:31:47+00:00,2026-01-07T03:33:56.636059+00:00,03:31:47,ETH,3269.881,3269.84,3269.9,dom,1
2026-01-07T03:31:48+00:00,2026-01-07T03:33:57.707642+00:00,03:31:48,ETH,3269.861,3269.79,3270.09,dom,1
2026-01-07T03:31:49+00:00,2026-01-07T03:33:58.668695+00:00,03:31:49,ETH,3269.851,3269.78,3270.05,dom,1
2026-01-07T03:31:50+00:00,2026-01-07T03:33:59.677176+00:00,03:31:50,ETH,3269.791,3269.67,3269.84,dom,1
2026-01-07T03:31:51+00:00,2026-01-07T03:34:00.680545+00:00,03:31:51,ETH,3269.541,3269.53,3269.81,dom,1
2026-01-07T03:31:52+00:00,2026-01-07T03:34:01.694325+00:00,03:31:52,ETH,3269.541,3269.53,3269.8,dom,1
2026-01-07T03:31:53+00:00,2026-01-07T03:34:02.695333+00:00,03:31:53,ETH,3269.541,3269.53,3269.79,dom,1
2026-01-07T03:31:54+00:00,2026-01-07T03:34:03.690043+00:00,03:31:54,ETH,3269.541,3269.53,3269.67,dom,1
2026-01-07T03:31:55+00:00,2026-01-07T03:34:04.776528+00:00,03:31:55,ETH,3269.481,3269.42,3269.6,dom,1
2026-01-07T03:31:56+00:00,2026-01-07T03:34:05.747248+00:00,03:31:56,ETH,3269.191,3268.97,3269.28,dom,1
2026-01-07T03:31:57+00:00,2026-01-07T03:34:06.801427+00:00,03:31:57,ETH,3268.811,3268.56,3269,dom,1
2026-01-07T03:31:58+00:00,2026-01-07T03:34:07.841950+00:00,03:31:58,ETH,3268.661,3268.53,3268.87,dom,1
2026-01-07T03:31:59+00:00,2026-01-07T03:34:08.760454+00:00,03:31:59,ETH,3268.581,3268.52,3268.68,dom,1
2026-01-07T03:32:00+00:00,2026-01-07T03:34:09.730504+00:00,03:32:00,ETH,3268.511,3268.51,3268.61,dom,1
2026-01-07T03:32:01+00:00,2026-01-07T03:34:10.742817+00:00,03:32:01,ETH,3268.681,3268.6,3269.11,dom,1
2026-01-07T03:32:02+00:00,2026-01-07T03:34:11.722279+00:00,03:32:02,ETH,3269.331,3269.17,3269.41,dom,1
2026-01-07T03:32:03+00:00,2026-01-07T03:34:12.728823+00:00,03:32:03,ETH,3269.521,3269.41,3269.64,dom,1
2026-01-07T03:32:04+00:00,2026-01-07T03:34:13.735109+00:00,03:32:04,ETH,3269.681,3269.56,3269.75,dom,1
2026-01-07T03:32:05+00:00,2026-01-07T03:34:14.739725+00:00,03:32:05,ETH,3269.451,3269.33,3269.64,dom,1
2026-01-07T03:32:06+00:00,2026-01-07T03:34:15.731765+00:00,03:32:06,ETH,3269.391,3269.33,3269.44,dom,1
2026-01-07T03:32:07+00:00,2026-01-07T03:34:16.740697+00:00,03:32:07,ETH,3269.361,3269.29,3269.39,dom,1
2026-01-07T03:32:08+00:00,2026-01-07T03:34:17.761378+00:00,03:32:08,ETH,3269.021,3268.95,3269.12,dom,1
2026-01-07T03:32:09+00:00,2026-01-07T03:34:18.763118+00:00,03:32:09,ETH,3269.041,3268.95,3269.07,dom,1
2026-01-07T03:32:10+00:00,2026-01-07T03:34:19.758441+00:00,03:32:10,ETH,3269.221,3269.14,3269.27,dom,1
2026-01-07T03:32:11+00:00,2026-01-07T03:34:20.751040+00:00,03:32:11,ETH,3269.221,3269.15,3269.27,dom,1
2026-01-07T03:32:12+00:00,2026-01-07T03:34:21.772175+00:00,03:32:12,ETH,3269.241,3269.15,3269.29,dom,1
2026-01-07T03:32:13+00:00,2026-01-07T03:34:22.784248+00:00,03:32:13,ETH,3269.151,3268.98,3269.25,dom,1
2026-01-07T03:32:14+00:00,2026-01-07T03:34:23.786385+00:00,03:32:14,ETH,3269.151,3268.98,3269.25,dom,1
2026-01-07T03:32:15+00:00,2026-01-07T03:34:24.792168+00:00,03:32:15,ETH,3269.191,3269.15,3269.25,dom,1
2026-01-07T03:32:16+00:00,2026-01-07T03:34:25.830286+00:00,03:32:16,ETH,3269.261,3269.21,3269.33,dom,1
2026-01-07T03:32:17+00:00,2026-01-07T03:34:26.823084+00:00,03:32:17,ETH,3269.301,3269.25,3269.34,dom,1
2026-01-07T03:32:18+00:00,2026-01-07T03:34:27.845682+00:00,03:32:18,ETH,3269.291,3269.24,3269.33,dom,1
2026-01-07T03:32:19+00:00,2026-01-07T03:34:28.853509+00:00,03:32:19,ETH,3269.291,3269.2,3269.32,dom,1
2026-01-07T03:32:20+00:00,2026-01-07T03:34:29.875839+00:00,03:32:20,ETH,3269.311,3269.3,3269.39,dom,1
2026-01-07T03:32:21+00:00,2026-01-07T03:34:30.874775+00:00,03:32:21,ETH,3269.311,3269.19,3269.36,dom,1
2026-01-07T03:32:22+00:00,2026-01-07T03:34:31.882928+00:00,03:32:22,ETH,3269.341,3269.18,3269.43,dom,1
2026-01-07T03:32:23+00:00,2026-01-07T03:34:32.879241+00:00,03:32:23,ETH,3269.311,3269.15,3269.44,dom,1
2026-01-07T03:32:24+00:00,2026-01-07T03:34:33.879193+00:00,03:32:24,ETH,3269.151,3269.01,3269.27,dom,1
2026-01-07T03:32:25+00:00,2026-01-07T03:34:35.890086+00:00,03:32:25,ETH,3269.331,3269.17,3269.45,dom,1
2026-01-07T03:32:26+00:00,2026-01-07T03:34:36.887679+00:00,03:32:26,ETH,3269.431,3269.26,3269.58,dom,1
2026-01-07T03:32:27+00:00,2026-01-07T03:34:37.907070+00:00,03:32:27,ETH,3269.511,3269.32,3269.59,dom,1
2026-01-07T03:32:28+00:00,2026-01-07T03:34:38.911413+00:00,03:32:28,ETH,3269.491,3269.41,3269.53,dom,1
2026-01-07T03:32:29+00:00,2026-01-07T03:34:39.917091+00:00,03:32:29,ETH,3269.491,3269.45,3269.51,dom,1
2026-01-07T03:32:30+00:00,2026-01-07T03:34:40.907419+00:00,03:32:30,ETH,3269.481,3269.3,3269.51,dom,1
2026-01-07T03:32:31+00:00,2026-01-07T03:34:41.912164+00:00,03:32:31,ETH,3269.471,3269.2,3269.49,dom,1
2026-01-07T03:32:33+00:00,2026-01-07T03:34:43.334986+00:00,03:32:33,ETH,3269.471,3269.33,3269.5,dom,1
2026-01-07T03:32:34+00:00,2026-01-07T03:34:44.302841+00:00,03:32:34,ETH,3269.471,3269.22,3269.5,dom,1
2026-01-07T03:32:35+00:00,2026-01-07T03:34:45.317731+00:00,03:32:35,ETH,3269.591,3269.54,3269.67,dom,1
2026-01-07T03:32:36+00:00,2026-01-07T03:34:46.305420+00:00,03:32:36,ETH,3269.661,3269.61,3269.71,dom,1
2026-01-07T03:32:37+00:00,2026-01-07T03:34:47.312210+00:00,03:32:37,ETH,3269.741,3269.66,3269.82,dom,1
2026-01-07T03:32:38+00:00,2026-01-07T03:34:48.301291+00:00,03:32:38,ETH,3269.891,3269.85,3269.94,dom,1
2026-01-07T03:32:39+00:00,2026-01-07T03:34:49.320270+00:00,03:32:39,ETH,3269.901,3269.87,3269.98,dom,1
2026-01-07T03:32:40+00:00,2026-01-07T03:34:50.329150+00:00,03:32:40,ETH,3269.901,3269.86,3269.94,dom,1
2026-01-07T03:32:41+00:00,2026-01-07T03:34:51.341305+00:00,03:32:41,ETH,3269.751,3269.5,3269.9,dom,1
2026-01-07T03:32:42+00:00,2026-01-07T03:34:52.345450+00:00,03:32:42,ETH,3269.691,3269.49,3269.75,dom,1
2026-01-07T03:32:43+00:00,2026-01-07T03:34:53.352111+00:00,03:32:43,ETH,3269.551,3269.49,3269.66,dom,1
2026-01-07T03:32:44+00:00,2026-01-07T03:34:54.407489+00:00,03:32:44,ETH,3269.531,3269.37,3269.58,dom,1
2026-01-07T03:32:45+00:00,2026-01-07T03:34:55.409778+00:00,03:32:45,ETH,3269.501,3269.32,3269.56,dom,1
2026-01-07T03:32:46+00:00,2026-01-07T03:34:56.414422+00:00,03:32:46,ETH,3269.511,3269.42,3269.54,dom,1
2026-01-07T03:32:47+00:00,2026-01-07T03:34:57.394027+00:00,03:32:47,ETH,3269.501,3269.45,3269.54,dom,1
2026-01-07T03:32:48+00:00,2026-01-07T03:34:58.418058+00:00,03:32:48,ETH,3269.451,3269.32,3269.5,dom,1
2026-01-07T03:32:49+00:00,2026-01-07T03:35:00.456675+00:00,03:32:49,ETH,3269.381,3269.34,3269.41,dom,1
2026-01-07T03:32:50+00:00,2026-01-07T03:35:01.474709+00:00,03:32:50,ETH,3269.361,3269.31,3269.39,dom,1
2026-01-07T03:32:51+00:00,2026-01-07T03:35:02.477370+00:00,03:32:51,ETH,3269.361,3269.27,3269.38,dom,1
2026-01-07T03:32:52+00:00,2026-01-07T03:35:03.466646+00:00,03:32:52,ETH,3269.331,3269.19,3269.35,dom,1
2026-01-07T03:32:53+00:00,2026-01-07T03:35:04.476206+00:00,03:32:53,ETH,3269.231,3269.11,3269.3,dom,1
2026-01-07T03:32:54+00:00,2026-01-07T03:35:05.471662+00:00,03:32:54,ETH,3269.151,3269.04,3269.22,dom,1
2026-01-07T03:32:55+00:00,2026-01-07T03:35:06.459580+00:00,03:32:55,ETH,3269.121,3268.97,3269.16,dom,1
2026-01-07T03:32:56+00:00,2026-01-07T03:35:07.463085+00:00,03:32:56,ETH,3269.121,3268.96,3269.16,dom,1
2026-01-07T03:32:57+00:00,2026-01-07T03:35:08.473094+00:00,03:32:57,ETH,3269.121,3268.97,3269.16,dom,1
2026-01-07T03:32:58+00:00,2026-01-07T03:35:09.478298+00:00,03:32:58,ETH,3269.121,3268.99,3269.15,dom,1
2026-01-07T03:32:59+00:00,2026-01-07T03:35:10.480068+00:00,03:32:59,ETH,3269.121,3268.98,3269.15,dom,1
2026-01-07T03:33:00+00:00,2026-01-07T03:35:11.494009+00:00,03:33:00,ETH,3269.091,3268.96,3269.15,dom,1
2026-01-07T03:33:01+00:00,2026-01-07T03:35:12.487132+00:00,03:33:01,ETH,3269.051,3268.94,3269.15,dom,1
2026-01-07T03:33:02+00:00,2026-01-07T03:35:13.492476+00:00,03:33:02,ETH,3268.801,3268.66,3269.01,dom,1
2026-01-07T03:33:03+00:00,2026-01-07T03:35:14.561354+00:00,03:33:03,ETH,3268.581,3268.35,3268.75,dom,1
2026-01-07T03:33:04+00:00,2026-01-07T03:35:15.554313+00:00,03:33:04,ETH,3268.511,3268.32,3268.58,dom,1
2026-01-07T03:33:05+00:00,2026-01-07T03:35:16.618470+00:00,03:33:05,ETH,3268.361,3268.31,3268.55,dom,1
2026-01-07T03:33:06+00:00,2026-01-07T03:35:17.622612+00:00,03:33:06,ETH,3268.261,3268.19,3268.47,dom,1
2026-01-07T03:33:07+00:00,2026-01-07T03:35:18.613486+00:00,03:33:07,ETH,3268.151,3268.06,3268.31,dom,1
2026-01-07T03:33:08+00:00,2026-01-07T03:35:19.618828+00:00,03:33:08,ETH,3268.101,3267.99,3268.18,dom,1
2026-01-07T03:33:09+00:00,2026-01-07T03:35:20.634699+00:00,03:33:09,ETH,3268.121,3267.95,3268.15,dom,1
2026-01-07T03:33:10+00:00,2026-01-07T03:35:21.633515+00:00,03:33:10,ETH,3268.121,3267.95,3268.15,dom,1
2026-01-07T03:33:11+00:00,2026-01-07T03:35:22.625860+00:00,03:33:11,ETH,3268.121,3267.95,3268.15,dom,1
2026-01-07T03:33:12+00:00,2026-01-07T03:35:23.635251+00:00,03:33:12,ETH,3268.151,3267.95,3268.48,dom,1
2026-01-07T03:33:13+00:00,2026-01-07T03:35:24.620707+00:00,03:33:13,ETH,3269.081,3268.79,3269.09,dom,1
2026-01-07T03:33:14+00:00,2026-01-07T03:35:25.659035+00:00,03:33:14,ETH,3268.981,3268.93,3269.09,dom,1
2026-01-07T03:33:15+00:00,2026-01-07T03:35:26.665851+00:00,03:33:15,ETH,3268.861,3268.81,3268.91,dom,1
2026-01-07T03:33:16+00:00,2026-01-07T03:35:27.662406+00:00,03:33:16,ETH,3268.551,3268.54,3268.57,dom,1
2026-01-07T03:33:17+00:00,2026-01-07T03:35:28.662786+00:00,03:33:17,ETH,3268.241,3268.18,3268.38,dom,1
2026-01-07T03:33:18+00:00,2026-01-07T03:35:29.685304+00:00,03:33:18,ETH,3268.051,3268.01,3268.21,dom,1
2026-01-07T03:33:19+00:00,2026-01-07T03:35:30.739628+00:00,03:33:19,ETH,3268.121,3268.02,3268.25,dom,1
2026-01-07T03:33:20+00:00,2026-01-07T03:35:31.682679+00:00,03:33:20,ETH,3268.171,3268.02,3268.31,dom,1
2026-01-07T03:33:21+00:00,2026-01-07T03:35:32.686989+00:00,03:33:21,ETH,3268.131,3268.02,3268.31,dom,1
2026-01-07T03:33:22+00:00,2026-01-07T03:35:33.739560+00:00,03:33:22,ETH,3268.181,3268.02,3268.38,dom,1
2026-01-07T03:33:23+00:00,2026-01-07T03:35:34.682764+00:00,03:33:23,ETH,3268.181,3268.02,3268.37,dom,1
2026-01-07T03:33:24+00:00,2026-01-07T03:35:35.750805+00:00,03:33:24,ETH,3268.081,3268.02,3268.22,dom,1
2026-01-07T03:33:25+00:00,2026-01-07T03:35:36.738590+00:00,03:33:25,ETH,3268.031,3267.99,3268.14,dom,1
2026-01-07T03:33:26+00:00,2026-01-07T03:35:37.748081+00:00,03:33:26,ETH,3268.001,3267.94,3268.06,dom,1
2026-01-07T03:33:27+00:00,2026-01-07T03:35:38.757442+00:00,03:33:27,ETH,3267.981,3267.93,3268.03,dom,1
2026-01-07T03:33:28+00:00,2026-01-07T03:35:39.748444+00:00,03:33:28,ETH,3267.951,3267.88,3268.03,dom,1
2026-01-07T03:33:29+00:00,2026-01-07T03:35:40.751475+00:00,03:33:29,ETH,3267.881,3267.81,3268,dom,1
2026-01-07T03:33:30+00:00,2026-01-07T03:35:41.740814+00:00,03:33:30,ETH,3267.851,3267.81,3267.96,dom,1
2026-01-07T03:33:31+00:00,2026-01-07T03:35:42.748694+00:00,03:33:31,ETH,3267.831,3267.78,3267.9,dom,1
2026-01-07T03:33:32+00:00,2026-01-07T03:35:43.799630+00:00,03:33:32,ETH,3267.821,3267.78,3267.87,dom,1
2026-01-07T03:33:33+00:00,2026-01-07T03:35:44.760675+00:00,03:33:33,ETH,3267.791,3267.78,3267.87,dom,1
2026-01-07T03:33:34+00:00,2026-01-07T03:35:45.749598+00:00,03:33:34,ETH,3267.751,3267.73,3267.85,dom,1
2026-01-07T03:33:35+00:00,2026-01-07T03:35:46.773778+00:00,03:33:35,ETH,3267.731,3267.7,3267.85,dom,1
2026-01-07T03:33:36+00:00,2026-01-07T03:35:47.768932+00:00,03:33:36,ETH,3267.751,3267.68,3267.84,dom,1
2026-01-07T03:33:37+00:00,2026-01-07T03:35:48.766298+00:00,03:33:37,ETH,3267.851,3267.68,3267.94,dom,1
2026-01-07T03:33:38+00:00,2026-01-07T03:35:49.850817+00:00,03:33:38,ETH,3267.711,3267.66,3267.85,dom,1
2026-01-07T03:33:39+00:00,2026-01-07T03:35:50.827994+00:00,03:33:39,ETH,3267.851,3267.74,3267.96,dom,1
2026-01-07T03:33:40+00:00,2026-01-07T03:35:51.833483+00:00,03:33:40,ETH,3267.991,3267.85,3268.06,dom,1
2026-01-07T03:33:41+00:00,2026-01-07T03:35:52.831934+00:00,03:33:41,ETH,3268.081,3267.95,3268.15,dom,1
2026-01-07T03:33:42+00:00,2026-01-07T03:35:53.830937+00:00,03:33:42,ETH,3267.971,3267.85,3268.08,dom,1
2026-01-07T03:33:43+00:00,2026-01-07T03:35:54.851274+00:00,03:33:43,ETH,3267.841,3267.74,3267.94,dom,1
2026-01-07T03:33:44+00:00,2026-01-07T03:35:55.889071+00:00,03:33:44,ETH,3267.841,3267.74,3267.9,dom,1
2026-01-07T03:33:45+00:00,2026-01-07T03:35:56.882108+00:00,03:33:45,ETH,3267.771,3267.71,3267.87,dom,1
2026-01-07T03:33:46+00:00,2026-01-07T03:35:57.922177+00:00,03:33:46,ETH,3267.721,3267.61,3267.77,dom,1
2026-01-07T03:33:47+00:00,2026-01-07T03:35:58.932181+00:00,03:33:47,ETH,3267.761,3267.71,3267.84,dom,1
2026-01-07T03:33:48+00:00,2026-01-07T03:35:59.935910+00:00,03:33:48,ETH,3267.721,3267.66,3267.77,dom,1
2026-01-07T03:33:49+00:00,2026-01-07T03:36:00.943135+00:00,03:33:49,ETH,3267.731,3267.68,3267.78,dom,1
2026-01-07T03:33:50+00:00,2026-01-07T03:36:01.966553+00:00,03:33:50,ETH,3267.971,3267.71,3268.03,dom,1
2026-01-07T03:33:51+00:00,2026-01-07T03:36:02.989814+00:00,03:33:51,ETH,3268.281,3268.16,3268.34,dom,1
2026-01-07T03:33:52+00:00,2026-01-07T03:36:03.976748+00:00,03:33:52,ETH,3268.471,3268.34,3268.53,dom,1
2026-01-07T03:33:53+00:00,2026-01-07T03:36:04.991008+00:00,03:33:53,ETH,3268.521,3268.4,3268.63,dom,1
2026-01-07T03:33:54+00:00,2026-01-07T03:36:05.988614+00:00,03:33:54,ETH,3268.561,3268.51,3268.67,dom,1
2026-01-07T03:33:55+00:00,2026-01-07T03:36:06.996373+00:00,03:33:55,ETH,3268.721,3268.59,3268.86,dom,1
2026-01-07T03:33:56+00:00,2026-01-07T03:36:08.012957+00:00,03:33:56,ETH,3268.811,3268.72,3268.86,dom,1
2026-01-07T03:33:57+00:00,2026-01-07T03:36:09.009859+00:00,03:33:57,ETH,3268.841,3268.72,3268.94,dom,1
2026-01-07T03:33:58+00:00,2026-01-07T03:36:10.026847+00:00,03:33:58,ETH,3268.841,3268.81,3268.98,dom,1
2026-01-07T03:33:59+00:00,2026-01-07T03:36:12.070510+00:00,03:33:59,ETH,3268.851,3268.83,3268.93,dom,1
2026-01-07T03:34:00+00:00,2026-01-07T03:36:13.065364+00:00,03:34:00,ETH,3269.011,3268.93,3269.09,dom,1
2026-01-07T03:34:01+00:00,2026-01-07T03:36:14.100151+00:00,03:34:01,ETH,3269.401,3269.26,3269.47,dom,1
2026-01-07T03:34:02+00:00,2026-01-07T03:36:15.106701+00:00,03:34:02,ETH,3269.691,3269.59,3269.74,dom,1
2026-01-07T03:34:03+00:00,2026-01-07T03:36:16.146868+00:00,03:34:03,ETH,3269.751,3269.69,3269.82,dom,1
2026-01-07T03:34:04+00:00,2026-01-07T03:36:17.122907+00:00,03:34:04,ETH,3269.791,3269.71,3269.86,dom,1
2026-01-07T03:34:05+00:00,2026-01-07T03:36:18.146233+00:00,03:34:05,ETH,3269.731,3269.58,3269.79,dom,1
2026-01-07T03:34:06+00:00,2026-01-07T03:36:19.151793+00:00,03:34:06,ETH,3269.581,3269.37,3269.62,dom,1
2026-01-07T03:34:07+00:00,2026-01-07T03:36:20.147845+00:00,03:34:07,ETH,3269.581,3269.42,3269.64,dom,1
2026-01-07T03:34:08+00:00,2026-01-07T03:36:21.136294+00:00,03:34:08,ETH,3269.581,3269.48,3269.7,dom,1
2026-01-07T03:34:09+00:00,2026-01-07T03:36:22.140782+00:00,03:34:09,ETH,3269.471,3269.39,3269.6,dom,1
2026-01-07T03:34:10+00:00,2026-01-07T03:36:23.158943+00:00,03:34:10,ETH,3269.451,3269.37,3269.55,dom,1
2026-01-07T03:34:12+00:00,2026-01-07T03:36:24.221239+00:00,03:34:12,ETH,3269.411,3269.3,3269.47,dom,1
2026-01-07T03:34:13+00:00,2026-01-07T03:36:25.228970+00:00,03:34:13,ETH,3269.121,3269.07,3269.27,dom,1
2026-01-07T03:34:14+00:00,2026-01-07T03:36:26.221747+00:00,03:34:14,ETH,3268.741,3268.68,3268.86,dom,1
2026-01-07T03:34:15+00:00,2026-01-07T03:36:27.222905+00:00,03:34:15,ETH,3268.731,3268.65,3268.77,dom,1
2026-01-07T03:34:16+00:00,2026-01-07T03:36:28.218588+00:00,03:34:16,ETH,3268.661,3268.58,3268.7,dom,1
2026-01-07T03:34:17+00:00,2026-01-07T03:36:29.235136+00:00,03:34:17,ETH,3267.911,3267.88,3268.07,dom,1
2026-01-07T03:34:18+00:00,2026-01-07T03:36:30.235629+00:00,03:34:18,ETH,3267.911,3267.86,3268.12,dom,1
2026-01-07T03:34:19+00:00,2026-01-07T03:36:31.248843+00:00,03:34:19,ETH,3267.911,3267.86,3268.05,dom,1
2026-01-07T03:34:20+00:00,2026-01-07T03:36:32.238697+00:00,03:34:20,ETH,3267.871,3267.76,3267.91,dom,1
2026-01-07T03:34:21+00:00,2026-01-07T03:36:33.256024+00:00,03:34:21,ETH,3267.871,3267.78,3267.91,dom,1
2026-01-07T03:34:22+00:00,2026-01-07T03:36:34.239557+00:00,03:34:22,ETH,3267.871,3267.79,3267.91,dom,1
2026-01-07T03:34:23+00:00,2026-01-07T03:36:36.268317+00:00,03:34:23,ETH,3267.861,3267.78,3267.91,dom,1
2026-01-07T03:34:24+00:00,2026-01-07T03:36:37.265466+00:00,03:34:24,ETH,3267.861,3267.77,3267.91,dom,1
2026-01-07T03:34:25+00:00,2026-01-07T03:36:38.260251+00:00,03:34:25,ETH,3267.861,3267.78,3267.91,dom,1
2026-01-07T03:34:26+00:00,2026-01-07T03:36:39.269669+00:00,03:34:26,ETH,3267.861,3267.78,3267.91,dom,1
2026-01-07T03:34:27+00:00,2026-01-07T03:36:40.269027+00:00,03:34:27,ETH,3267.821,3267.7,3267.91,dom,1
2026-01-07T03:34:28+00:00,2026-01-07T03:36:41.352718+00:00,03:34:28,ETH,3267.681,3267.61,3267.84,dom,1
2026-01-07T03:34:29+00:00,2026-01-07T03:36:42.341126+00:00,03:34:29,ETH,3267.531,3267.52,3267.63,dom,1
2026-01-07T03:34:30+00:00,2026-01-07T03:36:43.362466+00:00,03:34:30,ETH,3267.461,3267.42,3267.48,dom,1
2026-01-07T03:34:31+00:00,2026-01-07T03:36:44.368603+00:00,03:34:31,ETH,3267.261,3267.23,3267.33,dom,1
2026-01-07T03:34:32+00:00,2026-01-07T03:36:45.361197+00:00,03:34:32,ETH,3266.971,3266.96,3267.08,dom,1
2026-01-07T03:34:33+00:00,2026-01-07T03:36:46.366612+00:00,03:34:33,ETH,3266.861,3266.73,3267.03,dom,1
2026-01-07T03:34:34+00:00,2026-01-07T03:36:47.340542+00:00,03:34:34,ETH,3266.791,3266.6,3266.97,dom,1
2026-01-07T03:34:35+00:00,2026-01-07T03:36:48.360888+00:00,03:34:35,ETH,3266.591,3266.51,3266.77,dom,1
2026-01-07T03:34:36+00:00,2026-01-07T03:36:49.365356+00:00,03:34:36,ETH,3266.471,3266.44,3266.7,dom,1
2026-01-07T03:34:37+00:00,2026-01-07T03:36:50.357936+00:00,03:34:37,ETH,3266.451,3266.42,3266.85,dom,1
2026-01-07T03:34:38+00:00,2026-01-07T03:36:51.371937+00:00,03:34:38,ETH,3266.421,3266.41,3266.84,dom,1
2026-01-07T03:34:39+00:00,2026-01-07T03:36:52.389211+00:00,03:34:39,ETH,3266.411,3266.4,3266.63,dom,1
2026-01-07T03:34:40+00:00,2026-01-07T03:36:53.409548+00:00,03:34:40,ETH,3266.411,3266.4,3266.63,dom,1
2026-01-07T03:34:41+00:00,2026-01-07T03:36:54.414419+00:00,03:34:41,ETH,3266.451,3266.42,3266.64,dom,1
2026-01-07T03:34:42+00:00,2026-01-07T03:36:55.445902+00:00,03:34:42,ETH,3266.481,3266.42,3266.67,dom,1
2026-01-07T03:34:43+00:00,2026-01-07T03:36:56.435525+00:00,03:34:43,ETH,3266.481,3266.41,3266.73,dom,1
2026-01-07T03:34:44+00:00,2026-01-07T03:36:57.451841+00:00,03:34:44,ETH,3266.481,3266.41,3266.67,dom,1
2026-01-07T03:34:45+00:00,2026-01-07T03:36:58.473587+00:00,03:34:45,ETH,3266.481,3266.42,3266.6,dom,1
2026-01-07T03:34:46+00:00,2026-01-07T03:36:59.466119+00:00,03:34:46,ETH,3266.491,3266.45,3266.61,dom,1
2026-01-07T03:34:47+00:00,2026-01-07T03:37:00.481501+00:00,03:34:47,ETH,3266.491,3266.46,3266.62,dom,1
2026-01-07T03:34:48+00:00,2026-01-07T03:37:01.471733+00:00,03:34:48,ETH,3266.491,3266.44,3266.66,dom,1
2026-01-07T03:34:49+00:00,2026-01-07T03:37:02.490212+00:00,03:34:49,ETH,3266.521,3266.45,3266.68,dom,1
2026-01-07T03:34:50+00:00,2026-01-07T03:37:03.483935+00:00,03:34:50,ETH,3266.651,3266.49,3266.75,dom,1
2026-01-07T03:34:51+00:00,2026-01-07T03:37:04.488015+00:00,03:34:51,ETH,3266.851,3266.59,3266.96,dom,1
2026-01-07T03:34:52+00:00,2026-01-07T03:37:05.492927+00:00,03:34:52,ETH,3267.101,3266.96,3267.26,dom,1
2026-01-07T03:34:53+00:00,2026-01-07T03:37:06.484133+00:00,03:34:53,ETH,3267.381,3267.35,3267.66,dom,1
2026-01-07T03:34:54+00:00,2026-01-07T03:37:07.505695+00:00,03:34:54,ETH,3267.621,3267.53,3267.88,dom,1
2026-01-07T03:34:55+00:00,2026-01-07T03:37:08.490083+00:00,03:34:55,ETH,3267.741,3267.6,3267.87,dom,1
2026-01-07T03:34:56+00:00,2026-01-07T03:37:09.544723+00:00,03:34:56,ETH,3267.751,3267.61,3267.87,dom,1
2026-01-07T03:34:57+00:00,2026-01-07T03:37:10.543859+00:00,03:34:57,ETH,3267.771,3267.59,3267.86,dom,1
2026-01-07T03:34:58+00:00,2026-01-07T03:37:11.556829+00:00,03:34:58,ETH,3267.751,3267.58,3267.87,dom,1
2026-01-07T03:34:59+00:00,2026-01-07T03:37:12.570640+00:00,03:34:59,ETH,3267.621,3267.54,3267.8,dom,1
2026-01-07T03:35:00+00:00,2026-01-07T03:37:13.582672+00:00,03:35:00,ETH,3267.381,3267.36,3267.6,dom,1
2026-01-07T03:35:01+00:00,2026-01-07T03:37:14.570283+00:00,03:35:01,ETH,3267.261,3267.23,3267.46,dom,1
2026-01-07T03:35:02+00:00,2026-01-07T03:37:15.587072+00:00,03:35:02,ETH,3267.261,3267.23,3267.46,dom,1
2026-01-07T03:35:03+00:00,2026-01-07T03:37:16.568018+00:00,03:35:03,ETH,3267.281,3267.23,3267.46,dom,1
2026-01-07T03:35:04+00:00,2026-01-07T03:37:17.567872+00:00,03:35:04,ETH,3267.311,3267.23,3267.45,dom,1
2026-01-07T03:35:05+00:00,2026-01-07T03:37:18.603653+00:00,03:35:05,ETH,3267.311,3267.23,3267.45,dom,1
2026-01-07T03:35:06+00:00,2026-01-07T03:37:19.640107+00:00,03:35:06,ETH,3267.251,3267.17,3267.37,dom,1
2026-01-07T03:35:07+00:00,2026-01-07T03:37:20.629116+00:00,03:35:07,ETH,3267.211,3267.15,3267.28,dom,1
2026-01-07T03:35:08+00:00,2026-01-07T03:37:21.631402+00:00,03:35:08,ETH,3267.211,3267.14,3267.25,dom,1
2026-01-07T03:35:09+00:00,2026-01-07T03:37:22.629569+00:00,03:35:09,ETH,3267.191,3267.12,3267.23,dom,1
2026-01-07T03:35:10+00:00,2026-01-07T03:37:23.635357+00:00,03:35:10,ETH,3267.191,3267.13,3267.23,dom,1
2026-01-07T03:35:11+00:00,2026-01-07T03:37:24.620931+00:00,03:35:11,ETH,3266.821,3266.81,3267.01,dom,1
2026-01-07T03:35:12+00:00,2026-01-07T03:37:25.657122+00:00,03:35:12,ETH,3266.801,3266.79,3267.01,dom,1
2026-01-07T03:35:13+00:00,2026-01-07T03:37:26.664979+00:00,03:35:13,ETH,3266.191,3266.15,3266.28,dom,1
2026-01-07T03:35:14+00:00,2026-01-07T03:37:27.667578+00:00,03:35:14,ETH,3266.251,3266.22,3266.32,dom,1
2026-01-07T03:35:15+00:00,2026-01-07T03:37:28.686053+00:00,03:35:15,ETH,3266.301,3266.3,3266.37,dom,1
2026-01-07T03:35:16+00:00,2026-01-07T03:37:29.690314+00:00,03:35:16,ETH,3266.301,3266.3,3266.37,dom,1
2026-01-07T03:35:17+00:00,2026-01-07T03:37:30.741081+00:00,03:35:17,ETH,3267.011,3266.8,3267.12,dom,1
2026-01-07T03:35:18+00:00,2026-01-07T03:37:31.745055+00:00,03:35:18,ETH,3267.051,3266.99,3267.16,dom,1
2026-01-07T03:35:19+00:00,2026-01-07T03:37:32.684698+00:00,03:35:19,ETH,3267.051,3266.99,3267.14,dom,1
2026-01-07T03:35:20+00:00,2026-01-07T03:37:33.686471+00:00,03:35:20,ETH,3267.051,3266.99,3267.18,dom,1
2026-01-07T03:35:21+00:00,2026-01-07T03:37:34.739368+00:00,03:35:21,ETH,3266.991,3266.98,3267.17,dom,1
2026-01-07T03:35:22+00:00,2026-01-07T03:37:35.695376+00:00,03:35:22,ETH,3267.001,3266.99,3267.14,dom,1
2026-01-07T03:35:23+00:00,2026-01-07T03:37:36.685324+00:00,03:35:23,ETH,3266.991,3266.99,3267.18,dom,1
2026-01-07T03:35:24+00:00,2026-01-07T03:37:37.705179+00:00,03:35:24,ETH,3266.991,3266.99,3267.17,dom,1
2026-01-07T03:35:25+00:00,2026-01-07T03:37:38.725775+00:00,03:35:25,ETH,3267.311,3267.26,3267.36,dom,1
2026-01-07T03:35:26+00:00,2026-01-07T03:37:39.752150+00:00,03:35:26,ETH,3267.381,3267.32,3267.46,dom,1
2026-01-07T03:35:27+00:00,2026-01-07T03:37:40.766782+00:00,03:35:27,ETH,3267.431,3267.38,3267.54,dom,1
2026-01-07T03:35:28+00:00,2026-01-07T03:37:41.772273+00:00,03:35:28,ETH,3267.441,3267.41,3267.56,dom,1
2026-01-07T03:35:29+00:00,2026-01-07T03:37:42.775763+00:00,03:35:29,ETH,3267.441,3267.4,3267.57,dom,1
2026-01-07T03:35:30+00:00,2026-01-07T03:37:43.761114+00:00,03:35:30,ETH,3267.431,3267.35,3267.56,dom,1
2026-01-07T03:35:31+00:00,2026-01-07T03:37:44.765823+00:00,03:35:31,ETH,3267.431,3267.31,3267.52,dom,1
2026-01-07T03:35:32+00:00,2026-01-07T03:37:45.769295+00:00,03:35:32,ETH,3267.431,3267.31,3267.49,dom,1
2026-01-07T03:35:33+00:00,2026-01-07T03:37:46.805215+00:00,03:35:33,ETH,3267.431,3267.33,3267.48,dom,1
2026-01-07T03:35:34+00:00,2026-01-07T03:37:47.799491+00:00,03:35:34,ETH,3267.431,3267.34,3267.48,dom,1
2026-01-07T03:35:35+00:00,2026-01-07T03:37:48.809681+00:00,03:35:35,ETH,3267.311,3267.12,3267.38,dom,1
2026-01-07T03:35:36+00:00,2026-01-07T03:37:49.825323+00:00,03:35:36,ETH,3267.171,3267.05,3267.37,dom,1
2026-01-07T03:35:37+00:00,2026-01-07T03:37:50.811593+00:00,03:35:37,ETH,3267.001,3266.87,3267.25,dom,1
2026-01-07T03:35:38+00:00,2026-01-07T03:37:51.810594+00:00,03:35:38,ETH,3266.941,3266.86,3267.02,dom,1
2026-01-07T03:35:39+00:00,2026-01-07T03:37:52.809162+00:00,03:35:39,ETH,3266.941,3266.84,3267.04,dom,1
2026-01-07T03:35:40+00:00,2026-01-07T03:37:53.821089+00:00,03:35:40,ETH,3266.731,3266.7,3267.02,dom,1
2026-01-07T03:35:41+00:00,2026-01-07T03:37:54.811071+00:00,03:35:41,ETH,3266.751,3266.7,3266.91,dom,1
2026-01-07T03:35:42+00:00,2026-01-07T03:37:55.829324+00:00,03:35:42,ETH,3266.761,3266.71,3266.81,dom,1
2026-01-07T03:35:43+00:00,2026-01-07T03:37:56.818752+00:00,03:35:43,ETH,3266.761,3266.71,3266.81,dom,1
2026-01-07T03:35:44+00:00,2026-01-07T03:37:57.825564+00:00,03:35:44,ETH,3266.731,3266.69,3266.77,dom,1
2026-01-07T03:35:45+00:00,2026-01-07T03:37:58.829162+00:00,03:35:45,ETH,3266.711,3266.68,3266.75,dom,1
2026-01-07T03:35:46+00:00,2026-01-07T03:37:59.867458+00:00,03:35:46,ETH,3266.721,3266.68,3266.8,dom,1
2026-01-07T03:35:47+00:00,2026-01-07T03:38:00.872574+00:00,03:35:47,ETH,3266.711,3266.68,3266.77,dom,1
2026-01-07T03:35:48+00:00,2026-01-07T03:38:01.862357+00:00,03:35:48,ETH,3266.711,3266.67,3266.78,dom,1
2026-01-07T03:35:49+00:00,2026-01-07T03:38:02.858556+00:00,03:35:49,ETH,3266.711,3266.67,3266.78,dom,1
2026-01-07T03:35:50+00:00,2026-01-07T03:38:03.880413+00:00,03:35:50,ETH,3266.831,3266.79,3266.93,dom,1
2026-01-07T03:35:51+00:00,2026-01-07T03:38:04.914366+00:00,03:35:51,ETH,3267.291,3267.17,3267.31,dom,1
2026-01-07T03:35:52+00:00,2026-01-07T03:38:05.933121+00:00,03:35:52,ETH,3267.301,3267.2,3267.37,dom,1
2026-01-07T03:35:53+00:00,2026-01-07T03:38:06.922007+00:00,03:35:53,ETH,3267.301,3267.23,3267.42,dom,1
2026-01-07T03:35:54+00:00,2026-01-07T03:38:07.993618+00:00,03:35:54,ETH,3267.281,3267.23,3267.47,dom,1
2026-01-07T03:35:55+00:00,2026-01-07T03:38:08.991475+00:00,03:35:55,ETH,3267.261,3267.23,3267.42,dom,1
2026-01-07T03:35:56+00:00,2026-01-07T03:38:09.992840+00:00,03:35:56,ETH,3267.271,3267.22,3267.44,dom,1
2026-01-07T03:35:57+00:00,2026-01-07T03:38:10.991435+00:00,03:35:57,ETH,3266.951,3266.91,3267.01,dom,1
2026-01-07T03:35:58+00:00,2026-01-07T03:38:13.008711+00:00,03:35:58,ETH,3266.881,3266.83,3267.02,dom,1
2026-01-07T03:35:59+00:00,2026-01-07T03:38:14.010017+00:00,03:35:59,ETH,3266.911,3266.84,3267.08,dom,1
2026-01-07T03:36:00+00:00,2026-01-07T03:38:15.039215+00:00,03:36:00,ETH,3267.031,3266.93,3267.11,dom,1
2026-01-07T03:36:01+00:00,2026-01-07T03:38:16.042419+00:00,03:36:01,ETH,3267.151,3267.05,3267.23,dom,1
2026-01-07T03:36:02+00:00,2026-01-07T03:38:17.046727+00:00,03:36:02,ETH,3267.151,3267.07,3267.27,dom,1
2026-01-07T03:36:03+00:00,2026-01-07T03:38:18.053067+00:00,03:36:03,ETH,3267.181,3267.08,3267.29,dom,1
2026-01-07T03:36:04+00:00,2026-01-07T03:38:19.057783+00:00,03:36:04,ETH,3267.151,3267.03,3267.24,dom,1
2026-01-07T03:36:05+00:00,2026-01-07T03:38:20.062258+00:00,03:36:05,ETH,3267.121,3267.03,3267.24,dom,1
2026-01-07T03:36:06+00:00,2026-01-07T03:38:21.066511+00:00,03:36:06,ETH,3267.151,3267.09,3267.31,dom,1
2026-01-07T03:36:07+00:00,2026-01-07T03:38:22.066955+00:00,03:36:07,ETH,3267.151,3267.08,3267.36,dom,1
2026-01-07T03:36:08+00:00,2026-01-07T03:38:23.069421+00:00,03:36:08,ETH,3267.151,3267.09,3267.35,dom,1
2026-01-07T03:36:09+00:00,2026-01-07T03:38:24.087408+00:00,03:36:09,ETH,3267.151,3267.09,3267.32,dom,1
2026-01-07T03:36:10+00:00,2026-01-07T03:38:25.075558+00:00,03:36:10,ETH,3267.231,3267.14,3267.36,dom,1
2026-01-07T03:36:11+00:00,2026-01-07T03:38:26.111457+00:00,03:36:11,ETH,3267.281,3267.15,3267.35,dom,1
2026-01-07T03:36:12+00:00,2026-01-07T03:38:27.083973+00:00,03:36:12,ETH,3267.301,3267.21,3267.42,dom,1
2026-01-07T03:36:13+00:00,2026-01-07T03:38:28.103331+00:00,03:36:13,ETH,3267.341,3267.3,3267.53,dom,1
2026-01-07T03:36:14+00:00,2026-01-07T03:38:29.130036+00:00,03:36:14,ETH,3267.351,3267.3,3267.54,dom,1
2026-01-07T03:36:15+00:00,2026-01-07T03:38:30.111745+00:00,03:36:15,ETH,3267.321,3267.27,3267.46,dom,1
2026-01-07T03:36:17+00:00,2026-01-07T03:38:31.241208+00:00,03:36:17,ETH,3267.351,3267.3,3267.45,dom,1
2026-01-07T03:36:18+00:00,2026-01-07T03:38:32.199409+00:00,03:36:18,ETH,3267.381,3267.3,3267.42,dom,1
2026-01-07T03:36:19+00:00,2026-01-07T03:38:33.227078+00:00,03:36:19,ETH,3267.381,3267.3,3267.41,dom,1
2026-01-07T03:36:20+00:00,2026-01-07T03:38:34.217644+00:00,03:36:20,ETH,3267.351,3267.3,3267.39,dom,1
2026-01-07T03:36:21+00:00,2026-01-07T03:38:36.255917+00:00,03:36:21,ETH,3267.321,3267.28,3267.38,dom,1
2026-01-07T03:36:22+00:00,2026-01-07T03:38:37.258154+00:00,03:36:22,ETH,3267.311,3267.27,3267.38,dom,1
2026-01-07T03:36:23+00:00,2026-01-07T03:38:38.259321+00:00,03:36:23,ETH,3267.301,3267.26,3267.38,dom,1
2026-01-07T03:36:24+00:00,2026-01-07T03:38:39.250446+00:00,03:36:24,ETH,3267.301,3267.27,3267.38,dom,1
2026-01-07T03:36:25+00:00,2026-01-07T03:38:40.269774+00:00,03:36:25,ETH,3267.301,3267.27,3267.38,dom,1
2026-01-07T03:36:26+00:00,2026-01-07T03:38:41.273826+00:00,03:36:26,ETH,3267.301,3267.24,3267.38,dom,1
2026-01-07T03:36:27+00:00,2026-01-07T03:38:42.270334+00:00,03:36:27,ETH,3267.301,3267.23,3267.36,dom,1
2026-01-07T03:36:28+00:00,2026-01-07T03:38:43.292412+00:00,03:36:28,ETH,3267.301,3267.25,3267.33,dom,1
2026-01-07T03:36:29+00:00,2026-01-07T03:38:44.315921+00:00,03:36:29,ETH,3267.571,3267.46,3267.6,dom,1
2026-01-07T03:36:30+00:00,2026-01-07T03:38:45.309980+00:00,03:36:30,ETH,3267.861,3267.64,3267.89,dom,1
2026-01-07T03:36:31+00:00,2026-01-07T03:38:46.301761+00:00,03:36:31,ETH,3267.861,3267.6,3267.89,dom,1
2026-01-07T03:36:32+00:00,2026-01-07T03:38:47.355194+00:00,03:36:32,ETH,3267.841,3267.66,3267.88,dom,1
2026-01-07T03:36:33+00:00,2026-01-07T03:38:48.354397+00:00,03:36:33,ETH,3267.841,3267.71,3267.88,dom,1
2026-01-07T03:36:34+00:00,2026-01-07T03:38:49.368864+00:00,03:36:34,ETH,3267.841,3267.68,3267.88,dom,1
2026-01-07T03:36:35+00:00,2026-01-07T03:38:50.373908+00:00,03:36:35,ETH,3267.851,3267.6,3267.88,dom,1
2026-01-07T03:36:36+00:00,2026-01-07T03:38:51.398182+00:00,03:36:36,ETH,3267.841,3267.58,3267.88,dom,1
2026-01-07T03:36:37+00:00,2026-01-07T03:38:52.374343+00:00,03:36:37,ETH,3267.811,3267.59,3267.87,dom,1
2026-01-07T03:36:38+00:00,2026-01-07T03:38:53.415967+00:00,03:36:38,ETH,3267.781,3267.59,3267.87,dom,1
2026-01-07T03:36:39+00:00,2026-01-07T03:38:54.395863+00:00,03:36:39,ETH,3267.751,3267.6,3267.87,dom,1
2026-01-07T03:36:40+00:00,2026-01-07T03:38:55.410072+00:00,03:36:40,ETH,3267.731,3267.57,3267.83,dom,1
2026-01-07T03:36:41+00:00,2026-01-07T03:38:56.410626+00:00,03:36:41,ETH,3267.601,3267.43,3267.64,dom,1
2026-01-07T03:36:42+00:00,2026-01-07T03:38:57.414513+00:00,03:36:42,ETH,3267.391,3267.3,3267.45,dom,1
2026-01-07T03:36:43+00:00,2026-01-07T03:38:58.437025+00:00,03:36:43,ETH,3267.321,3267.29,3267.39,dom,1
2026-01-07T03:36:44+00:00,2026-01-07T03:38:59.451451+00:00,03:36:44,ETH,3267.271,3267.23,3267.33,dom,1
2026-01-07T03:36:45+00:00,2026-01-07T03:39:00.432180+00:00,03:36:45,ETH,3267.231,3267.17,3267.3,dom,1
2026-01-07T03:36:46+00:00,2026-01-07T03:39:01.437269+00:00,03:36:46,ETH,3267.231,3267.17,3267.3,dom,1
2026-01-07T03:36:47+00:00,2026-01-07T03:39:02.458886+00:00,03:36:47,ETH,3267.231,3267.15,3267.33,dom,1
2026-01-07T03:36:48+00:00,2026-01-07T03:39:03.463693+00:00,03:36:48,ETH,3267.191,3267.11,3267.24,dom,1
2026-01-07T03:36:49+00:00,2026-01-07T03:39:04.469114+00:00,03:36:49,ETH,3267.231,3267.2,3267.3,dom,1
2026-01-07T03:36:50+00:00,2026-01-07T03:39:05.483581+00:00,03:36:50,ETH,3267.121,3267.03,3267.15,dom,1
2026-01-07T03:36:51+00:00,2026-01-07T03:39:06.465594+00:00,03:36:51,ETH,3267.121,3267.02,3267.15,dom,1
2026-01-07T03:36:52+00:00,2026-01-07T03:39:07.483049+00:00,03:36:52,ETH,3267.121,3267.01,3267.13,dom,1
2026-01-07T03:36:53+00:00,2026-01-07T03:39:08.477113+00:00,03:36:53,ETH,3267.121,3267.05,3267.13,dom,1
2026-01-07T03:36:54+00:00,2026-01-07T03:39:09.482177+00:00,03:36:54,ETH,3267.121,3267.06,3267.14,dom,1
2026-01-07T03:36:55+00:00,2026-01-07T03:39:10.487484+00:00,03:36:55,ETH,3267.131,3267.02,3267.14,dom,1
2026-01-07T03:36:56+00:00,2026-01-07T03:39:11.487278+00:00,03:36:56,ETH,3267.121,3267.02,3267.14,dom,1
2026-01-07T03:36:57+00:00,2026-01-07T03:39:12.490240+00:00,03:36:57,ETH,3267.121,3266.94,3267.14,dom,1
2026-01-07T03:36:58+00:00,2026-01-07T03:39:13.514695+00:00,03:36:58,ETH,3267.131,3267.11,3267.16,dom,1
2026-01-07T03:36:59+00:00,2026-01-07T03:39:15.186274+00:00,03:36:59,ETH,3267.121,3267,3267.14,dom,1
2026-01-07T03:37:01+00:00,2026-01-07T03:39:16.792918+00:00,03:37:01,ETH,3267.121,3267,3267.14,dom,1
2026-01-07T03:37:02+00:00,2026-01-07T03:39:17.890102+00:00,03:37:02,ETH,3267.131,3267.09,3267.17,dom,1
2026-01-07T03:37:03+00:00,2026-01-07T03:39:18.818109+00:00,03:37:03,ETH,3267.131,3267.09,3267.17,dom,1
2026-01-07T03:37:04+00:00,2026-01-07T03:39:19.904004+00:00,03:37:04,ETH,3267.111,3266.97,3267.12,dom,1
2026-01-07T03:37:05+00:00,2026-01-07T03:39:20.913492+00:00,03:37:05,ETH,3267.101,3267,3267.12,dom,1
2026-01-07T03:37:07+00:00,2026-01-07T03:39:22.241805+00:00,03:37:07,ETH,3267.101,3266.92,3267.12,dom,1
2026-01-07T03:37:08+00:00,2026-01-07T03:39:24.278570+00:00,03:37:08,ETH,3267.111,3266.91,3267.12,dom,1
2026-01-07T03:37:09+00:00,2026-01-07T03:39:25.283577+00:00,03:37:09,ETH,3267.111,3266.92,3267.12,dom,1
2026-01-07T03:37:10+00:00,2026-01-07T03:39:26.290115+00:00,03:37:10,ETH,3267.111,3266.95,3267.12,dom,1
2026-01-07T03:37:11+00:00,2026-01-07T03:39:27.299236+00:00,03:37:11,ETH,3267.111,3266.94,3267.12,dom,1
2026-01-07T03:37:12+00:00,2026-01-07T03:39:28.304564+00:00,03:37:12,ETH,3267.111,3266.93,3267.12,dom,1
2026-01-07T03:37:13+00:00,2026-01-07T03:39:29.324671+00:00,03:37:13,ETH,3267.111,3266.93,3267.12,dom,1
2026-01-07T03:37:14+00:00,2026-01-07T03:39:30.314795+00:00,03:37:14,ETH,3267.111,3266.95,3267.12,dom,1
2026-01-07T03:37:15+00:00,2026-01-07T03:39:31.339229+00:00,03:37:15,ETH,3267.111,3267.02,3267.14,dom,1
2026-01-07T03:37:16+00:00,2026-01-07T03:39:32.328560+00:00,03:37:16,ETH,3267.111,3266.99,3267.14,dom,1
2026-01-07T03:37:17+00:00,2026-01-07T03:39:33.352695+00:00,03:37:17,ETH,3267.101,3266.92,3267.12,dom,1
2026-01-07T03:37:18+00:00,2026-01-07T03:39:34.324796+00:00,03:37:18,ETH,3267.101,3266.95,3267.12,dom,1
2026-01-07T03:37:19+00:00,2026-01-07T03:39:35.347834+00:00,03:37:19,ETH,3267.101,3267.02,3267.13,dom,1
2026-01-07T03:37:20+00:00,2026-01-07T03:39:36.354321+00:00,03:37:20,ETH,3267.101,3266.98,3267.13,dom,1
2026-01-07T03:37:21+00:00,2026-01-07T03:39:37.360577+00:00,03:37:21,ETH,3267.101,3266.91,3267.12,dom,1
2026-01-07T03:37:22+00:00,2026-01-07T03:39:38.375045+00:00,03:37:22,ETH,3267.101,3267,3267.14,dom,1
2026-01-07T03:37:23+00:00,2026-01-07T03:39:39.386332+00:00,03:37:23,ETH,3267.111,3267.08,3267.17,dom,1
2026-01-07T03:37:24+00:00,2026-01-07T03:39:40.377558+00:00,03:37:24,ETH,3267.101,3267.02,3267.16,dom,1
2026-01-07T03:37:25+00:00,2026-01-07T03:39:41.408068+00:00,03:37:25,ETH,3267.091,3266.94,3267.12,dom,1
2026-01-07T03:37:26+00:00,2026-01-07T03:39:42.391429+00:00,03:37:26,ETH,3267.091,3266.96,3267.12,dom,1
2026-01-07T03:37:27+00:00,2026-01-07T03:39:43.595966+00:00,03:37:27,ETH,3267.081,3267.01,3267.11,dom,1
2026-01-07T03:37:28+00:00,2026-01-07T03:39:44.616739+00:00,03:37:28,ETH,3267.081,3267.01,3267.11,dom,1
2026-01-07T03:37:29+00:00,2026-01-07T03:39:45.669378+00:00,03:37:29,ETH,3267.111,3267.03,3267.18,dom,1
2026-01-07T03:37:30+00:00,2026-01-07T03:39:46.632297+00:00,03:37:30,ETH,3267.141,3267.08,3267.26,dom,1
2026-01-07T03:37:31+00:00,2026-01-07T03:39:47.638152+00:00,03:37:31,ETH,3267.201,3267.1,3267.32,dom,1
2026-01-07T03:37:32+00:00,2026-01-07T03:39:48.670721+00:00,03:37:32,ETH,3267.251,3267.12,3267.38,dom,1
2026-01-07T03:37:33+00:00,2026-01-07T03:39:49.704025+00:00,03:37:33,ETH,3267.251,3267.14,3267.4,dom,1
2026-01-07T03:37:34+00:00,2026-01-07T03:39:50.711077+00:00,03:37:34,ETH,3267.251,3267.16,3267.4,dom,1
2026-01-07T03:37:35+00:00,2026-01-07T03:39:51.696786+00:00,03:37:35,ETH,3267.241,3267.16,3267.33,dom,1
2026-01-07T03:37:36+00:00,2026-01-07T03:39:52.703641+00:00,03:37:36,ETH,3267.211,3267.14,3267.26,dom,1
2026-01-07T03:37:37+00:00,2026-01-07T03:39:53.706507+00:00,03:37:37,ETH,3267.221,3267.1,3267.3,dom,1
2026-01-07T03:37:38+00:00,2026-01-07T03:39:54.708688+00:00,03:37:38,ETH,3267.241,3267.09,3267.3,dom,1
2026-01-07T03:37:39+00:00,2026-01-07T03:39:55.726459+00:00,03:37:39,ETH,3267.241,3267.09,3267.32,dom,1
2026-01-07T03:37:40+00:00,2026-01-07T03:39:56.725440+00:00,03:37:40,ETH,3267.191,3267.08,3267.37,dom,1
2026-01-07T03:37:41+00:00,2026-01-07T03:39:57.719156+00:00,03:37:41,ETH,3267.121,3267.08,3267.29,dom,1
2026-01-07T03:37:42+00:00,2026-01-07T03:39:58.723329+00:00,03:37:42,ETH,3267.121,3267.08,3267.22,dom,1
2026-01-07T03:37:43+00:00,2026-01-07T03:39:59.737465+00:00,03:37:43,ETH,3267.121,3267.08,3267.22,dom,1
2026-01-07T03:37:44+00:00,2026-01-07T03:40:00.782076+00:00,03:37:44,ETH,3267.141,3267.08,3267.21,dom,1
2026-01-07T03:37:45+00:00,2026-01-07T03:40:01.744212+00:00,03:37:45,ETH,3267.201,3267.09,3267.31,dom,1
2026-01-07T03:37:46+00:00,2026-01-07T03:40:02.795255+00:00,03:37:46,ETH,3267.251,3267.13,3267.38,dom,1
2026-01-07T03:37:48+00:00,2026-01-07T03:40:03.867789+00:00,03:37:48,ETH,3267.271,3267.23,3267.41,dom,1
2026-01-07T03:37:49+00:00,2026-01-07T03:40:05.814072+00:00,03:37:49,ETH,3267.291,3267.24,3267.4,dom,1
2026-01-07T03:37:51+00:00,2026-01-07T03:40:06.879023+00:00,03:37:51,ETH,3267.271,3267.24,3267.39,dom,1
2026-01-07T03:37:52+00:00,2026-01-07T03:40:07.869854+00:00,03:37:52,ETH,3267.251,3267.18,3267.32,dom,1
2026-01-07T03:37:53+00:00,2026-01-07T03:40:08.873397+00:00,03:37:53,ETH,3267.251,3267.21,3267.32,dom,1
2026-01-07T03:37:54+00:00,2026-01-07T03:40:09.893863+00:00,03:37:54,ETH,3267.251,3267.21,3267.32,dom,1
2026-01-07T03:37:55+00:00,2026-01-07T03:40:10.888108+00:00,03:37:55,ETH,3267.271,3267.21,3267.32,dom,1
2026-01-07T03:37:56+00:00,2026-01-07T03:40:11.922401+00:00,03:37:56,ETH,3267.271,3267.23,3267.33,dom,1
2026-01-07T03:37:57+00:00,2026-01-07T03:40:13.983233+00:00,03:37:57,ETH,3267.221,3267.14,3267.3,dom,1
2026-01-07T03:37:58+00:00,2026-01-07T03:40:14.957617+00:00,03:37:58,ETH,3267.191,3267.11,3267.24,dom,1
2026-01-07T03:37:59+00:00,2026-01-07T03:40:15.987530+00:00,03:37:59,ETH,3267.171,3267.12,3267.21,dom,1
2026-01-07T03:38:00+00:00,2026-01-07T03:40:16.981998+00:00,03:38:00,ETH,3267.161,3267.09,3267.21,dom,1
2026-01-07T03:38:01+00:00,2026-01-07T03:40:18.004343+00:00,03:38:01,ETH,3267.161,3267.09,3267.25,dom,1
2026-01-07T03:38:02+00:00,2026-01-07T03:40:19.016899+00:00,03:38:02,ETH,3267.181,3267.12,3267.3,dom,1
2026-01-07T03:38:03+00:00,2026-01-07T03:40:20.017981+00:00,03:38:03,ETH,3267.181,3267.12,3267.25,dom,1
2026-01-07T03:38:04+00:00,2026-01-07T03:40:21.012702+00:00,03:38:04,ETH,3267.181,3267.12,3267.22,dom,1
2026-01-07T03:38:05+00:00,2026-01-07T03:40:22.030503+00:00,03:38:05,ETH,3267.161,3267.09,3267.2,dom,1
2026-01-07T03:38:06+00:00,2026-01-07T03:40:23.049059+00:00,03:38:06,ETH,3267.131,3267.06,3267.19,dom,1
2026-01-07T03:38:07+00:00,2026-01-07T03:40:24.054894+00:00,03:38:07,ETH,3267.131,3267.06,3267.2,dom,1
2026-01-07T03:38:08+00:00,2026-01-07T03:40:25.061399+00:00,03:38:08,ETH,3267.131,3267.06,3267.22,dom,1
2026-01-07T03:38:09+00:00,2026-01-07T03:40:26.066107+00:00,03:38:09,ETH,3266.881,3266.84,3267.17,dom,1
2026-01-07T03:38:10+00:00,2026-01-07T03:40:27.072261+00:00,03:38:10,ETH,3266.631,3266.62,3266.96,dom,1
2026-01-07T03:38:11+00:00,2026-01-07T03:40:28.080231+00:00,03:38:11,ETH,3266.631,3266.61,3266.81,dom,1
2026-01-07T03:38:12+00:00,2026-01-07T03:40:29.087824+00:00,03:38:12,ETH,3266.621,3266.6,3266.74,dom,1
2026-01-07T03:38:13+00:00,2026-01-07T03:40:30.093495+00:00,03:38:13,ETH,3266.621,3266.57,3266.69,dom,1
2026-01-07T03:38:14+00:00,2026-01-07T03:40:31.108688+00:00,03:38:14,ETH,3266.591,3266.54,3266.67,dom,1
2026-01-07T03:38:15+00:00,2026-01-07T03:40:32.092774+00:00,03:38:15,ETH,3266.571,3266.54,3266.64,dom,1
2026-01-07T03:38:16+00:00,2026-01-07T03:40:33.100831+00:00,03:38:16,ETH,3266.561,3266.52,3266.67,dom,1
2026-01-07T03:38:17+00:00,2026-01-07T03:40:34.105298+00:00,03:38:17,ETH,3266.561,3266.5,3266.67,dom,1
2026-01-07T03:38:18+00:00,2026-01-07T03:40:35.125160+00:00,03:38:18,ETH,3266.561,3266.51,3266.65,dom,1
2026-01-07T03:38:19+00:00,2026-01-07T03:40:36.120096+00:00,03:38:19,ETH,3266.531,3266.49,3266.61,dom,1
2026-01-07T03:38:20+00:00,2026-01-07T03:40:37.159530+00:00,03:38:20,ETH,3266.501,3266.47,3266.57,dom,1
2026-01-07T03:38:21+00:00,2026-01-07T03:40:38.163196+00:00,03:38:21,ETH,3266.501,3266.47,3266.57,dom,1
2026-01-07T03:38:22+00:00,2026-01-07T03:40:39.169246+00:00,03:38:22,ETH,3266.501,3266.46,3266.6,dom,1
2026-01-07T03:38:23+00:00,2026-01-07T03:40:40.167044+00:00,03:38:23,ETH,3266.491,3266.46,3266.59,dom,1
2026-01-07T03:38:24+00:00,2026-01-07T03:40:41.187459+00:00,03:38:24,ETH,3266.461,3266.45,3266.5,dom,1
2026-01-07T03:38:25+00:00,2026-01-07T03:40:42.184155+00:00,03:38:25,ETH,3266.461,3266.45,3266.5,dom,1
2026-01-07T03:38:26+00:00,2026-01-07T03:40:43.234529+00:00,03:38:26,ETH,3266.481,3266.46,3266.59,dom,1
2026-01-07T03:38:27+00:00,2026-01-07T03:40:44.262623+00:00,03:38:27,ETH,3266.471,3266.43,3266.69,dom,1
2026-01-07T03:38:28+00:00,2026-01-07T03:40:45.243651+00:00,03:38:28,ETH,3266.461,3266.41,3266.66,dom,1
2026-01-07T03:38:29+00:00,2026-01-07T03:40:46.232701+00:00,03:38:29,ETH,3266.441,3266.4,3266.56,dom,1
2026-01-07T03:38:30+00:00,2026-01-07T03:40:47.252501+00:00,03:38:30,ETH,3266.631,3266.55,3266.78,dom,1
2026-01-07T03:38:31+00:00,2026-01-07T03:40:48.229339+00:00,03:38:31,ETH,3267.001,3266.9,3267.18,dom,1
2026-01-07T03:38:32+00:00,2026-01-07T03:40:49.243928+00:00,03:38:32,ETH,3267.171,3267.09,3267.27,dom,1
2026-01-07T03:38:33+00:00,2026-01-07T03:40:50.242060+00:00,03:38:33,ETH,3267.161,3267.09,3267.26,dom,1
2026-01-07T03:38:34+00:00,2026-01-07T03:40:51.241084+00:00,03:38:34,ETH,3267.161,3267.09,3267.26,dom,1
2026-01-07T03:38:35+00:00,2026-01-07T03:40:52.243665+00:00,03:38:35,ETH,3267.171,3267.09,3267.26,dom,1
2026-01-07T03:38:36+00:00,2026-01-07T03:40:53.254591+00:00,03:38:36,ETH,3267.181,3267.09,3267.26,dom,1
2026-01-07T03:38:37+00:00,2026-01-07T03:40:54.260497+00:00,03:38:37,ETH,3267.231,3267.14,3267.35,dom,1
2026-01-07T03:38:38+00:00,2026-01-07T03:40:55.270283+00:00,03:38:38,ETH,3267.481,3267.36,3267.62,dom,1
2026-01-07T03:38:39+00:00,2026-01-07T03:40:56.277678+00:00,03:38:39,ETH,3267.701,3267.52,3267.79,dom,1
2026-01-07T03:38:40+00:00,2026-01-07T03:40:57.291243+00:00,03:38:40,ETH,3267.661,3267.52,3267.75,dom,1
2026-01-07T03:38:41+00:00,2026-01-07T03:40:58.304549+00:00,03:38:41,ETH,3267.611,3267.52,3267.71,dom,1
2026-01-07T03:38:42+00:00,2026-01-07T03:40:59.317221+00:00,03:38:42,ETH,3267.651,3267.52,3267.73,dom,1
2026-01-07T03:38:43+00:00,2026-01-07T03:41:00.321083+00:00,03:38:43,ETH,3267.611,3267.45,3267.73,dom,1
2026-01-07T03:38:44+00:00,2026-01-07T03:41:01.324693+00:00,03:38:44,ETH,3267.531,3267.39,3267.71,dom,1
2026-01-07T03:38:45+00:00,2026-01-07T03:41:02.329506+00:00,03:38:45,ETH,3267.531,3267.4,3267.71,dom,1
2026-01-07T03:38:46+00:00,2026-01-07T03:41:03.350496+00:00,03:38:46,ETH,3267.531,3267.49,3267.74,dom,1
