timestamp,collected_at,seconds,up_mid,up_best_bid,up_best_ask,down_mid,down_best_bid,down_best_ask,up_best_bid_size,up_best_ask_size,down_best_bid_size,down_best_ask_size,up_bid_2,up_bid_2_size,up_ask_2,up_ask_2_size,up_bid_3,up_bid_3_size,up_ask_3,up_ask_3_size,up_bid_4,up_bid_4_size,up_ask_4,up_ask_4_size,up_bid_5,up_bid_5_size,up_ask_5,up_ask_5_size,up_bid_6,up_bid_6_size,up_ask_6,up_ask_6_size,down_bid_2,down_bid_2_size,down_ask_2,down_ask_2_size,down_bid_3,down_bid_3_size,down_ask_3,down_ask_3_size,down_bid_4,down_bid_4_size,down_ask_4,down_ask_4_size,down_bid_5,down_bid_5_size,down_ask_5,down_ask_5_size,down_bid_6,down_bid_6_size,down_ask_6,down_ask_6_size
2026-01-07 05:00:00.345000+00:00,2026-01-07 04:59:57.870049+00:00,0.345,0.001,,0.001,0.999,0.999,,,13908.61,13908.61,,,,0.005,9.52,,,0.01,7816.67,,,0.015,5.05,,,0.02,1124.82,,,0.03,232.24,0.995,9.52,,,0.99,7816.67,,,0.985,5.05,,,0.98,1124.82,,,0.97,232.24,,
2026-01-07 05:00:01.532000+00:00,2026-01-07 04:59:58.878617+00:00,1.532,0.001,,0.001,0.999,0.999,,,39483.4,39483.4,,,,0.005,9.52,,,0.01,116938.92,,,0.015,5.05,,,0.02,1124.82,,,0.03,232.24,0.995,9.52,,,0.99,124938.92,,,0.985,5.05,,,0.98,1124.82,,,0.97,232.24,,
2026-01-07 05:00:02.502000+00:00,2026-01-07 04:59:59.900789+00:00,2.502,0.001,,0.001,0.999,0.999,,,39488.4,39488.4,,,,0.002,5.0,,,0.003,5.0,,,0.005,9.52,,,0.01,124938.92,,,0.015,5.05,0.998,5.0,,,0.997,5.0,,,0.996,5.0,,,0.995,14.52,,,0.99,124938.92,,
2026-01-07 05:00:03.556000+00:00,2026-01-07 05:00:00.904257+00:00,3.556,0.565,0.56,0.57,0.435,0.43,0.44,363.37,54.0,54.0,403.37,0.55,86.51,0.59,107.0,0.54,212.44,0.6,250.0,0.53,653.6,0.61,5.0,0.52,2960.02,0.65,5.0,0.51,1765.35,0.67,52.0,0.42,9.0,0.45,86.51,0.41,107.0,0.46,206.44,0.4,250.0,0.47,653.6,0.39,5.0,0.48,2960.02,0.35,5.0,0.49,1765.35
2026-01-07 05:00:04.540000+00:00,2026-01-07 05:00:01.905588+00:00,4.54,0.565,0.56,0.57,0.435,0.43,0.44,289.27,109.0,109.0,289.27,0.55,86.51,0.58,9.0,0.54,227.44,0.59,46.0,0.53,653.6,0.6,313.0,0.52,2960.02,0.61,5.0,0.51,1765.35,0.65,20.0,0.42,9.0,0.45,86.51,0.41,61.0,0.46,227.44,0.4,323.0,0.47,653.6,0.39,5.0,0.48,2960.02,0.35,20.0,0.49,1780.35
2026-01-07 05:00:05.557000+00:00,2026-01-07 05:00:02.906043+00:00,5.557,0.555,0.55,0.56,0.455,0.45,0.46,25.95,71.42,57.63,192.6,0.54,212.44,0.57,108.0,0.53,653.6,0.58,9.0,0.52,2980.02,0.59,96.0,0.51,1830.35,0.6,295.0,0.5,657.32,0.61,40.0,0.44,126.42,0.47,653.6,0.43,85.0,0.48,2995.02,0.42,9.0,0.49,1830.35,0.41,96.0,0.5,672.32,0.4,260.0,0.51,518.0
2026-01-07 05:00:06.528000+00:00,2026-01-07 05:00:03.907599+00:00,6.528,0.535,0.53,0.54,0.46499999999999997,0.46,0.47,650.23,130.0,115.0,652.91,0.52,3036.02,0.55,85.0,0.51,1825.35,0.56,137.0,0.5,672.32,0.57,87.0,0.49,503.0,0.58,35.0,0.48,45.0,0.59,40.0,0.45,85.0,0.48,3036.02,0.44,137.0,0.49,1825.35,0.43,87.0,0.5,672.32,0.42,35.0,0.51,503.0,0.41,40.0,0.52,45.0
2026-01-07 05:00:07.548000+00:00,2026-01-07 05:00:04.914952+00:00,7.548,0.565,0.56,0.57,0.435,0.43,0.44,751.1,120.0,120.0,751.1,0.55,5.0,0.58,10.0,0.53,552.41,0.59,75.0,0.52,3040.02,0.6,295.0,0.51,1825.35,0.61,55.0,0.5,672.32,0.65,5.0,0.42,10.0,0.45,5.0,0.41,75.0,0.47,552.41,0.4,295.0,0.48,3040.02,0.39,55.0,0.49,1825.35,0.35,5.0,0.5,672.32
2026-01-07 05:00:08.570000+00:00,2026-01-07 05:00:05.933793+00:00,8.57,0.565,0.56,0.57,0.435,0.43,0.44,536.1,113.0,183.0,536.1,0.55,5.0,0.58,10.0,0.53,572.41,0.59,75.0,0.52,3029.02,0.6,295.0,0.51,1831.35,0.61,55.0,0.5,657.32,0.65,5.0,0.42,80.0,0.45,5.0,0.41,145.0,0.47,572.41,0.4,365.0,0.48,3029.02,0.39,125.0,0.49,1901.35,0.38,70.0,0.5,727.32
2026-01-07 05:00:09.594000+00:00,2026-01-07 05:00:06.947681+00:00,9.594,0.565,0.56,0.57,0.435,0.43,0.44,466.1,145.0,145.0,471.1,0.55,5.0,0.58,140.0,0.53,563.41,0.59,145.0,0.52,3029.02,0.6,365.0,0.51,1901.35,0.61,125.0,0.5,727.32,0.62,70.0,0.42,140.0,0.45,5.0,0.41,145.0,0.47,633.41,0.4,365.0,0.48,3099.02,0.39,125.0,0.49,1901.35,0.38,70.0,0.5,727.32
2026-01-07 05:00:10.635000+00:00,2026-01-07 05:00:07.958596+00:00,10.635,0.565,0.56,0.57,0.435,0.43,0.44,551.1,219.0,219.0,556.1,0.55,98.0,0.58,187.0,0.54,177.0,0.59,213.0,0.53,613.41,0.6,365.0,0.52,3030.02,0.61,125.0,0.51,1915.35,0.62,70.0,0.42,187.0,0.45,117.0,0.41,213.0,0.46,177.0,0.4,365.0,0.47,613.41,0.39,125.0,0.48,3030.02,0.38,70.0,0.49,1915.35
2026-01-07 05:00:11.323000+00:00,2026-01-07 05:00:08.968368+00:00,11.323,0.565,0.56,0.57,0.435,0.43,0.44,551.1,247.0,247.0,551.1,0.55,117.0,0.58,187.0,0.54,177.0,0.59,152.0,0.53,613.41,0.6,365.0,0.52,3030.02,0.61,125.0,0.51,1900.35,0.62,70.0,0.42,187.0,0.45,117.0,0.41,152.0,0.46,177.0,0.4,365.0,0.47,613.41,0.39,125.0,0.48,3030.02,0.38,70.0,0.49,1920.35
2026-01-07 05:00:12.651000+00:00,2026-01-07 05:00:09.978830+00:00,12.651,0.565,0.56,0.57,0.435,0.43,0.44,429.46,252.0,252.0,429.46,0.55,122.0,0.58,187.0,0.54,160.0,0.59,152.0,0.53,625.41,0.6,365.0,0.52,3030.02,0.61,125.0,0.51,1835.35,0.62,70.0,0.42,187.0,0.45,122.0,0.41,152.0,0.46,160.0,0.4,365.0,0.47,625.41,0.39,125.0,0.48,3030.02,0.38,70.0,0.49,1835.35
2026-01-07 05:00:13.551000+00:00,2026-01-07 05:00:10.997588+00:00,13.551,0.565,0.56,0.57,0.435,0.43,0.44,249.82,201.0,201.0,249.82,0.55,52.0,0.58,235.0,0.54,90.0,0.59,152.0,0.53,625.41,0.6,365.0,0.52,3030.02,0.61,125.0,0.51,1835.35,0.62,70.0,0.42,235.0,0.45,52.0,0.41,152.0,0.46,90.0,0.4,365.0,0.47,625.41,0.39,125.0,0.48,3030.02,0.38,70.0,0.49,1835.35
2026-01-07 05:00:14.652000+00:00,2026-01-07 05:00:12.003270+00:00,14.652,0.565,0.56,0.57,0.435,0.43,0.44,254.82,194.0,194.0,254.82,0.55,52.0,0.58,175.0,0.54,102.0,0.59,225.0,0.53,613.41,0.6,365.0,0.52,3030.02,0.61,125.0,0.51,1835.35,0.62,70.0,0.42,175.0,0.45,52.0,0.41,225.0,0.46,102.0,0.4,365.0,0.47,613.41,0.39,125.0,0.48,3030.02,0.38,70.0,0.49,1835.35
2026-01-07 05:00:15.634000+00:00,2026-01-07 05:00:13.020247+00:00,15.634,0.565,0.56,0.57,0.435,0.43,0.44,254.82,1252.0,1252.0,248.82,0.55,117.0,0.58,175.0,0.54,177.0,0.59,164.0,0.53,613.41,0.6,365.0,0.52,3030.02,0.61,125.0,0.51,1835.35,0.62,70.0,0.42,175.0,0.45,117.0,0.41,164.0,0.46,177.0,0.4,365.0,0.47,613.41,0.39,125.0,0.48,3030.02,0.38,70.0,0.49,1835.35
2026-01-07 05:00:16.685000+00:00,2026-01-07 05:00:14.036741+00:00,16.685,0.565,0.56,0.57,0.435,0.43,0.44,208.82,1179.0,1227.0,208.82,0.55,117.0,0.58,163.0,0.54,117.0,0.59,152.0,0.53,613.41,0.6,365.0,0.52,3030.02,0.61,90.0,0.51,1835.35,0.62,70.0,0.42,199.0,0.45,117.0,0.41,152.0,0.46,129.0,0.4,365.0,0.47,661.41,0.39,90.0,0.48,3030.02,0.38,70.0,0.49,1835.35
2026-01-07 05:00:17.670000+00:00,2026-01-07 05:00:15.041212+00:00,17.67,0.565,0.56,0.57,0.435,0.43,0.44,198.82,1288.0,1237.0,198.82,0.55,117.0,0.58,127.0,0.54,117.0,0.59,152.0,0.53,673.41,0.6,365.0,0.52,3030.02,0.61,90.0,0.51,1835.35,0.62,70.0,0.42,175.0,0.45,117.0,0.41,164.0,0.46,129.0,0.4,365.0,0.47,625.41,0.39,90.0,0.48,3030.02,0.38,70.0,0.49,1835.35
2026-01-07 05:00:18.529000+00:00,2026-01-07 05:00:16.045561+00:00,18.529,0.565,0.56,0.57,0.435,0.43,0.44,203.82,1171.98,1171.98,198.82,0.55,120.0,0.58,235.0,0.54,153.0,0.59,164.0,0.53,625.41,0.6,365.0,0.52,3030.02,0.61,90.0,0.51,1835.35,0.62,70.0,0.42,224.0,0.45,129.0,0.41,164.0,0.46,153.0,0.4,365.0,0.47,625.41,0.39,90.0,0.48,3030.02,0.38,70.0,0.49,1835.35
2026-01-07 05:00:19.667000+00:00,2026-01-07 05:00:17.050291+00:00,19.667,0.565,0.56,0.57,0.435,0.43,0.44,198.82,1249.98,1249.98,203.82,0.55,129.0,0.58,175.0,0.54,165.0,0.59,157.0,0.53,613.41,0.6,365.0,0.52,3030.02,0.61,90.0,0.51,1835.35,0.62,70.0,0.42,175.0,0.45,129.0,0.41,157.0,0.46,165.0,0.4,365.0,0.47,613.41,0.39,90.0,0.48,3030.02,0.38,70.0,0.49,1835.35
2026-01-07 05:00:20.681000+00:00,2026-01-07 05:00:18.053974+00:00,20.681,0.565,0.56,0.57,0.435,0.43,0.44,158.82,1282.98,1282.98,158.82,0.55,117.0,0.58,139.0,0.54,83.0,0.59,152.0,0.53,567.41,0.6,330.0,0.52,3030.02,0.61,90.0,0.51,1835.35,0.62,70.0,0.42,139.0,0.45,117.0,0.41,152.0,0.46,83.0,0.4,330.0,0.47,567.41,0.39,90.0,0.48,3030.02,0.38,70.0,0.49,1835.35
2026-01-07 05:00:21.669000+00:00,2026-01-07 05:00:19.072964+00:00,21.669,0.565,0.56,0.57,0.435,0.43,0.44,100.82,1297.98,1297.98,100.82,0.55,47.0,0.58,139.0,0.54,83.0,0.59,152.0,0.53,567.41,0.6,330.0,0.52,3030.02,0.61,90.0,0.51,1835.35,0.62,70.0,0.42,139.0,0.45,47.0,0.41,152.0,0.46,83.0,0.4,330.0,0.47,567.41,0.39,90.0,0.48,3030.02,0.38,70.0,0.49,1835.35
2026-01-07 05:00:22.655000+00:00,2026-01-07 05:00:20.076576+00:00,22.655,0.565,0.56,0.57,0.435,0.43,0.44,20.0,1282.98,1246.98,20.0,0.55,59.0,0.58,139.0,0.54,83.0,0.59,152.0,0.53,543.41,0.6,330.0,0.52,3030.02,0.61,90.0,0.51,1835.35,0.62,70.0,0.42,127.0,0.45,59.0,0.41,152.0,0.46,95.0,0.4,330.0,0.47,543.41,0.39,90.0,0.48,3030.02,0.38,70.0,0.49,1835.35
2026-01-07 05:00:23.667000+00:00,2026-01-07 05:00:21.080482+00:00,23.667,0.565,0.56,0.57,0.435,0.43,0.44,20.0,1188.98,1188.98,20.0,0.55,59.0,0.58,223.0,0.54,165.0,0.59,164.0,0.53,613.41,0.6,330.0,0.52,3030.02,0.61,90.0,0.51,1835.35,0.62,70.0,0.42,223.0,0.45,59.0,0.41,164.0,0.46,165.0,0.4,330.0,0.47,613.41,0.39,90.0,0.48,3030.02,0.38,70.0,0.49,1835.35
2026-01-07 05:00:24.725000+00:00,2026-01-07 05:00:22.082649+00:00,24.725,0.555,0.55,0.56,0.445,0.44,0.45,59.0,95.0,95.0,59.0,0.54,129.0,0.57,1199.98,0.53,649.41,0.58,212.0,0.52,3030.02,0.59,129.0,0.51,1835.35,0.6,330.0,0.5,682.32,0.61,90.0,0.43,1199.98,0.46,129.0,0.42,212.0,0.47,649.41,0.41,129.0,0.48,3030.02,0.4,330.0,0.49,1835.35,0.39,90.0,0.5,682.32
2026-01-07 05:00:25.739000+00:00,2026-01-07 05:00:23.103396+00:00,25.739,0.555,0.55,0.56,0.445,0.44,0.45,27.33,275.0,332.0,27.33,0.54,6.0,0.57,1168.98,0.53,548.41,0.58,140.0,0.52,3032.02,0.59,110.0,0.51,1859.35,0.6,330.0,0.5,682.32,0.61,90.0,0.43,1168.98,0.46,6.0,0.42,80.0,0.47,543.41,0.41,110.0,0.48,3032.02,0.4,330.0,0.49,1859.35,0.39,90.0,0.5,682.32
2026-01-07 05:00:26.766000+00:00,2026-01-07 05:00:24.120748+00:00,26.766,0.555,0.55,0.56,0.445,0.44,0.45,21.33,2297.0,2297.0,21.33,0.54,6.0,0.57,1168.98,0.53,548.41,0.58,87.0,0.52,3032.02,0.59,110.0,0.51,1789.35,0.6,330.0,0.5,682.32,0.61,90.0,0.43,1168.98,0.46,6.0,0.42,87.0,0.47,548.41,0.41,110.0,0.48,3032.02,0.4,330.0,0.49,1789.35,0.39,90.0,0.5,682.32
2026-01-07 05:00:27.791000+00:00,2026-01-07 05:00:25.136946+00:00,27.791,0.555,0.55,0.56,0.445,0.44,0.45,59.33,2089.0,2089.0,74.33,0.54,94.0,0.57,1098.98,0.53,564.41,0.58,17.0,0.52,3030.02,0.59,101.0,0.51,1970.35,0.6,260.0,0.5,707.32,0.61,20.0,0.43,1098.98,0.46,89.0,0.42,17.0,0.47,629.41,0.41,40.0,0.48,3105.02,0.4,260.0,0.49,1960.35,0.39,84.0,0.5,742.32
2026-01-07 05:00:28.779000+00:00,2026-01-07 05:00:26.138210+00:00,28.779,0.555,0.55,0.56,0.445,0.44,0.45,112.33,2089.0,2089.0,112.33,0.54,84.0,0.57,1098.98,0.53,769.41,0.58,17.0,0.52,3125.02,0.59,40.0,0.51,1920.35,0.6,323.0,0.5,717.32,0.61,20.0,0.43,1098.98,0.46,84.0,0.42,17.0,0.47,709.41,0.41,40.0,0.48,3140.02,0.4,260.0,0.49,1920.35,0.39,20.0,0.5,717.32
2026-01-07 05:00:29.724000+00:00,2026-01-07 05:00:27.156607+00:00,29.724,0.535,0.53,0.54,0.46499999999999997,0.46,0.47,550.74,167.0,134.0,550.74,0.52,2960.02,0.55,162.0,0.51,1801.35,0.56,2169.0,0.5,687.32,0.57,1121.98,0.49,481.0,0.58,7.0,0.48,10.0,0.59,190.0,0.45,162.0,0.48,2960.02,0.44,2169.0,0.49,1806.35,0.43,1121.98,0.5,687.32,0.42,7.0,0.51,481.0,0.41,190.0,0.52,10.0
2026-01-07 05:00:30.798000+00:00,2026-01-07 05:00:28.171640+00:00,30.798,0.535,0.53,0.54,0.46499999999999997,0.46,0.47,555.74,129.0,129.0,555.74,0.52,2960.02,0.55,162.0,0.51,1801.35,0.56,2159.0,0.5,687.32,0.57,1191.98,0.49,481.0,0.58,77.0,0.48,10.0,0.59,110.0,0.45,162.0,0.48,2960.02,0.44,2159.0,0.49,1801.35,0.43,1191.98,0.5,675.32,0.42,77.0,0.51,481.0,0.41,110.0,0.52,10.0
2026-01-07 05:00:31.841000+00:00,2026-01-07 05:00:29.192479+00:00,31.841,0.535,0.53,0.54,0.46499999999999997,0.46,0.47,560.74,120.0,120.0,572.74,0.52,3008.02,0.55,172.0,0.51,1801.35,0.56,2243.0,0.5,627.32,0.57,1191.98,0.49,481.0,0.58,77.0,0.48,10.0,0.59,110.0,0.45,172.0,0.48,3013.02,0.44,2243.0,0.49,1801.35,0.43,1191.98,0.5,627.32,0.42,77.0,0.51,481.0,0.41,110.0,0.52,10.0
2026-01-07 05:00:32.857000+00:00,2026-01-07 05:00:30.207167+00:00,32.857,0.535,0.53,0.54,0.46499999999999997,0.46,0.47,589.74,160.0,261.0,584.74,0.52,3020.02,0.55,172.0,0.51,1801.35,0.56,2300.0,0.5,627.32,0.57,1133.98,0.49,446.0,0.58,77.0,0.48,35.0,0.59,110.0,0.45,160.0,0.48,2965.02,0.44,2159.0,0.49,1765.35,0.43,1133.98,0.5,699.32,0.42,77.0,0.51,470.0,0.41,110.0,0.52,35.0
2026-01-07 05:00:33.832000+00:00,2026-01-07 05:00:31.208733+00:00,33.832,0.535,0.53,0.54,0.46499999999999997,0.46,0.47,584.74,287.0,287.0,584.74,0.52,2965.02,0.55,160.0,0.51,1765.35,0.56,2159.0,0.5,627.32,0.57,1133.98,0.49,458.0,0.58,77.0,0.48,84.0,0.59,110.0,0.45,160.0,0.48,2965.02,0.44,2159.0,0.49,1765.35,0.43,1133.98,0.5,627.32,0.42,77.0,0.51,458.0,0.41,110.0,0.52,84.0
2026-01-07 05:00:34.829000+00:00,2026-01-07 05:00:32.224838+00:00,34.829,0.535,0.53,0.54,0.46499999999999997,0.46,0.47,522.86,266.0,281.0,512.86,0.52,2969.02,0.55,171.0,0.51,1770.35,0.56,2140.0,0.5,627.32,0.57,1122.98,0.49,446.0,0.58,77.0,0.48,12.0,0.59,110.0,0.45,171.0,0.48,2974.02,0.44,2140.0,0.49,1771.35,0.43,1122.98,0.5,627.32,0.42,70.0,0.51,446.0,0.41,110.0,0.52,12.0
2026-01-07 05:00:35.894000+00:00,2026-01-07 05:00:33.241936+00:00,35.894,0.535,0.53,0.54,0.46499999999999997,0.46,0.47,538.86,326.0,266.0,538.86,0.52,2969.02,0.55,171.0,0.51,1771.35,0.56,2147.0,0.5,627.32,0.57,1122.98,0.49,446.0,0.58,70.0,0.47,25.0,0.59,110.0,0.45,171.0,0.48,2969.02,0.44,2147.0,0.49,1771.35,0.43,1122.98,0.5,627.32,0.42,70.0,0.51,446.0,0.41,110.0,0.53,25.0
2026-01-07 05:00:36.871000+00:00,2026-01-07 05:00:34.240817+00:00,36.871,0.535,0.53,0.54,0.46499999999999997,0.46,0.47,553.86,147.0,190.81,553.86,0.52,2981.02,0.55,96.0,0.51,1771.35,0.56,2077.0,0.5,627.32,0.57,1076.98,0.49,516.0,0.58,130.0,0.48,105.0,0.59,110.0,0.45,96.0,0.48,2981.02,0.44,2077.0,0.49,1771.35,0.43,1076.98,0.5,627.32,0.42,130.0,0.51,516.0,0.41,110.0,0.52,105.0
2026-01-07 05:00:37.889000+00:00,2026-01-07 05:00:35.242297+00:00,37.889,0.535,0.53,0.54,0.46499999999999997,0.46,0.47,339.39,190.81,136.81,351.39,0.52,2981.02,0.55,96.0,0.51,1841.35,0.56,2077.0,0.5,697.32,0.57,1100.98,0.49,516.0,0.59,110.0,0.48,105.0,0.6,342.0,0.45,96.0,0.48,2981.02,0.44,2077.0,0.49,1841.35,0.43,1124.98,0.5,697.32,0.41,110.0,0.51,516.0,0.4,342.0,0.52,105.0
2026-01-07 05:00:38.914000+00:00,2026-01-07 05:00:36.260849+00:00,38.914,0.535,0.53,0.54,0.46499999999999997,0.46,0.47,319.39,190.81,190.81,367.39,0.52,3053.02,0.55,108.0,0.51,1853.35,0.56,2149.0,0.5,697.32,0.57,1064.98,0.49,516.0,0.59,110.0,0.48,105.0,0.6,330.0,0.45,140.0,0.48,2969.02,0.44,2077.0,0.49,1841.35,0.43,1100.98,0.5,697.32,0.42,48.0,0.51,516.0,0.41,110.0,0.52,105.0
2026-01-07 05:00:39.661000+00:00,2026-01-07 05:00:37.261562+00:00,39.661,0.535,0.53,0.54,0.46499999999999997,0.46,0.47,269.39,260.81,272.81,269.39,0.52,3029.02,0.55,258.0,0.51,1877.35,0.56,2195.0,0.5,697.32,0.57,1122.98,0.49,516.0,0.58,70.0,0.48,105.0,0.59,110.0,0.45,222.0,0.48,2969.02,0.44,2147.0,0.49,1853.35,0.43,1122.98,0.5,721.32,0.42,70.0,0.51,516.0,0.41,110.0,0.52,105.0
2026-01-07 05:00:40.772000+00:00,2026-01-07 05:00:38.262547+00:00,40.772,0.535,0.53,0.54,0.46499999999999997,0.46,0.47,14.92,363.92,363.92,14.92,0.52,2939.02,0.55,200.0,0.51,1841.35,0.56,2147.0,0.5,745.32,0.57,1122.98,0.49,599.0,0.58,70.0,0.48,80.0,0.59,110.0,0.45,200.0,0.48,2939.02,0.44,2147.0,0.49,1841.35,0.43,1122.98,0.5,745.32,0.42,70.0,0.51,599.0,0.41,110.0,0.52,80.0
2026-01-07 05:00:41.875000+00:00,2026-01-07 05:00:39.277178+00:00,41.875,0.525,0.52,0.53,0.475,0.47,0.48,2936.24,93.0,98.0,2941.24,0.51,1853.35,0.54,307.92,0.5,733.32,0.55,200.0,0.49,563.0,0.56,2147.0,0.48,80.0,0.57,1164.98,0.47,130.0,0.58,94.0,0.46,247.92,0.49,1925.35,0.45,284.0,0.5,709.32,0.44,2147.0,0.51,551.0,0.43,1164.98,0.52,80.0,0.42,94.0,0.53,130.0
2026-01-07 05:00:42.865000+00:00,2026-01-07 05:00:40.293886+00:00,42.865,0.525,0.52,0.53,0.475,0.47,0.48,2956.24,95.0,95.0,2956.24,0.51,1841.35,0.54,235.92,0.5,697.32,0.55,200.0,0.49,551.0,0.56,2147.0,0.48,80.0,0.57,1164.98,0.47,130.0,0.58,178.0,0.46,235.92,0.49,1841.35,0.45,200.0,0.5,697.32,0.44,2147.0,0.51,551.0,0.43,1164.98,0.52,80.0,0.42,178.0,0.53,130.0
2026-01-07 05:00:43.946000+00:00,2026-01-07 05:00:41.308746+00:00,43.946,0.525,0.52,0.53,0.475,0.47,0.48,2996.24,95.0,95.0,2996.24,0.51,1841.35,0.54,230.92,0.5,697.32,0.55,205.0,0.49,551.0,0.56,2147.0,0.48,80.0,0.57,1176.98,0.47,130.0,0.58,166.0,0.46,177.92,0.49,1841.35,0.45,261.0,0.5,697.32,0.44,2147.0,0.51,551.0,0.43,1176.98,0.52,80.0,0.42,166.0,0.53,130.0
2026-01-07 05:00:44.918000+00:00,2026-01-07 05:00:42.310322+00:00,44.918,0.525,0.52,0.53,0.475,0.47,0.48,2816.24,95.0,95.0,2831.24,0.51,1876.35,0.54,177.92,0.5,707.32,0.55,186.0,0.49,551.0,0.56,2082.0,0.48,105.0,0.57,1094.98,0.47,280.0,0.58,94.0,0.46,158.92,0.49,1876.35,0.45,191.0,0.5,707.32,0.44,2077.0,0.51,551.0,0.43,1094.98,0.52,105.0,0.42,94.0,0.53,280.0
2026-01-07 05:00:45.965000+00:00,2026-01-07 05:00:43.310500+00:00,45.965,0.525,0.52,0.53,0.475,0.47,0.48,2752.24,114.0,338.0,2752.24,0.51,1879.35,0.54,99.92,0.5,707.32,0.55,124.0,0.49,551.0,0.56,2134.0,0.48,105.0,0.57,1052.98,0.47,190.0,0.58,106.0,0.46,99.92,0.49,1879.35,0.45,124.0,0.5,713.32,0.44,2127.0,0.51,551.0,0.43,1064.98,0.52,105.0,0.42,166.0,0.53,190.0
2026-01-07 05:00:46.623000+00:00,2026-01-07 05:00:44.313685+00:00,46.623,0.525,0.52,0.53,0.475,0.47,0.48,2773.24,338.0,338.0,2773.24,0.51,1903.35,0.54,104.92,0.5,713.32,0.55,138.0,0.49,551.0,0.56,2175.0,0.48,105.0,0.57,1088.98,0.47,190.0,0.58,94.0,0.46,104.92,0.49,1903.35,0.45,138.0,0.5,713.32,0.44,2175.0,0.51,551.0,0.43,1088.98,0.52,105.0,0.42,94.0,0.53,190.0
2026-01-07 05:00:47.946000+00:00,2026-01-07 05:00:45.314754+00:00,47.946,0.525,0.52,0.53,0.475,0.47,0.48,2783.24,408.0,408.0,2783.24,0.51,1845.35,0.54,174.92,0.5,713.32,0.55,208.0,0.49,551.0,0.56,2233.0,0.48,105.0,0.57,1146.98,0.47,130.0,0.58,70.0,0.46,174.92,0.49,1845.35,0.45,208.0,0.5,713.32,0.44,2233.0,0.51,551.0,0.43,1146.98,0.52,105.0,0.42,70.0,0.53,130.0
2026-01-07 05:00:48.910000+00:00,2026-01-07 05:00:46.317331+00:00,48.91,0.525,0.52,0.53,0.475,0.47,0.48,2732.24,408.0,408.0,2732.24,0.51,1881.35,0.54,174.92,0.5,713.32,0.55,232.0,0.49,551.0,0.56,2140.0,0.48,105.0,0.57,1180.98,0.47,130.0,0.58,70.0,0.46,186.92,0.49,1893.35,0.45,280.0,0.5,725.32,0.44,2140.0,0.51,551.0,0.43,1180.98,0.52,105.0,0.42,70.0,0.53,130.0
2026-01-07 05:00:49.963000+00:00,2026-01-07 05:00:47.319885+00:00,49.963,0.525,0.52,0.53,0.475,0.47,0.48,2855.24,408.0,408.0,2855.24,0.51,1784.35,0.54,169.92,0.5,738.32,0.55,201.0,0.49,551.0,0.56,2200.0,0.48,255.0,0.57,1158.98,0.47,202.0,0.58,130.0,0.46,169.92,0.49,1784.35,0.45,201.0,0.5,738.32,0.44,2188.0,0.51,551.0,0.43,1170.98,0.52,255.0,0.42,130.0,0.53,202.0
2026-01-07 05:00:50.880000+00:00,2026-01-07 05:00:48.341669+00:00,50.88,0.525,0.52,0.53,0.475,0.47,0.48,2823.24,338.0,338.0,2818.24,0.51,1902.35,0.54,174.92,0.5,738.32,0.55,232.0,0.49,551.0,0.56,2188.0,0.48,255.0,0.57,1122.98,0.47,202.0,0.58,130.0,0.46,174.92,0.49,1914.35,0.45,244.0,0.5,738.32,0.44,2188.0,0.51,551.0,0.43,1122.98,0.52,255.0,0.42,130.0,0.53,202.0
2026-01-07 05:00:51.952000+00:00,2026-01-07 05:00:49.349416+00:00,51.952,0.525,0.52,0.53,0.475,0.47,0.48,2767.24,350.0,350.0,2767.24,0.51,1854.35,0.54,258.92,0.5,810.32,0.55,196.0,0.49,575.0,0.56,2140.0,0.48,165.0,0.57,1180.98,0.47,185.0,0.58,70.0,0.46,258.92,0.49,1854.35,0.45,196.0,0.5,810.32,0.44,2140.0,0.51,575.0,0.43,1180.98,0.52,105.0,0.42,70.0,0.53,245.0
2026-01-07 05:00:52.893000+00:00,2026-01-07 05:00:50.358791+00:00,52.893,0.525,0.52,0.53,0.475,0.47,0.48,2742.24,444.0,434.0,2742.24,0.51,1854.35,0.54,174.92,0.5,738.32,0.55,196.0,0.49,623.0,0.56,2197.0,0.48,129.0,0.57,1122.98,0.47,155.0,0.58,70.0,0.46,174.92,0.49,1854.35,0.45,196.0,0.5,738.32,0.44,2197.0,0.51,623.0,0.43,1122.98,0.52,129.0,0.42,70.0,0.53,155.0
2026-01-07 05:00:53.676000+00:00,2026-01-07 05:00:51.382655+00:00,53.676,0.525,0.52,0.53,0.475,0.47,0.48,2722.24,492.0,468.0,2722.24,0.51,1854.35,0.54,169.92,0.5,738.32,0.55,201.0,0.49,623.0,0.56,2197.0,0.48,129.0,0.57,1132.67,0.47,215.0,0.58,75.54,0.46,181.92,0.49,1854.35,0.45,201.0,0.5,738.32,0.44,2197.0,0.51,575.0,0.43,1132.67,0.52,105.0,0.42,75.54,0.53,215.0
2026-01-07 05:00:55.999000+00:00,2026-01-07 05:00:53.397974+00:00,55.999,0.525,0.52,0.53,0.475,0.47,0.48,2794.24,103.81,103.81,2746.24,0.51,1914.35,0.54,104.92,0.5,813.32,0.55,119.0,0.49,725.0,0.56,2118.0,0.48,165.0,0.57,1052.98,0.47,379.0,0.58,5.54,0.46,104.92,0.49,1986.35,0.45,150.0,0.5,833.32,0.44,2142.0,0.51,705.0,0.43,1052.98,0.52,165.0,0.41,110.0,0.53,379.0
2026-01-07 05:00:57.915000+00:00,2026-01-07 05:00:55.426174+00:00,57.915,0.525,0.52,0.53,0.475,0.47,0.48,2739.24,103.81,103.81,2739.24,0.51,1928.35,0.54,111.92,0.5,833.32,0.55,427.0,0.49,656.0,0.56,2082.0,0.48,165.0,0.57,52.98,0.47,202.0,0.58,60.0,0.46,111.92,0.49,1888.35,0.45,427.0,0.5,833.32,0.44,2082.0,0.51,656.0,0.43,52.98,0.52,165.0,0.42,60.0,0.53,202.0
2026-01-07 05:00:58.726000+00:00,2026-01-07 05:00:56.449331+00:00,58.726,0.525,0.52,0.53,0.475,0.47,0.48,2739.24,173.81,173.81,2739.24,0.51,1908.35,0.54,186.92,0.5,853.32,0.55,492.0,0.49,656.0,0.56,2152.0,0.48,165.0,0.57,122.98,0.47,202.0,0.58,130.0,0.46,186.92,0.49,1908.35,0.45,492.0,0.5,853.32,0.44,2152.0,0.51,656.0,0.43,122.98,0.52,165.0,0.42,130.0,0.53,202.0
2026-01-07 05:01:00.101000+00:00,2026-01-07 05:00:57.456898+00:00,60.101,0.525,0.52,0.53,0.475,0.47,0.48,2727.24,233.81,233.81,2727.24,0.51,1784.35,0.54,210.92,0.5,885.32,0.55,420.0,0.49,715.0,0.56,2140.0,0.48,225.0,0.57,122.98,0.47,379.0,0.58,70.0,0.46,210.92,0.49,1784.35,0.45,420.0,0.5,885.32,0.44,2140.0,0.51,624.0,0.43,122.98,0.52,273.0,0.42,70.0,0.53,379.0
2026-01-07 05:01:01.128000+00:00,2026-01-07 05:00:58.480007+00:00,61.128,0.525,0.52,0.53,0.475,0.47,0.48,2790.24,173.81,173.81,2827.24,0.51,1990.35,0.54,174.92,0.5,798.32,0.55,444.0,0.49,565.0,0.56,2212.0,0.48,213.0,0.57,122.98,0.47,379.0,0.58,70.0,0.46,169.92,0.49,1880.35,0.45,437.0,0.5,848.32,0.44,2224.0,0.51,565.0,0.43,122.98,0.52,165.0,0.42,70.0,0.53,379.0
2026-01-07 05:01:02.120000+00:00,2026-01-07 05:00:59.487893+00:00,62.12,0.525,0.52,0.53,0.475,0.47,0.48,2717.03,421.81,436.81,2642.03,0.51,1784.35,0.54,174.92,0.5,653.32,0.55,205.69,0.49,390.0,0.56,2202.54,0.48,107.0,0.57,122.98,0.47,61.24,0.58,70.0,0.46,174.92,0.49,1784.35,0.45,205.69,0.5,653.32,0.44,2202.54,0.51,390.0,0.43,122.98,0.52,107.0,0.42,70.0,0.53,61.24
2026-01-07 05:01:03.151000+00:00,2026-01-07 05:01:00.512594+00:00,63.151,0.525,0.52,0.53,0.475,0.47,0.48,2642.03,445.81,460.81,2642.03,0.51,1796.35,0.54,174.92,0.5,689.32,0.55,253.69,0.49,414.0,0.56,2145.54,0.48,59.0,0.57,180.98,0.47,97.24,0.58,70.0,0.46,174.92,0.49,1796.35,0.45,253.69,0.5,689.32,0.44,2202.54,0.51,414.0,0.43,122.98,0.52,59.0,0.42,70.0,0.53,37.24
2026-01-07 05:01:04.145000+00:00,2026-01-07 05:01:01.519869+00:00,64.145,0.525,0.52,0.53,0.475,0.47,0.48,2591.61,489.81,397.81,2371.4,0.51,1774.35,0.54,228.92,0.5,618.32,0.55,196.0,0.49,390.0,0.56,2145.54,0.48,46.0,0.57,122.98,0.47,84.24,0.58,70.0,0.46,228.92,0.49,1774.35,0.45,196.0,0.5,618.32,0.44,2145.54,0.51,390.0,0.43,122.98,0.52,10.0,0.42,70.0,0.53,72.24
2026-01-07 05:01:05.179000+00:00,2026-01-07 05:01:02.540752+00:00,65.179,0.525,0.52,0.53,0.475,0.47,0.48,2312.54,397.81,327.81,2312.54,0.51,1798.35,0.54,270.92,0.5,666.32,0.55,232.0,0.49,390.0,0.56,2152.0,0.48,10.0,0.57,122.98,0.47,72.24,0.58,70.0,0.46,270.92,0.49,1798.35,0.45,232.0,0.5,666.32,0.44,2157.0,0.51,390.0,0.43,122.98,0.52,10.0,0.42,70.0,0.53,72.24
2026-01-07 05:01:06.110000+00:00,2026-01-07 05:01:03.546758+00:00,66.11,0.525,0.52,0.53,0.475,0.47,0.48,2228.54,327.81,327.81,2228.54,0.51,1810.35,0.54,263.92,0.5,642.32,0.55,256.0,0.49,426.0,0.56,2140.0,0.48,10.0,0.57,122.98,0.47,72.24,0.58,70.0,0.46,193.92,0.49,1810.35,0.45,256.0,0.5,642.32,0.44,2140.0,0.51,426.0,0.43,122.98,0.52,10.0,0.42,70.0,0.53,72.24
2026-01-07 05:01:07.992000+00:00,2026-01-07 05:01:05.548602+00:00,67.992,0.535,0.53,0.54,0.46499999999999997,0.46,0.47,131.0,104.92,104.92,131.0,0.52,2259.54,0.55,206.0,0.51,1856.35,0.56,2094.0,0.5,723.32,0.57,122.98,0.49,388.0,0.58,70.0,0.48,105.0,0.59,110.0,0.45,206.0,0.48,2244.54,0.44,2094.0,0.49,1856.35,0.43,122.98,0.5,723.32,0.42,70.0,0.51,388.0,0.41,110.0,0.52,105.0
2026-01-07 05:01:09.961000+00:00,2026-01-07 05:01:07.572027+00:00,69.961,0.535,0.53,0.54,0.46499999999999997,0.46,0.47,143.0,248.56,233.56,143.0,0.52,2291.54,0.55,258.0,0.51,1866.35,0.56,2182.0,0.5,717.32,0.57,117.98,0.49,388.0,0.58,70.0,0.48,105.0,0.59,110.0,0.45,258.0,0.48,2291.54,0.44,2182.0,0.49,1866.35,0.43,117.98,0.5,717.32,0.42,70.0,0.51,388.0,0.41,110.0,0.52,105.0
2026-01-07 05:01:11.145000+00:00,2026-01-07 05:01:08.560554+00:00,71.145,0.535,0.53,0.54,0.46499999999999997,0.46,0.47,143.0,236.56,236.56,143.0,0.52,2291.54,0.55,234.0,0.51,1866.35,0.56,2194.0,0.5,717.32,0.57,117.98,0.49,388.0,0.58,70.0,0.48,105.0,0.59,110.0,0.45,234.0,0.48,2291.54,0.44,2206.0,0.49,1866.35,0.43,117.98,0.5,717.32,0.42,70.0,0.51,388.0,0.41,110.0,0.52,105.0
2026-01-07 05:01:12.007000+00:00,2026-01-07 05:01:09.570928+00:00,72.007,0.535,0.53,0.54,0.46499999999999997,0.46,0.47,136.0,228.56,228.56,136.0,0.52,2291.54,0.55,243.69,0.51,1866.35,0.56,2211.54,0.5,717.32,0.57,117.98,0.49,348.0,0.58,70.0,0.48,105.0,0.59,110.0,0.45,243.69,0.48,2291.54,0.44,2211.54,0.49,1866.35,0.43,117.98,0.5,717.32,0.42,70.0,0.51,348.0,0.41,110.0,0.52,105.0
2026-01-07 05:01:13.186000+00:00,2026-01-07 05:01:10.592037+00:00,73.186,0.535,0.53,0.54,0.46499999999999997,0.46,0.47,136.0,228.56,268.56,136.0,0.52,2291.54,0.55,243.69,0.51,1866.35,0.56,2187.54,0.5,717.32,0.57,117.98,0.49,348.0,0.58,70.0,0.48,105.0,0.59,110.0,0.45,267.69,0.48,2291.54,0.44,2187.54,0.49,1866.35,0.43,117.98,0.5,717.32,0.42,70.0,0.51,348.0,0.41,110.0,0.52,105.0
2026-01-07 05:01:14.797000+00:00,2026-01-07 05:01:12.622109+00:00,74.797,0.535,0.53,0.54,0.46499999999999997,0.46,0.47,123.89,452.56,450.56,123.89,0.52,2291.54,0.55,258.0,0.51,1866.35,0.56,2182.0,0.5,717.32,0.57,117.98,0.49,348.0,0.58,70.0,0.48,105.0,0.59,110.0,0.45,258.0,0.48,2291.54,0.44,2182.0,0.49,1866.35,0.43,117.98,0.5,717.32,0.42,70.0,0.51,348.0,0.41,110.0,0.52,105.0
2026-01-07 05:01:16.245000+00:00,2026-01-07 05:01:13.627669+00:00,76.245,0.535,0.53,0.54,0.46499999999999997,0.46,0.47,123.89,511.56,519.56,113.49,0.52,2219.54,0.55,258.0,0.51,1914.35,0.56,2146.0,0.5,741.32,0.57,117.98,0.49,348.0,0.58,70.0,0.48,105.0,0.59,110.0,0.45,258.0,0.48,2219.54,0.44,2146.0,0.49,1914.35,0.43,117.98,0.5,741.32,0.42,70.0,0.51,348.0,0.41,110.0,0.52,105.0
2026-01-07 05:01:17.295000+00:00,2026-01-07 05:01:14.650009+00:00,77.295,0.535,0.53,0.54,0.46499999999999997,0.46,0.47,113.49,411.56,465.56,113.49,0.52,2291.54,0.55,198.0,0.51,1854.35,0.56,2206.0,0.5,717.32,0.57,117.98,0.49,348.0,0.58,70.0,0.48,105.0,0.59,110.0,0.45,222.0,0.48,2303.54,0.44,2218.0,0.49,1854.35,0.43,117.98,0.5,717.32,0.42,70.0,0.51,348.0,0.41,110.0,0.52,105.0
2026-01-07 05:01:18.296000+00:00,2026-01-07 05:01:15.657667+00:00,78.296,0.535,0.53,0.54,0.46499999999999997,0.46,0.47,113.49,392.85,446.85,113.49,0.52,2303.54,0.55,198.0,0.51,1854.35,0.56,2230.0,0.5,717.32,0.57,129.98,0.49,348.0,0.58,70.0,0.48,105.0,0.59,110.0,0.45,198.0,0.48,2303.54,0.44,2230.0,0.49,1854.35,0.43,129.98,0.5,717.32,0.42,70.0,0.51,348.0,0.41,110.0,0.52,105.0
2026-01-07 05:01:19.239000+00:00,2026-01-07 05:01:16.663665+00:00,79.239,0.535,0.53,0.54,0.46499999999999997,0.46,0.47,106.49,431.99,431.99,106.49,0.52,2279.54,0.55,198.0,0.51,1854.35,0.56,2218.0,0.5,717.32,0.57,129.98,0.49,348.0,0.58,70.0,0.48,105.0,0.59,110.0,0.45,198.0,0.48,2291.54,0.44,2218.0,0.49,1854.35,0.43,129.98,0.5,717.32,0.42,70.0,0.51,348.0,0.41,110.0,0.52,105.0
2026-01-07 05:01:20.328000+00:00,2026-01-07 05:01:17.670393+00:00,80.328,0.535,0.53,0.54,0.46499999999999997,0.46,0.47,205.49,406.99,421.99,205.49,0.52,2231.54,0.55,198.0,0.51,1842.35,0.56,2146.0,0.5,717.32,0.57,201.98,0.49,348.0,0.58,82.0,0.48,105.0,0.59,110.0,0.45,198.0,0.48,2220.54,0.44,2146.0,0.49,1842.35,0.43,201.98,0.5,717.32,0.42,82.0,0.51,348.0,0.41,110.0,0.52,105.0
2026-01-07 05:01:21.185000+00:00,2026-01-07 05:01:18.679377+00:00,81.185,0.535,0.53,0.54,0.46499999999999997,0.46,0.47,100.04,367.99,367.99,100.04,0.52,2303.54,0.55,254.0,0.51,1854.35,0.56,2224.0,0.5,717.32,0.57,129.98,0.49,348.0,0.58,70.0,0.48,105.0,0.59,110.0,0.45,254.0,0.48,2303.54,0.44,2230.0,0.49,1854.35,0.43,129.98,0.5,717.32,0.42,70.0,0.51,348.0,0.41,110.0,0.52,105.0
2026-01-07 05:01:22.304000+00:00,2026-01-07 05:01:19.685318+00:00,82.304,0.535,0.53,0.54,0.46499999999999997,0.46,0.47,100.04,421.99,421.99,85.04,0.52,2303.54,0.55,231.69,0.51,1854.35,0.56,2223.54,0.5,717.32,0.57,117.98,0.49,348.0,0.58,70.0,0.48,105.0,0.59,110.0,0.45,231.69,0.48,2303.54,0.44,2223.54,0.49,1854.35,0.43,117.98,0.5,717.32,0.42,70.0,0.51,348.0,0.41,110.0,0.52,105.0
2026-01-07 05:01:23.342000+00:00,2026-01-07 05:01:20.693205+00:00,83.342,0.535,0.53,0.54,0.46499999999999997,0.46,0.47,100.04,367.99,421.99,100.04,0.52,2243.54,0.55,231.69,0.51,1866.35,0.56,2175.54,0.5,717.32,0.57,117.98,0.49,348.0,0.58,70.0,0.48,105.0,0.59,110.0,0.45,231.69,0.48,2291.54,0.44,2223.54,0.49,1866.35,0.43,117.98,0.5,717.32,0.42,70.0,0.51,348.0,0.41,110.0,0.52,105.0
2026-01-07 05:01:24.366000+00:00,2026-01-07 05:01:21.716285+00:00,84.366,0.535,0.53,0.54,0.46499999999999997,0.46,0.47,85.04,421.99,393.09,82.91,0.52,2219.54,0.55,291.69,0.51,1926.35,0.56,2163.54,0.5,729.32,0.57,117.98,0.49,348.0,0.58,70.0,0.48,105.0,0.59,110.0,0.45,291.69,0.48,2219.54,0.44,2163.54,0.49,1926.35,0.43,117.98,0.5,729.32,0.42,70.0,0.51,348.0,0.41,110.0,0.52,105.0
2026-01-07 05:01:25.987000+00:00,2026-01-07 05:01:23.725420+00:00,85.987,0.535,0.53,0.54,0.475,0.47,0.48,82.91,393.09,91.0,2221.76,0.52,2279.54,0.55,270.0,0.51,1878.35,0.56,2170.0,0.5,717.32,0.57,117.98,0.49,348.0,0.58,70.0,0.48,105.0,0.59,110.0,0.46,392.09,0.49,1878.35,0.45,270.0,0.5,717.32,0.44,2170.0,0.51,348.0,0.43,117.98,0.52,105.0,0.42,70.0,0.53,142.24
2026-01-07 05:01:27.243000+00:00,2026-01-07 05:01:24.732175+00:00,87.243,0.525,0.52,0.53,0.475,0.47,0.48,2128.05,111.0,111.0,2128.05,0.51,1926.35,0.54,373.09,0.5,717.32,0.55,282.0,0.49,348.0,0.56,2158.0,0.48,105.0,0.57,117.98,0.47,142.24,0.58,70.0,0.46,373.09,0.49,1926.35,0.45,282.0,0.5,717.32,0.44,2158.0,0.51,348.0,0.43,117.98,0.52,105.0,0.42,70.0,0.53,142.24
2026-01-07 05:01:28.366000+00:00,2026-01-07 05:01:25.738659+00:00,88.366,0.525,0.52,0.53,0.475,0.47,0.48,2096.63,111.0,111.0,2084.63,0.51,1928.35,0.54,382.09,0.5,723.32,0.55,273.0,0.49,348.0,0.56,2152.0,0.48,105.0,0.57,117.98,0.47,142.24,0.58,70.0,0.46,382.09,0.49,1928.35,0.45,273.0,0.5,723.32,0.44,2152.0,0.51,348.0,0.43,117.98,0.52,105.0,0.42,70.0,0.53,142.24
2026-01-07 05:01:29.327000+00:00,2026-01-07 05:01:26.746255+00:00,89.327,0.525,0.52,0.53,0.475,0.47,0.48,2099.63,111.0,126.0,2084.63,0.51,1940.35,0.54,366.09,0.5,723.32,0.55,279.0,0.49,348.0,0.56,2152.0,0.48,105.0,0.57,117.98,0.47,142.24,0.58,70.0,0.46,366.09,0.49,1940.35,0.45,279.0,0.5,723.32,0.44,2152.0,0.51,348.0,0.43,117.98,0.52,105.0,0.42,70.0,0.53,142.24
2026-01-07 05:01:30.125000+00:00,2026-01-07 05:01:27.753789+00:00,90.125,0.525,0.52,0.53,0.475,0.47,0.48,2084.63,116.0,116.0,2074.63,0.51,1940.35,0.54,367.09,0.5,723.32,0.55,279.0,0.49,348.0,0.56,2152.0,0.48,105.0,0.57,117.98,0.47,142.24,0.58,70.0,0.46,367.09,0.49,1940.35,0.45,279.0,0.5,723.32,0.44,2152.0,0.51,348.0,0.43,117.98,0.52,105.0,0.42,70.0,0.53,142.24
2026-01-07 05:01:31.843000+00:00,2026-01-07 05:01:29.782143+00:00,91.843,0.525,0.52,0.53,0.475,0.47,0.48,2057.22,181.0,181.0,2057.22,0.51,1892.35,0.54,313.09,0.5,723.32,0.55,299.0,0.49,348.0,0.56,2188.0,0.48,105.0,0.57,117.98,0.47,142.24,0.58,70.0,0.46,313.09,0.49,1892.35,0.45,299.0,0.5,723.32,0.44,2188.0,0.51,348.0,0.43,117.98,0.52,105.0,0.42,70.0,0.53,142.24
2026-01-07 05:01:33.360000+00:00,2026-01-07 05:01:30.789522+00:00,93.36,0.525,0.52,0.53,0.475,0.47,0.48,2052.22,183.14,183.14,2052.22,0.51,1892.35,0.54,313.09,0.5,623.32,0.55,311.0,0.49,348.0,0.56,2176.0,0.48,105.0,0.57,117.98,0.47,142.24,0.58,70.0,0.46,313.09,0.49,1892.35,0.45,311.0,0.5,623.32,0.44,2176.0,0.51,348.0,0.43,117.98,0.52,105.0,0.42,70.0,0.53,142.24
2026-01-07 05:01:34.403000+00:00,2026-01-07 05:01:31.796482+00:00,94.403,0.525,0.52,0.53,0.475,0.47,0.48,2082.22,97.14,102.14,2060.78,0.51,1927.35,0.54,313.09,0.5,598.32,0.55,219.0,0.49,373.0,0.56,2257.0,0.48,105.0,0.57,117.98,0.47,142.24,0.58,70.0,0.46,313.09,0.49,1927.35,0.45,287.0,0.5,598.32,0.44,2200.0,0.51,373.0,0.43,117.98,0.52,105.0,0.42,70.0,0.53,142.24
2026-01-07 05:01:35.273000+00:00,2026-01-07 05:01:32.805003+00:00,95.273,0.525,0.52,0.53,0.475,0.47,0.48,2033.78,102.14,102.14,2026.78,0.51,1869.35,0.54,313.09,0.5,598.32,0.55,323.0,0.49,373.0,0.56,2164.0,0.48,105.0,0.57,117.98,0.47,142.24,0.58,70.0,0.46,313.09,0.49,1869.35,0.45,323.0,0.5,598.32,0.44,2164.0,0.51,373.0,0.43,117.98,0.52,105.0,0.42,70.0,0.53,142.24
2026-01-07 05:01:36.456000+00:00,2026-01-07 05:01:33.812177+00:00,96.456,0.525,0.52,0.53,0.475,0.47,0.48,1999.78,96.14,96.14,1999.78,0.51,1836.35,0.54,313.09,0.5,598.32,0.55,279.0,0.49,373.0,0.56,2209.0,0.48,105.0,0.57,117.98,0.47,142.24,0.58,70.0,0.46,304.09,0.49,1881.35,0.45,279.0,0.5,598.32,0.44,2209.0,0.51,373.0,0.43,117.98,0.52,105.0,0.42,70.0,0.53,142.24
2026-01-07 05:01:37.396000+00:00,2026-01-07 05:01:34.820318+00:00,97.396,0.525,0.52,0.53,0.475,0.47,0.48,1999.78,96.14,96.14,2004.78,0.51,1881.35,0.54,313.09,0.5,598.32,0.55,279.0,0.49,373.0,0.56,2209.0,0.48,105.0,0.57,117.98,0.47,142.24,0.58,70.0,0.46,313.09,0.49,1881.35,0.45,279.0,0.5,598.32,0.44,2209.0,0.51,373.0,0.43,117.98,0.52,105.0,0.42,70.0,0.53,142.24
2026-01-07 05:01:38.466000+00:00,2026-01-07 05:01:35.826579+00:00,98.466,0.525,0.52,0.53,0.475,0.47,0.48,2031.23,76.14,76.14,2016.23,0.51,1784.35,0.54,14.09,0.5,703.32,0.55,195.0,0.49,463.0,0.56,2145.0,0.48,195.0,0.57,211.98,0.47,155.0,0.58,118.0,0.46,14.09,0.49,1784.35,0.45,195.0,0.5,623.32,0.44,2145.0,0.51,543.0,0.43,211.98,0.52,165.0,0.42,130.0,0.53,200.0
2026-01-07 05:01:39.542000+00:00,2026-01-07 05:01:36.837081+00:00,99.542,0.525,0.52,0.53,0.475,0.47,0.48,2003.06,96.14,96.14,2044.06,0.51,1784.35,0.54,14.09,0.5,673.32,0.55,130.0,0.49,453.0,0.56,2294.0,0.48,225.0,0.57,59.98,0.47,185.0,0.59,110.0,0.46,14.09,0.49,1784.35,0.45,130.0,0.5,623.32,0.44,2342.0,0.51,433.0,0.43,71.98,0.52,245.0,0.41,110.0,0.53,170.0
2026-01-07 05:01:40.426000+00:00,2026-01-07 05:01:37.827414+00:00,100.426,0.525,0.52,0.53,0.475,0.47,0.48,1991.06,99.05,99.05,1991.06,0.51,1784.35,0.54,115.09,0.5,637.32,0.55,181.0,0.49,315.0,0.56,2140.0,0.48,50.0,0.57,117.98,0.47,25.0,0.58,70.0,0.46,115.09,0.49,1784.35,0.45,181.0,0.5,637.32,0.44,2140.0,0.51,315.0,0.43,117.98,0.52,50.0,0.42,70.0,0.53,45.0
2026-01-07 05:01:41.473000+00:00,2026-01-07 05:01:38.834061+00:00,101.473,0.525,0.52,0.53,0.475,0.47,0.48,1928.6,395.0,395.0,1928.6,0.51,1774.35,0.54,223.09,0.5,553.32,0.55,195.0,0.49,278.0,0.56,2140.0,0.48,110.0,0.57,117.98,0.47,96.0,0.58,70.0,0.46,143.09,0.49,1774.35,0.45,195.0,0.5,553.32,0.44,2140.0,0.51,278.0,0.43,117.98,0.52,110.0,0.42,70.0,0.53,96.0
2026-01-07 05:01:42.456000+00:00,2026-01-07 05:01:39.841989+00:00,102.456,0.525,0.52,0.53,0.475,0.47,0.48,1928.6,384.0,396.0,1928.6,0.51,1774.35,0.54,143.09,0.5,553.32,0.55,195.0,0.49,326.0,0.56,2140.0,0.48,98.0,0.57,117.98,0.47,60.0,0.58,70.0,0.46,143.09,0.49,1774.35,0.45,195.0,0.5,553.32,0.44,2140.0,0.51,326.0,0.43,117.98,0.52,98.0,0.42,70.0,0.53,60.0
2026-01-07 05:01:43.487000+00:00,2026-01-07 05:01:40.850721+00:00,103.487,0.525,0.52,0.53,0.475,0.47,0.48,1928.6,329.0,329.0,1921.6,0.51,1834.35,0.54,155.09,0.5,589.32,0.55,279.0,0.49,278.0,0.56,2140.0,0.48,50.0,0.57,117.98,0.47,60.0,0.58,70.0,0.46,155.09,0.49,1834.35,0.45,279.0,0.5,589.32,0.44,2140.0,0.51,278.0,0.43,117.98,0.52,50.0,0.42,70.0,0.53,60.0
2026-01-07 05:01:44.372000+00:00,2026-01-07 05:01:41.871808+00:00,104.372,0.525,0.52,0.53,0.475,0.47,0.48,1921.6,339.0,339.0,1921.6,0.51,1834.35,0.54,155.09,0.5,589.32,0.55,279.0,0.49,278.0,0.56,2140.0,0.48,50.0,0.57,117.98,0.47,60.0,0.58,70.0,0.46,155.09,0.49,1834.35,0.45,279.0,0.5,589.32,0.44,2140.0,0.51,278.0,0.43,117.98,0.52,50.0,0.42,70.0,0.53,60.0
2026-01-07 05:01:45.212000+00:00,2026-01-07 05:01:42.877694+00:00,105.212,0.525,0.52,0.53,0.475,0.47,0.48,1921.6,339.0,339.0,1921.6,0.51,1834.35,0.54,154.09,0.5,659.32,0.55,279.0,0.49,348.0,0.56,2140.0,0.48,120.0,0.57,117.98,0.47,130.0,0.58,70.0,0.46,154.09,0.49,1834.35,0.45,279.0,0.5,659.32,0.44,2140.0,0.51,348.0,0.43,117.98,0.52,120.0,0.42,70.0,0.53,130.0
2026-01-07 05:01:46.472000+00:00,2026-01-07 05:01:43.900994+00:00,106.472,0.525,0.52,0.53,0.475,0.47,0.48,1921.6,359.0,374.0,1921.6,0.51,1834.35,0.54,187.69,0.5,659.32,0.55,279.0,0.49,348.0,0.56,2140.0,0.48,120.0,0.57,117.98,0.47,130.0,0.58,70.0,0.46,187.69,0.49,1834.35,0.45,279.0,0.5,659.32,0.44,2140.0,0.51,348.0,0.43,117.98,0.52,120.0,0.42,70.0,0.53,130.0
2026-01-07 05:01:47.001000+00:00,2026-01-07 05:01:44.908558+00:00,107.001,0.525,0.52,0.53,0.475,0.47,0.48,1921.6,359.0,359.0,1921.6,0.51,1834.35,0.54,187.69,0.5,659.32,0.55,279.0,0.49,348.0,0.56,2140.0,0.48,120.0,0.57,117.98,0.47,130.0,0.58,70.0,0.46,187.69,0.49,1834.35,0.45,279.0,0.5,659.32,0.44,2140.0,0.51,348.0,0.43,117.98,0.52,120.0,0.42,70.0,0.53,130.0
2026-01-07 05:01:48.455000+00:00,2026-01-07 05:01:45.917109+00:00,108.455,0.525,0.52,0.53,0.475,0.47,0.48,1898.12,359.0,379.0,1898.12,0.51,1834.35,0.54,187.69,0.5,659.32,0.55,279.0,0.49,348.0,0.56,2140.0,0.48,120.0,0.57,117.98,0.47,130.0,0.58,70.0,0.46,187.69,0.49,1834.35,0.45,279.0,0.5,659.32,0.44,2140.0,0.51,348.0,0.43,117.98,0.52,120.0,0.42,70.0,0.53,130.0
2026-01-07 05:01:49.488000+00:00,2026-01-07 05:01:46.923491+00:00,109.488,0.525,0.52,0.53,0.475,0.47,0.48,1902.12,357.11,357.11,1902.12,0.51,1825.35,0.54,187.69,0.5,659.32,0.55,279.0,0.49,348.0,0.56,2140.0,0.48,120.0,0.57,117.98,0.47,130.0,0.58,70.0,0.46,187.69,0.49,1825.35,0.45,279.0,0.5,659.32,0.44,2140.0,0.51,348.0,0.43,117.98,0.52,120.0,0.42,70.0,0.53,130.0
2026-01-07 05:01:50.473000+00:00,2026-01-07 05:01:47.930985+00:00,110.473,0.525,0.52,0.53,0.475,0.47,0.48,1902.12,357.11,357.11,1902.12,0.51,1836.35,0.54,187.69,0.5,660.32,0.55,279.0,0.49,348.0,0.56,2140.0,0.48,120.0,0.57,117.98,0.47,130.0,0.58,70.0,0.46,187.69,0.49,1836.35,0.45,279.0,0.5,660.32,0.44,2140.0,0.51,348.0,0.43,117.98,0.52,120.0,0.42,70.0,0.53,130.0
2026-01-07 05:01:51.515000+00:00,2026-01-07 05:01:48.952059+00:00,111.515,0.525,0.52,0.53,0.475,0.47,0.48,1902.12,397.11,397.11,1902.12,0.51,1836.35,0.54,196.38,0.5,660.32,0.55,284.54,0.49,348.0,0.56,2140.0,0.48,120.0,0.57,117.98,0.47,130.0,0.58,70.0,0.46,196.38,0.49,1836.35,0.45,284.54,0.5,660.32,0.44,2140.0,0.51,348.0,0.43,117.98,0.52,120.0,0.42,70.0,0.53,130.0
2026-01-07 05:01:52.601000+00:00,2026-01-07 05:01:49.962073+00:00,112.601,0.525,0.52,0.53,0.475,0.47,0.48,1902.12,397.11,397.11,1902.12,0.51,1776.35,0.54,184.38,0.5,519.32,0.55,200.54,0.49,268.0,0.56,2140.0,0.48,110.0,0.57,117.98,0.47,71.0,0.58,70.0,0.46,184.38,0.49,1776.35,0.45,200.54,0.5,519.32,0.44,2140.0,0.51,268.0,0.43,117.98,0.52,110.0,0.42,70.0,0.53,71.0
2026-01-07 05:01:53.625000+00:00,2026-01-07 05:01:50.971314+00:00,113.625,0.525,0.52,0.53,0.475,0.47,0.48,1503.52,233.11,143.11,1503.52,0.51,1776.35,0.54,174.69,0.5,519.32,0.55,200.54,0.49,268.0,0.56,2140.0,0.48,15.0,0.57,117.98,0.47,85.0,0.58,70.0,0.46,174.69,0.49,1776.35,0.45,195.0,0.5,519.32,0.44,2140.0,0.51,268.0,0.43,117.98,0.52,15.0,0.42,70.0,0.53,85.0
2026-01-07 05:01:54.610000+00:00,2026-01-07 05:01:51.997834+00:00,114.61,0.525,0.52,0.53,0.475,0.47,0.48,1451.18,145.11,145.11,1451.18,0.51,1776.35,0.54,174.69,0.5,519.32,0.55,195.0,0.49,268.0,0.56,2140.0,0.48,87.0,0.57,117.98,0.47,37.0,0.58,70.0,0.46,174.69,0.49,1776.35,0.45,195.0,0.5,519.32,0.44,2140.0,0.51,268.0,0.43,117.98,0.52,87.0,0.42,70.0,0.53,25.0
2026-01-07 05:01:55.637000+00:00,2026-01-07 05:01:53.003578+00:00,115.637,0.525,0.52,0.53,0.475,0.47,0.48,1439.18,133.11,133.11,1439.18,0.51,1788.35,0.54,246.69,0.5,603.32,0.55,207.0,0.49,268.0,0.56,2140.0,0.48,15.0,0.57,117.98,0.47,105.0,0.58,70.0,0.46,258.69,0.49,1788.35,0.45,207.0,0.5,603.32,0.44,2140.0,0.51,268.0,0.43,117.98,0.52,15.0,0.42,70.0,0.53,105.0
2026-01-07 05:01:56.669000+00:00,2026-01-07 05:01:54.026818+00:00,116.669,0.525,0.52,0.53,0.475,0.47,0.48,1406.18,133.11,133.11,1431.18,0.51,1836.35,0.54,133.69,0.5,543.32,0.55,279.0,0.49,268.0,0.56,2140.0,0.48,15.0,0.57,117.98,0.47,25.0,0.58,70.0,0.46,174.69,0.49,1824.35,0.45,279.0,0.5,589.32,0.44,2140.0,0.51,338.0,0.43,117.98,0.52,85.0,0.42,70.0,0.53,95.0
2026-01-07 05:01:57.622000+00:00,2026-01-07 05:01:55.032921+00:00,117.622,0.525,0.52,0.53,0.475,0.47,0.48,1466.18,133.11,133.11,1466.18,0.51,1812.35,0.54,174.69,0.5,589.32,0.55,243.0,0.49,338.0,0.56,2188.0,0.48,85.0,0.57,117.98,0.47,95.0,0.58,70.0,0.46,174.69,0.49,1812.35,0.45,243.0,0.5,589.32,0.44,2188.0,0.51,338.0,0.43,117.98,0.52,85.0,0.42,70.0,0.53,95.0
2026-01-07 05:01:58.233000+00:00,2026-01-07 05:01:56.040549+00:00,118.233,0.525,0.52,0.53,0.475,0.47,0.48,1227.8,133.11,133.11,1227.8,0.51,1836.35,0.54,174.69,0.5,589.32,0.55,243.0,0.49,338.0,0.56,2188.0,0.48,85.0,0.57,117.98,0.47,95.0,0.58,70.0,0.46,174.69,0.49,1836.35,0.45,243.0,0.5,589.32,0.44,2176.0,0.51,338.0,0.43,117.98,0.52,85.0,0.42,70.0,0.53,95.0
2026-01-07 05:01:59.411000+00:00,2026-01-07 05:01:57.043785+00:00,119.411,0.525,0.52,0.53,0.475,0.47,0.48,1237.8,133.11,133.11,1237.8,0.51,1836.35,0.54,174.69,0.5,589.32,0.55,279.0,0.49,338.0,0.56,2152.0,0.48,85.0,0.57,117.98,0.47,95.0,0.58,70.0,0.46,174.69,0.49,1836.35,0.45,279.0,0.5,589.32,0.44,2152.0,0.51,338.0,0.43,117.98,0.52,85.0,0.42,70.0,0.53,95.0
2026-01-07 05:02:00.700000+00:00,2026-01-07 05:01:58.049981+00:00,120.7,0.525,0.52,0.53,0.475,0.47,0.48,1226.8,138.11,138.11,1201.8,0.51,1872.35,0.54,374.69,0.5,589.32,0.55,291.0,0.49,338.0,0.56,2140.0,0.48,85.0,0.57,117.98,0.47,95.0,0.58,70.0,0.46,374.69,0.49,1872.35,0.45,291.0,0.5,589.32,0.44,2140.0,0.51,338.0,0.43,117.98,0.52,85.0,0.42,70.0,0.53,95.0
2026-01-07 05:02:01.752000+00:00,2026-01-07 05:01:59.073886+00:00,121.752,0.525,0.52,0.53,0.475,0.47,0.48,1163.32,191.11,191.11,1163.32,0.51,1760.35,0.54,321.69,0.5,519.32,0.55,195.0,0.49,374.0,0.56,2140.0,0.48,145.0,0.57,117.98,0.47,95.0,0.58,70.0,0.46,365.69,0.49,1851.35,0.45,195.0,0.5,519.32,0.44,2140.0,0.51,304.0,0.43,117.98,0.52,145.0,0.42,70.0,0.53,95.0
2026-01-07 05:02:02.663000+00:00,2026-01-07 05:02:00.078411+00:00,122.663,0.525,0.52,0.53,0.475,0.47,0.48,891.94,128.92,128.92,891.94,0.51,1771.35,0.54,410.69,0.5,659.32,0.55,231.0,0.49,280.0,0.56,2140.0,0.48,85.0,0.57,117.98,0.47,95.0,0.58,70.0,0.46,410.69,0.49,1783.35,0.45,255.0,0.5,683.32,0.44,2140.0,0.51,268.0,0.43,117.98,0.52,85.0,0.42,70.0,0.53,95.0
2026-01-07 05:02:03.657000+00:00,2026-01-07 05:02:01.100133+00:00,123.657,0.525,0.52,0.53,0.475,0.47,0.48,964.94,113.92,113.92,964.94,0.51,1795.35,0.54,374.69,0.5,599.32,0.55,207.0,0.49,268.0,0.56,2224.0,0.48,85.0,0.57,117.98,0.47,95.0,0.58,70.0,0.46,374.69,0.49,1795.35,0.45,207.0,0.5,599.32,0.44,2224.0,0.51,268.0,0.43,117.98,0.52,85.0,0.42,70.0,0.53,95.0
2026-01-07 05:02:04.751000+00:00,2026-01-07 05:02:02.105850+00:00,124.751,0.525,0.52,0.53,0.475,0.47,0.48,982.94,43.92,43.92,768.56,0.51,1841.35,0.54,304.69,0.5,605.32,0.55,125.0,0.49,338.0,0.56,2140.0,0.48,85.0,0.57,117.98,0.47,130.0,0.58,142.0,0.46,304.69,0.49,1841.35,0.45,125.0,0.5,605.32,0.44,2140.0,0.51,338.0,0.43,117.98,0.52,85.0,0.42,142.0,0.53,130.0
2026-01-07 05:02:05.512000+00:00,2026-01-07 05:02:03.119574+00:00,125.512,0.525,0.52,0.53,0.475,0.47,0.48,726.56,43.92,43.92,726.56,0.51,1901.35,0.54,320.69,0.5,605.32,0.55,137.0,0.49,338.0,0.56,2154.0,0.48,85.0,0.57,117.98,0.47,130.0,0.58,70.0,0.46,320.69,0.49,1901.35,0.45,137.0,0.5,605.32,0.44,2142.0,0.51,338.0,0.43,117.98,0.52,85.0,0.42,70.0,0.53,130.0
2026-01-07 05:02:06.774000+00:00,2026-01-07 05:02:04.136023+00:00,126.774,0.525,0.52,0.53,0.475,0.47,0.48,675.56,193.92,181.92,675.56,0.51,1771.35,0.54,374.69,0.5,519.32,0.55,195.0,0.49,268.0,0.56,2140.0,0.48,51.0,0.57,117.98,0.47,25.0,0.58,70.0,0.46,321.69,0.49,1771.35,0.45,195.0,0.5,519.32,0.44,2140.0,0.51,348.0,0.43,117.98,0.52,63.0,0.42,70.0,0.53,73.0
2026-01-07 05:02:07.751000+00:00,2026-01-07 05:02:05.138442+00:00,127.751,0.525,0.52,0.53,0.475,0.47,0.48,493.95,180.92,180.92,469.45,0.51,1771.35,0.54,379.69,0.5,519.32,0.55,195.0,0.49,348.0,0.56,2140.0,0.48,63.0,0.57,117.98,0.47,61.0,0.58,70.0,0.46,379.69,0.49,1771.35,0.45,195.0,0.5,519.32,0.44,2140.0,0.51,348.0,0.43,117.98,0.52,75.0,0.42,70.0,0.53,61.0
2026-01-07 05:02:08.773000+00:00,2026-01-07 05:02:06.141672+00:00,128.773,0.525,0.52,0.53,0.475,0.47,0.48,469.45,177.92,194.92,469.45,0.51,1807.35,0.54,403.69,0.5,519.32,0.55,216.69,0.49,316.0,0.56,2145.54,0.48,107.0,0.57,117.98,0.47,25.0,0.58,70.0,0.46,403.69,0.49,1807.35,0.45,216.69,0.5,519.32,0.44,2145.54,0.51,328.0,0.43,117.98,0.52,15.0,0.42,70.0,0.53,25.0
2026-01-07 05:02:09.780000+00:00,2026-01-07 05:02:07.162517+00:00,129.78,0.525,0.52,0.53,0.475,0.47,0.48,378.4,129.92,129.92,326.73,0.51,1771.35,0.54,379.69,0.5,519.32,0.55,204.69,0.49,268.0,0.56,2145.54,0.48,15.0,0.57,117.98,0.47,61.0,0.58,70.0,0.46,379.69,0.49,1771.35,0.45,204.69,0.5,519.32,0.44,2145.54,0.51,268.0,0.43,117.98,0.52,15.0,0.42,70.0,0.53,25.0
2026-01-07 05:02:10.831000+00:00,2026-01-07 05:02:08.168082+00:00,130.831,0.525,0.52,0.53,0.475,0.47,0.48,311.73,144.92,149.92,311.73,0.51,1769.35,0.54,370.69,0.5,519.32,0.55,195.0,0.49,268.0,0.56,2145.54,0.48,15.0,0.57,117.98,0.47,37.0,0.58,70.0,0.46,326.69,0.49,1769.35,0.45,195.0,0.5,512.32,0.44,2140.0,0.51,268.0,0.43,117.98,0.52,15.0,0.42,85.0,0.53,37.0
2026-01-07 05:02:11.750000+00:00,2026-01-07 05:02:09.173026+00:00,131.75,0.525,0.52,0.53,0.475,0.47,0.48,291.73,141.92,141.92,286.73,0.51,1769.35,0.54,427.69,0.5,566.32,0.55,195.0,0.49,280.0,0.56,2140.0,0.48,15.0,0.57,117.98,0.47,37.0,0.58,70.0,0.46,427.69,0.49,1769.35,0.45,195.0,0.5,566.32,0.44,2140.0,0.51,280.0,0.43,132.98,0.52,15.0,0.42,70.0,0.53,37.0
2026-01-07 05:02:12.796000+00:00,2026-01-07 05:02:10.174954+00:00,132.796,0.525,0.52,0.53,0.475,0.47,0.48,271.73,141.92,141.92,271.73,0.51,1769.35,0.54,427.69,0.5,566.32,0.55,195.0,0.49,280.0,0.56,2140.0,0.48,95.0,0.57,132.98,0.47,37.0,0.58,70.0,0.46,427.69,0.49,1769.35,0.45,195.0,0.5,566.32,0.44,2140.0,0.51,280.0,0.43,132.98,0.52,95.0,0.42,70.0,0.53,49.0
2026-01-07 05:02:13.392000+00:00,2026-01-07 05:02:11.182521+00:00,133.392,0.525,0.52,0.53,0.475,0.47,0.48,261.73,129.92,129.92,261.73,0.51,1841.35,0.54,427.69,0.5,530.32,0.55,231.0,0.49,268.0,0.56,2140.0,0.48,95.0,0.57,132.98,0.47,37.0,0.58,70.0,0.46,427.69,0.49,1841.35,0.45,231.0,0.5,530.32,0.44,2140.0,0.51,268.0,0.43,132.98,0.52,95.0,0.42,70.0,0.53,37.0
2026-01-07 05:02:14.803000+00:00,2026-01-07 05:02:12.188658+00:00,134.803,0.525,0.52,0.53,0.475,0.47,0.48,84.84,119.92,134.92,84.84,0.51,1839.35,0.54,309.69,0.5,588.32,0.55,125.0,0.49,338.0,0.56,2070.0,0.48,85.0,0.57,144.98,0.47,95.0,0.58,130.0,0.46,309.69,0.49,1851.35,0.45,125.0,0.5,588.32,0.44,2082.0,0.51,338.0,0.43,144.98,0.52,85.0,0.42,142.0,0.53,95.0
2026-01-07 05:02:15.383000+00:00,2026-01-07 05:02:13.180962+00:00,135.383,0.525,0.52,0.53,0.475,0.47,0.48,39.0,59.22,59.22,14.0,0.51,1911.35,0.54,309.69,0.5,588.32,0.55,173.0,0.49,354.0,0.56,2118.0,0.48,85.0,0.57,62.98,0.47,95.0,0.58,70.0,0.46,309.69,0.49,1926.35,0.45,173.0,0.5,588.32,0.44,2118.0,0.51,354.0,0.43,62.98,0.52,85.0,0.42,70.0,0.53,95.0
2026-01-07 05:02:16.835000+00:00,2026-01-07 05:02:14.203682+00:00,136.835,0.525,0.52,0.53,0.475,0.47,0.48,170.0,35.0,35.0,170.0,0.51,1839.35,0.54,314.38,0.5,588.32,0.55,130.54,0.49,338.0,0.56,2070.0,0.48,85.0,0.57,47.98,0.47,95.0,0.58,5.0,0.46,314.38,0.49,1839.35,0.45,130.54,0.5,588.32,0.44,2070.0,0.51,338.0,0.43,47.98,0.52,85.0,0.42,5.0,0.53,95.0
2026-01-07 05:02:17.853000+00:00,2026-01-07 05:02:15.211096+00:00,137.853,0.535,0.53,0.54,0.46499999999999997,0.46,0.47,115.0,219.38,273.38,115.0,0.52,5.0,0.55,130.54,0.51,1839.35,0.56,2070.0,0.5,588.32,0.57,47.98,0.49,338.0,0.59,52.0,0.48,85.0,0.6,332.0,0.45,130.54,0.48,5.0,0.44,2070.0,0.49,1839.35,0.43,47.98,0.5,588.32,0.41,52.0,0.51,338.0,0.4,332.0,0.52,85.0
2026-01-07 05:02:18.818000+00:00,2026-01-07 05:02:16.204448+00:00,138.818,0.535,0.53,0.54,0.46499999999999997,0.46,0.47,26.0,279.38,279.38,26.0,0.52,84.0,0.55,145.54,0.51,1848.35,0.56,2070.0,0.5,582.32,0.57,47.98,0.49,338.0,0.59,112.0,0.48,85.0,0.6,272.0,0.45,145.54,0.48,84.0,0.44,2070.0,0.49,1848.35,0.43,47.98,0.5,582.32,0.41,112.0,0.51,338.0,0.4,272.0,0.52,85.0
2026-01-07 05:02:19.855000+00:00,2026-01-07 05:02:17.209607+00:00,139.855,0.535,0.53,0.54,0.46499999999999997,0.46,0.47,36.0,244.69,239.69,45.0,0.52,144.0,0.55,148.54,0.51,1872.35,0.56,2142.0,0.5,582.32,0.57,47.98,0.49,338.0,0.58,70.0,0.48,85.0,0.59,110.0,0.45,131.0,0.48,108.0,0.44,2106.0,0.49,1836.35,0.43,47.98,0.5,582.32,0.42,70.0,0.51,338.0,0.41,110.0,0.52,85.0
2026-01-07 05:02:20.881000+00:00,2026-01-07 05:02:18.203023+00:00,140.881,0.53,0.52,0.54,0.475,0.47,0.48,63.89,254.69,42.0,63.89,0.51,1836.35,0.55,119.0,0.5,582.32,0.56,2070.0,0.49,338.0,0.57,47.98,0.48,157.0,0.58,70.0,0.47,119.0,0.59,110.0,0.46,254.69,0.49,1836.35,0.45,119.0,0.5,582.32,0.44,2070.0,0.51,338.0,0.43,47.98,0.52,157.0,0.42,70.0,0.53,119.0
2026-01-07 05:02:21.763000+00:00,2026-01-07 05:02:19.208143+00:00,141.763,0.525,0.52,0.53,0.475,0.47,0.48,9.0,85.0,85.0,9.0,0.51,1766.35,0.54,228.69,0.5,582.32,0.55,189.0,0.49,338.0,0.56,2140.0,0.48,145.0,0.57,117.98,0.47,131.0,0.58,70.0,0.46,228.69,0.49,1766.35,0.45,189.0,0.5,582.32,0.44,2140.0,0.51,338.0,0.43,117.98,0.52,145.0,0.42,70.0,0.53,119.0
2026-01-07 05:02:22.851000+00:00,2026-01-07 05:02:20.215135+00:00,142.851,0.53,0.52,0.54,0.47,0.46,0.48,11.0,269.69,323.69,11.0,0.51,1805.35,0.55,225.0,0.5,647.32,0.56,2140.0,0.49,338.0,0.57,117.98,0.48,85.0,0.58,70.0,0.47,95.0,0.59,110.0,0.45,255.0,0.49,1817.35,0.44,2140.0,0.5,541.32,0.43,117.98,0.51,338.0,0.42,70.0,0.52,85.0,0.41,110.0,0.53,95.0
2026-01-07 05:02:23.871000+00:00,2026-01-07 05:02:21.233825+00:00,143.871,0.535,0.53,0.54,0.46499999999999997,0.46,0.47,112.0,120.69,161.38,112.0,0.52,23.0,0.55,195.0,0.51,1766.35,0.56,2145.0,0.5,517.32,0.57,129.98,0.49,338.0,0.58,142.0,0.48,85.0,0.59,110.0,0.45,200.54,0.48,23.0,0.44,2145.0,0.49,1766.35,0.43,129.98,0.5,517.32,0.42,142.0,0.51,338.0,0.41,110.0,0.52,85.0
2026-01-07 05:02:24.883000+00:00,2026-01-07 05:02:22.241691+00:00,144.883,0.535,0.53,0.54,0.46499999999999997,0.46,0.47,40.0,166.38,166.38,36.0,0.52,11.0,0.55,130.54,0.51,1836.35,0.56,2140.0,0.5,587.32,0.57,117.98,0.49,338.0,0.58,70.0,0.48,120.0,0.59,182.0,0.45,130.54,0.48,11.0,0.44,2140.0,0.49,1836.35,0.43,117.98,0.5,587.32,0.42,70.0,0.51,338.0,0.41,110.0,0.52,120.0
2026-01-07 05:02:25.902000+00:00,2026-01-07 05:02:23.249595+00:00,145.902,0.535,0.53,0.54,0.46499999999999997,0.46,0.47,39.0,166.38,107.38,39.0,0.52,11.0,0.55,130.54,0.51,1766.35,0.56,2070.0,0.5,587.32,0.57,141.98,0.49,338.0,0.58,106.0,0.48,120.0,0.59,122.0,0.45,135.54,0.48,23.0,0.44,2070.0,0.49,1766.35,0.43,153.98,0.5,587.32,0.42,106.0,0.51,338.0,0.41,122.0,0.52,120.0
2026-01-07 05:02:26.817000+00:00,2026-01-07 05:02:24.256244+00:00,146.817,0.535,0.53,0.54,0.46499999999999997,0.46,0.47,40.0,154.83,154.83,40.0,0.52,71.0,0.55,161.0,0.51,1790.35,0.56,2106.0,0.5,599.32,0.57,129.98,0.49,338.0,0.58,70.0,0.48,120.0,0.59,122.0,0.45,161.0,0.48,71.0,0.44,2106.0,0.49,1790.35,0.43,129.98,0.5,599.32,0.42,70.0,0.51,338.0,0.41,122.0,0.52,120.0
2026-01-07 05:02:27.918000+00:00,2026-01-07 05:02:25.280487+00:00,147.918,0.535,0.53,0.54,0.46499999999999997,0.46,0.47,113.0,129.83,96.83,113.0,0.52,81.0,0.55,125.0,0.51,1836.35,0.56,2075.0,0.5,587.32,0.57,129.98,0.49,373.0,0.58,130.0,0.48,95.0,0.59,122.0,0.45,125.0,0.48,81.0,0.44,2075.0,0.49,1836.35,0.43,129.98,0.5,587.32,0.42,130.0,0.51,373.0,0.41,122.0,0.52,95.0
2026-01-07 05:02:28.898000+00:00,2026-01-07 05:02:26.286420+00:00,148.898,0.535,0.53,0.54,0.46499999999999997,0.46,0.47,77.0,61.62,61.62,67.0,0.52,81.0,0.55,125.0,0.51,1836.35,0.56,2070.0,0.5,622.32,0.57,71.98,0.49,348.0,0.58,48.0,0.48,120.0,0.59,52.0,0.45,125.0,0.48,70.0,0.44,2070.0,0.49,1836.35,0.43,59.98,0.5,622.32,0.42,24.0,0.51,348.0,0.41,40.0,0.52,120.0
2026-01-07 05:02:29.919000+00:00,2026-01-07 05:02:27.293772+00:00,149.919,0.54,0.53,0.55,0.46499999999999997,0.46,0.47,32.0,143.0,12.0,11.0,0.52,54.0,0.56,2106.0,0.51,1870.35,0.57,47.98,0.5,628.32,0.59,52.0,0.49,385.0,0.6,260.0,0.48,120.0,0.61,95.0,0.45,143.0,0.48,54.0,0.44,2106.0,0.49,1870.35,0.43,47.98,0.5,628.32,0.41,52.0,0.51,385.0,0.4,260.0,0.52,120.0
2026-01-07 05:02:30.947000+00:00,2026-01-07 05:02:28.302069+00:00,150.947,0.535,0.53,0.54,0.46499999999999997,0.46,0.47,11.0,5.0,59.0,11.0,0.52,11.0,0.55,162.0,0.51,1954.35,0.56,2088.0,0.5,604.32,0.57,47.98,0.49,373.0,0.58,70.0,0.48,120.0,0.59,110.0,0.45,162.0,0.48,11.0,0.44,2088.0,0.49,1954.35,0.43,47.98,0.5,604.32,0.42,70.0,0.51,373.0,0.41,122.0,0.52,120.0
2026-01-07 05:02:31.958000+00:00,2026-01-07 05:02:29.325731+00:00,151.958,0.54,0.53,0.55,0.45999999999999996,0.45,0.47,61.0,182.0,182.0,56.0,0.52,78.0,0.56,2182.0,0.51,1812.35,0.57,129.98,0.5,592.32,0.58,70.0,0.49,373.0,0.59,122.0,0.48,120.0,0.6,330.0,0.44,2182.0,0.48,78.0,0.43,129.98,0.49,1812.35,0.42,70.0,0.5,592.32,0.41,110.0,0.51,373.0,0.4,342.0,0.52,120.0
2026-01-07 05:02:32.885000+00:00,2026-01-07 05:02:30.332926+00:00,152.885,0.54,0.53,0.55,0.45999999999999996,0.45,0.47,16.0,288.0,288.0,16.0,0.52,78.0,0.56,2158.0,0.51,1789.35,0.57,129.98,0.5,617.32,0.58,94.0,0.49,353.0,0.59,110.0,0.48,120.0,0.6,330.0,0.44,2158.0,0.48,78.0,0.43,129.98,0.49,1789.35,0.42,94.0,0.5,617.32,0.41,110.0,0.51,353.0,0.4,330.0,0.52,120.0
2026-01-07 05:02:33.918000+00:00,2026-01-07 05:02:31.356234+00:00,153.918,0.54,0.53,0.55,0.46499999999999997,0.45,0.48,16.0,264.0,264.0,70.66,0.52,66.0,0.56,2158.0,0.51,1777.35,0.57,129.98,0.5,617.32,0.58,94.0,0.49,353.0,0.59,110.0,0.48,120.0,0.6,330.0,0.44,2158.0,0.49,1777.35,0.43,129.98,0.5,617.32,0.42,94.0,0.51,353.0,0.41,110.0,0.52,120.0,0.4,330.0,0.53,130.0
2026-01-07 05:02:34.898000+00:00,2026-01-07 05:02:32.346664+00:00,154.898,0.525,0.52,0.53,0.475,0.47,0.48,61.66,15.12,15.12,61.66,0.51,1789.35,0.54,129.0,0.5,547.32,0.55,232.0,0.49,353.0,0.56,2158.0,0.48,120.0,0.57,129.98,0.47,130.0,0.58,106.0,0.46,129.0,0.49,1825.35,0.45,232.0,0.5,547.32,0.44,2158.0,0.51,353.0,0.43,129.98,0.52,120.0,0.42,106.0,0.53,130.0
2026-01-07 05:02:35.970000+00:00,2026-01-07 05:02:33.370865+00:00,155.97,0.515,0.51,0.52,0.485,0.48,0.49,1740.89,119.0,67.0,1740.89,0.5,547.32,0.53,51.12,0.49,401.0,0.54,99.0,0.48,168.0,0.55,196.0,0.47,130.0,0.56,2182.0,0.46,372.6,0.57,117.98,0.47,51.12,0.5,547.32,0.46,152.0,0.51,401.0,0.45,196.0,0.52,168.0,0.44,2182.0,0.53,130.0,0.43,117.98,0.54,372.6
2026-01-07 05:02:36.984000+00:00,2026-01-07 05:02:34.377714+00:00,156.984,0.515,0.51,0.52,0.485,0.48,0.49,1770.27,40.0,40.0,1770.27,0.5,547.32,0.53,15.12,0.49,353.0,0.54,123.0,0.48,120.0,0.55,237.0,0.47,130.0,0.56,2158.0,0.46,372.6,0.57,153.98,0.47,15.12,0.5,547.32,0.46,128.0,0.51,283.0,0.45,232.0,0.52,120.0,0.44,2158.0,0.53,130.0,0.43,153.98,0.54,372.6
2026-01-07 05:02:38.026000+00:00,2026-01-07 05:02:35.386102+00:00,158.026,0.515,0.51,0.52,0.485,0.48,0.49,1752.27,34.2,34.2,1752.27,0.5,577.32,0.53,92.12,0.49,288.0,0.54,140.0,0.48,120.0,0.55,225.0,0.47,130.0,0.56,2140.0,0.46,372.6,0.57,153.98,0.47,92.12,0.5,577.32,0.46,146.0,0.51,288.0,0.45,213.0,0.52,120.0,0.44,2140.0,0.53,130.0,0.43,153.98,0.54,372.6
2026-01-07 05:02:39.886000+00:00,2026-01-07 05:02:37.399963+00:00,159.886,0.515,0.51,0.52,0.485,0.48,0.49,1755.27,111.2,111.2,1716.27,0.5,553.32,0.53,77.0,0.49,288.0,0.54,81.0,0.48,120.0,0.55,257.0,0.47,150.0,0.56,2176.0,0.46,487.6,0.57,117.98,0.47,77.0,0.5,553.32,0.46,81.0,0.51,288.0,0.45,189.0,0.52,120.0,0.44,2152.0,0.53,150.0,0.43,129.98,0.54,412.6
2026-01-07 05:02:41.061000+00:00,2026-01-07 05:02:38.406898+00:00,161.061,0.515,0.51,0.52,0.485,0.48,0.49,1752.8,111.2,240.2,1692.8,0.5,589.32,0.53,77.0,0.49,288.0,0.54,170.0,0.48,50.0,0.55,201.0,0.47,150.0,0.56,2152.0,0.46,372.6,0.57,141.98,0.47,89.0,0.5,518.32,0.46,81.0,0.51,313.0,0.45,189.0,0.52,25.0,0.44,2140.0,0.53,130.0,0.43,117.98,0.54,408.6
2026-01-07 05:02:42.930000+00:00,2026-01-07 05:02:40.436064+00:00,162.93,0.515,0.51,0.52,0.485,0.48,0.49,1640.12,195.2,195.2,1640.12,0.5,542.32,0.53,89.0,0.49,278.0,0.54,81.0,0.48,15.0,0.55,189.0,0.47,72.0,0.56,2164.0,0.46,289.6,0.57,129.98,0.47,89.0,0.5,542.32,0.46,81.0,0.51,278.0,0.45,189.0,0.52,15.0,0.44,2164.0,0.53,72.0,0.43,129.98,0.54,289.6
2026-01-07 05:02:43.962000+00:00,2026-01-07 05:02:41.442300+00:00,163.962,0.515,0.51,0.52,0.485,0.48,0.49,1664.12,195.2,195.2,1664.12,0.5,554.32,0.53,89.0,0.49,278.0,0.54,105.0,0.48,27.0,0.55,189.0,0.47,84.0,0.56,2164.0,0.46,277.6,0.57,129.98,0.47,89.0,0.5,554.32,0.46,105.0,0.51,278.0,0.45,189.0,0.52,27.0,0.44,2164.0,0.53,84.0,0.43,129.98,0.54,277.6
2026-01-07 05:02:45.095000+00:00,2026-01-07 05:02:42.448168+00:00,165.095,0.515,0.51,0.52,0.485,0.48,0.49,1640.12,223.2,223.2,1640.12,0.5,602.32,0.53,89.0,0.49,290.0,0.54,114.69,0.48,15.0,0.55,218.54,0.47,60.0,0.56,2164.0,0.46,277.6,0.57,129.98,0.47,89.0,0.5,602.32,0.46,114.69,0.51,290.0,0.45,218.54,0.52,15.0,0.44,2164.0,0.53,60.0,0.43,129.98,0.54,277.6
2026-01-07 05:02:46.102000+00:00,2026-01-07 05:02:43.453574+00:00,166.102,0.515,0.51,0.52,0.485,0.48,0.49,1620.12,312.2,312.2,1620.12,0.5,518.32,0.53,77.0,0.49,278.0,0.54,102.69,0.48,51.0,0.55,206.54,0.47,25.0,0.56,2140.0,0.46,267.6,0.57,117.98,0.47,89.0,0.5,518.32,0.46,90.69,0.51,278.0,0.45,194.54,0.52,15.0,0.44,2140.0,0.53,25.0,0.43,117.98,0.54,303.6
2026-01-07 05:02:47.931000+00:00,2026-01-07 05:02:45.482873+00:00,167.931,0.515,0.51,0.52,0.485,0.48,0.49,1314.88,195.2,195.2,1314.88,0.5,518.32,0.53,89.0,0.49,278.0,0.54,105.0,0.48,39.0,0.55,201.0,0.47,25.0,0.56,2140.0,0.46,267.6,0.57,117.98,0.47,89.0,0.5,518.32,0.46,105.0,0.51,278.0,0.45,201.0,0.52,39.0,0.44,2140.0,0.53,25.0,0.43,117.98,0.54,267.6
2026-01-07 05:02:49.151000+00:00,2026-01-07 05:02:46.487134+00:00,169.151,0.515,0.51,0.52,0.485,0.48,0.49,1338.88,183.2,183.2,1338.88,0.5,578.32,0.53,89.0,0.49,290.0,0.54,81.0,0.48,15.0,0.55,213.0,0.47,25.0,0.56,2188.0,0.46,267.6,0.57,129.98,0.47,89.0,0.5,578.32,0.46,81.0,0.51,290.0,0.45,213.0,0.52,85.0,0.44,2188.0,0.53,95.0,0.43,129.98,0.54,337.6
2026-01-07 05:02:50.161000+00:00,2026-01-07 05:02:47.510221+00:00,170.161,0.515,0.51,0.52,0.485,0.48,0.49,1416.83,183.2,183.2,1416.83,0.5,578.32,0.53,77.0,0.49,278.0,0.54,100.0,0.48,85.0,0.55,201.0,0.47,95.0,0.56,2176.0,0.46,337.6,0.57,129.98,0.47,77.0,0.5,578.32,0.46,112.0,0.51,278.0,0.45,201.0,0.52,85.0,0.44,2176.0,0.53,95.0,0.43,129.98,0.54,337.6
2026-01-07 05:02:51.986000+00:00,2026-01-07 05:02:49.544657+00:00,171.986,0.515,0.51,0.52,0.485,0.48,0.49,1350.78,188.2,188.2,1350.78,0.5,566.32,0.53,133.0,0.49,302.0,0.54,76.0,0.48,85.0,0.55,213.0,0.47,95.0,0.56,2140.0,0.46,337.6,0.57,117.98,0.47,109.0,0.5,602.32,0.46,100.0,0.51,278.0,0.45,213.0,0.52,85.0,0.44,2164.0,0.53,95.0,0.43,129.98,0.54,337.6
2026-01-07 05:02:53.692000+00:00,2026-01-07 05:02:51.559406+00:00,173.692,0.515,0.51,0.52,0.485,0.48,0.49,1337.26,188.2,188.2,1337.26,0.5,602.32,0.53,119.0,0.49,278.0,0.54,100.0,0.48,85.0,0.55,213.0,0.47,95.0,0.56,2164.0,0.46,337.6,0.57,129.98,0.47,119.0,0.5,602.32,0.46,100.0,0.51,278.0,0.45,213.0,0.52,85.0,0.44,2164.0,0.53,95.0,0.43,129.98,0.54,337.6
2026-01-07 05:02:55.219000+00:00,2026-01-07 05:02:52.565325+00:00,175.219,0.515,0.51,0.52,0.485,0.48,0.49,1361.26,188.2,188.2,1361.26,0.5,578.32,0.53,112.0,0.49,278.0,0.54,112.0,0.48,85.0,0.55,201.0,0.47,95.0,0.56,2176.0,0.46,337.6,0.57,129.98,0.47,105.0,0.5,578.32,0.46,121.69,0.51,278.0,0.45,206.54,0.52,85.0,0.44,2176.0,0.53,95.0,0.43,129.98,0.54,337.6
2026-01-07 05:02:56.194000+00:00,2026-01-07 05:02:53.589008+00:00,176.194,0.515,0.51,0.52,0.485,0.48,0.49,1361.26,188.2,188.2,1361.26,0.5,578.32,0.53,97.0,0.49,278.0,0.54,121.69,0.48,85.0,0.55,206.54,0.47,95.0,0.56,2176.0,0.46,337.6,0.57,129.98,0.47,97.0,0.5,578.32,0.46,121.69,0.51,278.0,0.45,206.54,0.52,85.0,0.44,2176.0,0.53,95.0,0.43,129.98,0.54,337.6
2026-01-07 05:02:57.240000+00:00,2026-01-07 05:02:54.596889+00:00,177.24,0.515,0.51,0.52,0.485,0.48,0.49,1302.28,203.2,215.2,1278.28,0.5,554.32,0.53,97.0,0.49,278.0,0.54,109.69,0.48,85.0,0.55,206.54,0.47,95.0,0.56,2164.0,0.46,337.6,0.57,129.98,0.47,121.0,0.5,518.32,0.46,109.69,0.51,338.0,0.45,218.54,0.52,85.0,0.44,2152.0,0.53,95.0,0.43,117.98,0.54,337.6
2026-01-07 05:02:58.255000+00:00,2026-01-07 05:02:55.604210+00:00,178.255,0.515,0.51,0.52,0.485,0.48,0.49,1276.23,151.2,203.2,1276.23,0.5,554.32,0.53,133.0,0.49,338.0,0.54,76.0,0.48,85.0,0.55,213.0,0.47,95.0,0.56,2152.0,0.46,337.6,0.57,129.98,0.47,133.0,0.5,554.32,0.46,76.0,0.51,338.0,0.45,213.0,0.52,85.0,0.44,2152.0,0.53,95.0,0.43,129.98,0.54,337.6
2026-01-07 05:02:59.008000+00:00,2026-01-07 05:02:56.610325+00:00,179.008,0.515,0.51,0.52,0.485,0.48,0.49,1288.23,203.2,203.2,1288.23,0.5,602.32,0.53,109.0,0.49,278.0,0.54,100.0,0.48,85.0,0.55,213.0,0.47,95.0,0.56,2164.0,0.46,337.6,0.57,129.98,0.47,109.0,0.5,602.32,0.46,100.0,0.51,278.0,0.45,213.0,0.52,85.0,0.44,2164.0,0.53,95.0,0.43,129.98,0.54,337.6
2026-01-07 05:03:00.252000+00:00,2026-01-07 05:02:57.618231+00:00,180.252,0.515,0.51,0.52,0.485,0.48,0.49,1322.71,146.2,198.2,1322.71,0.5,518.32,0.53,97.0,0.49,278.0,0.54,76.0,0.48,85.0,0.55,213.0,0.47,95.0,0.56,2152.0,0.46,337.6,0.57,141.98,0.47,97.0,0.5,518.32,0.46,76.0,0.51,278.0,0.45,213.0,0.52,85.0,0.44,2152.0,0.53,95.0,0.43,141.98,0.54,337.6
2026-01-07 05:03:01.217000+00:00,2026-01-07 05:02:58.625693+00:00,181.217,0.515,0.51,0.52,0.485,0.48,0.49,1276.71,203.2,203.2,1276.71,0.5,590.32,0.53,92.0,0.49,278.0,0.54,112.0,0.48,85.0,0.55,201.0,0.47,95.0,0.56,2176.0,0.46,337.6,0.57,129.98,0.47,92.0,0.5,590.32,0.46,112.0,0.51,278.0,0.45,201.0,0.52,85.0,0.44,2176.0,0.53,95.0,0.43,129.98,0.54,337.6
2026-01-07 05:03:02.246000+00:00,2026-01-07 05:02:59.635866+00:00,182.246,0.515,0.51,0.52,0.485,0.48,0.49,1391.71,113.0,113.0,1351.91,0.5,588.32,0.53,22.0,0.49,348.0,0.54,6.0,0.48,85.0,0.55,225.0,0.47,95.0,0.56,2152.0,0.46,337.6,0.57,153.98,0.47,17.0,0.5,588.32,0.46,6.0,0.51,348.0,0.45,225.0,0.52,85.0,0.44,2152.0,0.53,95.0,0.43,153.98,0.54,337.6
2026-01-07 05:03:03.109000+00:00,2026-01-07 05:03:00.640209+00:00,183.109,0.515,0.51,0.52,0.485,0.48,0.49,1346.91,113.0,113.0,1329.86,0.5,660.32,0.53,17.0,0.49,348.0,0.54,42.0,0.48,85.0,0.55,189.0,0.47,95.0,0.56,2176.0,0.46,337.6,0.57,141.98,0.47,12.0,0.5,660.32,0.46,42.0,0.51,348.0,0.45,189.0,0.52,85.0,0.44,2176.0,0.53,95.0,0.43,141.98,0.54,337.6
2026-01-07 05:03:04.295000+00:00,2026-01-07 05:03:01.647986+00:00,184.295,0.515,0.51,0.52,0.485,0.48,0.49,1329.86,102.0,81.8,1393.86,0.5,588.32,0.53,12.0,0.49,348.0,0.54,6.0,0.48,85.0,0.55,225.0,0.47,95.0,0.56,2140.0,0.46,337.6,0.57,165.98,0.47,12.0,0.5,588.32,0.46,6.0,0.51,348.0,0.45,225.0,0.52,85.0,0.44,2140.0,0.53,95.0,0.43,165.98,0.54,337.6
2026-01-07 05:03:05.326000+00:00,2026-01-07 05:03:02.655610+00:00,185.326,0.515,0.51,0.52,0.485,0.48,0.49,1299.08,111.8,111.8,1299.08,0.5,639.32,0.53,45.0,0.49,397.0,0.54,18.0,0.48,85.0,0.55,201.0,0.47,95.0,0.56,2164.0,0.46,337.6,0.57,117.98,0.47,45.0,0.5,639.32,0.46,12.0,0.51,397.0,0.45,201.0,0.52,85.0,0.44,2164.0,0.53,95.0,0.43,129.98,0.54,337.6
2026-01-07 05:03:06.144000+00:00,2026-01-07 05:03:03.660772+00:00,186.144,0.515,0.51,0.52,0.485,0.48,0.49,1273.56,86.8,86.8,1273.56,0.5,627.32,0.53,45.0,0.49,397.0,0.54,18.0,0.48,85.0,0.55,201.0,0.47,95.0,0.56,2164.0,0.46,337.6,0.57,129.98,0.47,33.0,0.5,639.32,0.46,18.0,0.51,397.0,0.45,201.0,0.52,85.0,0.44,2164.0,0.53,95.0,0.43,129.98,0.54,337.6
2026-01-07 05:03:07.164000+00:00,2026-01-07 05:03:04.666851+00:00,187.164,0.515,0.51,0.52,0.485,0.48,0.49,1289.56,91.8,86.8,1289.56,0.5,651.32,0.53,103.0,0.49,349.0,0.54,88.0,0.48,85.0,0.55,210.69,0.47,95.0,0.56,2169.54,0.46,337.6,0.57,129.98,0.47,103.0,0.5,651.32,0.46,88.0,0.51,349.0,0.45,210.69,0.52,85.0,0.44,2169.54,0.53,95.0,0.43,129.98,0.54,337.6
2026-01-07 05:03:08.324000+00:00,2026-01-07 05:03:05.670043+00:00,188.324,0.515,0.51,0.52,0.485,0.48,0.49,1343.56,86.8,86.8,1338.56,0.5,675.32,0.53,103.0,0.49,349.0,0.54,88.0,0.48,85.0,0.55,210.69,0.47,95.0,0.56,2181.54,0.46,337.6,0.57,129.98,0.47,103.0,0.5,675.32,0.46,88.0,0.51,349.0,0.45,210.69,0.52,85.0,0.44,2181.54,0.53,95.0,0.43,129.98,0.54,337.6
2026-01-07 05:03:09.318000+00:00,2026-01-07 05:03:06.675123+00:00,189.318,0.515,0.51,0.52,0.485,0.48,0.49,1325.56,45.18,97.18,1325.56,0.5,663.32,0.53,103.0,0.49,349.0,0.54,88.0,0.48,85.0,0.55,201.0,0.47,95.0,0.56,2181.54,0.46,337.6,0.57,129.98,0.47,103.0,0.5,663.32,0.46,104.0,0.51,349.0,0.45,201.0,0.52,85.0,0.44,2181.54,0.53,95.0,0.43,129.98,0.54,337.6
2026-01-07 05:03:10.344000+00:00,2026-01-07 05:03:07.696395+00:00,190.344,0.515,0.51,0.52,0.485,0.48,0.49,1349.56,71.78,76.78,1349.56,0.5,639.32,0.53,79.0,0.49,349.0,0.54,112.0,0.48,85.0,0.55,189.0,0.47,95.0,0.56,2176.0,0.46,337.6,0.57,141.98,0.47,79.0,0.5,639.32,0.46,112.0,0.51,349.0,0.45,189.0,0.52,85.0,0.44,2176.0,0.53,95.0,0.43,141.98,0.54,337.6
2026-01-07 05:03:11.395000+00:00,2026-01-07 05:03:08.703460+00:00,191.395,0.515,0.51,0.52,0.485,0.48,0.49,1349.56,76.78,76.78,1349.56,0.5,639.32,0.53,79.0,0.49,349.0,0.54,121.69,0.48,85.0,0.55,194.54,0.47,95.0,0.56,2188.0,0.46,337.6,0.57,129.98,0.47,79.0,0.5,639.32,0.46,121.69,0.51,349.0,0.45,194.54,0.52,85.0,0.44,2188.0,0.53,95.0,0.43,129.98,0.54,337.6
2026-01-07 05:03:12.306000+00:00,2026-01-07 05:03:09.724007+00:00,192.306,0.515,0.51,0.52,0.485,0.48,0.49,1230.04,67.78,67.78,1305.04,0.5,591.32,0.53,79.0,0.49,349.0,0.54,15.69,0.48,85.0,0.55,160.54,0.47,95.0,0.56,2070.0,0.46,372.6,0.57,141.98,0.47,9.0,0.5,591.32,0.46,15.69,0.51,349.0,0.45,160.54,0.52,85.0,0.44,2070.0,0.53,95.0,0.43,141.98,0.54,372.6
2026-01-07 05:03:13.386000+00:00,2026-01-07 05:03:10.742506+00:00,193.386,0.515,0.51,0.52,0.485,0.48,0.49,1106.04,107.78,84.78,1094.04,0.5,579.32,0.54,30.0,0.49,279.0,0.55,124.54,0.48,15.0,0.56,2094.0,0.47,95.0,0.57,129.98,0.46,337.6,0.58,70.0,0.47,30.0,0.5,543.32,0.46,30.0,0.51,351.0,0.45,143.0,0.52,15.0,0.44,2082.0,0.53,175.0,0.43,117.98,0.54,417.6
2026-01-07 05:03:14.053000+00:00,2026-01-07 05:03:11.750207+00:00,194.053,0.515,0.51,0.52,0.485,0.48,0.49,1094.04,99.12,94.12,1094.04,0.5,531.32,0.53,100.0,0.49,363.0,0.54,99.0,0.48,15.0,0.55,213.0,0.47,175.0,0.56,2152.0,0.46,417.6,0.57,117.98,0.47,100.0,0.5,531.32,0.46,99.0,0.51,363.0,0.45,213.0,0.52,15.0,0.44,2152.0,0.53,175.0,0.43,117.98,0.54,417.6
2026-01-07 05:03:15.405000+00:00,2026-01-07 05:03:12.771138+00:00,195.405,0.515,0.51,0.52,0.485,0.48,0.49,1173.63,82.12,82.12,907.44,0.5,669.32,0.53,6.0,0.49,349.0,0.54,5.0,0.48,85.0,0.55,119.0,0.47,95.0,0.56,2176.0,0.46,372.6,0.57,129.98,0.47,6.0,0.5,669.32,0.46,5.0,0.51,349.0,0.45,119.0,0.52,85.0,0.44,2176.0,0.53,95.0,0.43,129.98,0.54,372.6
2026-01-07 05:03:16.462000+00:00,2026-01-07 05:03:13.796455+00:00,196.462,0.515,0.51,0.52,0.485,0.48,0.49,1008.44,73.12,73.12,1027.44,0.5,601.32,0.53,6.0,0.49,349.0,0.54,5.0,0.48,85.0,0.55,155.0,0.47,95.0,0.56,2140.0,0.46,372.6,0.57,153.98,0.47,6.0,0.5,601.32,0.46,5.0,0.51,349.0,0.45,155.0,0.52,85.0,0.44,2140.0,0.53,95.0,0.43,153.98,0.54,372.6
2026-01-07 05:03:17.406000+00:00,2026-01-07 05:03:14.816595+00:00,197.406,0.515,0.51,0.52,0.485,0.48,0.49,1017.44,73.12,73.12,988.44,0.5,625.32,0.53,6.0,0.49,349.0,0.54,41.0,0.48,85.0,0.55,119.0,0.47,95.0,0.56,2164.0,0.46,372.6,0.57,141.98,0.47,6.0,0.5,625.32,0.46,41.0,0.51,349.0,0.45,119.0,0.52,85.0,0.44,2152.0,0.53,95.0,0.43,117.98,0.54,372.6
2026-01-07 05:03:18.389000+00:00,2026-01-07 05:03:15.840292+00:00,198.389,0.515,0.51,0.52,0.485,0.48,0.49,1028.44,73.12,73.12,1003.95,0.5,649.32,0.53,88.0,0.49,349.0,0.54,108.69,0.48,85.0,0.55,218.54,0.47,95.0,0.56,2164.0,0.46,372.6,0.57,129.98,0.47,88.0,0.5,649.32,0.46,108.69,0.51,349.0,0.45,218.54,0.52,85.0,0.44,2164.0,0.53,95.0,0.43,129.98,0.54,372.6
2026-01-07 05:03:19.501000+00:00,2026-01-07 05:03:16.847117+00:00,199.501,0.515,0.51,0.52,0.485,0.48,0.49,1003.95,78.12,94.12,911.95,0.5,649.32,0.53,88.0,0.49,349.0,0.54,108.69,0.48,85.0,0.55,218.54,0.47,95.0,0.56,2164.0,0.46,337.6,0.57,129.98,0.47,76.0,0.5,589.32,0.46,84.69,0.51,349.0,0.45,194.54,0.52,15.0,0.44,2140.0,0.53,25.0,0.43,117.98,0.54,267.6
2026-01-07 05:03:20.477000+00:00,2026-01-07 05:03:17.852742+00:00,200.477,0.515,0.51,0.52,0.485,0.48,0.49,555.03,219.12,179.12,540.03,0.5,589.32,0.53,76.0,0.49,279.0,0.54,75.0,0.48,15.0,0.55,189.0,0.47,25.0,0.56,2140.0,0.46,267.6,0.57,117.98,0.47,76.0,0.5,589.32,0.46,75.0,0.51,279.0,0.45,189.0,0.52,15.0,0.44,2140.0,0.53,25.0,0.43,117.98,0.54,267.6
2026-01-07 05:03:21.510000+00:00,2026-01-07 05:03:18.858603+00:00,201.51,0.515,0.51,0.52,0.485,0.48,0.49,354.37,209.12,184.12,327.51,0.5,543.32,0.53,112.0,0.49,351.0,0.54,87.0,0.48,15.0,0.55,225.0,0.47,25.0,0.56,2140.0,0.46,267.6,0.57,129.98,0.47,112.0,0.5,555.32,0.46,87.0,0.51,327.0,0.45,225.0,0.52,15.0,0.44,2140.0,0.53,25.0,0.43,129.98,0.54,267.6
2026-01-07 05:03:22.474000+00:00,2026-01-07 05:03:19.866591+00:00,202.474,0.515,0.51,0.52,0.485,0.48,0.49,365.3,163.12,158.12,365.3,0.5,519.32,0.53,76.0,0.49,279.0,0.54,75.0,0.48,15.0,0.55,213.0,0.47,105.0,0.56,2152.0,0.46,347.6,0.57,141.98,0.47,76.0,0.5,519.32,0.46,75.0,0.51,279.0,0.45,213.0,0.52,15.0,0.44,2152.0,0.53,105.0,0.43,141.98,0.54,347.6
2026-01-07 05:03:23.538000+00:00,2026-01-07 05:03:20.888568+00:00,203.538,0.515,0.51,0.52,0.485,0.48,0.49,407.52,158.12,198.12,416.52,0.5,749.32,0.53,76.0,0.49,349.0,0.54,5.0,0.48,85.0,0.55,119.0,0.47,100.0,0.56,2070.0,0.46,337.6,0.57,117.98,0.47,76.0,0.5,742.32,0.46,5.0,0.51,349.0,0.45,119.0,0.52,85.0,0.44,2082.0,0.53,100.0,0.43,141.98,0.54,337.6
2026-01-07 05:03:24.505000+00:00,2026-01-07 05:03:21.890805+00:00,204.505,0.515,0.51,0.52,0.485,0.48,0.49,413.52,158.12,158.12,398.52,0.5,669.32,0.53,6.0,0.49,429.0,0.55,119.0,0.48,85.0,0.56,2106.0,0.47,100.0,0.57,141.98,0.46,337.6,0.58,94.0,0.47,6.0,0.5,669.32,0.46,29.0,0.51,429.0,0.45,119.0,0.52,85.0,0.44,2082.0,0.53,100.0,0.43,141.98,0.54,337.6
2026-01-07 05:03:25.383000+00:00,2026-01-07 05:03:22.898547+00:00,205.383,0.515,0.51,0.52,0.485,0.48,0.49,370.96,158.12,158.12,370.96,0.5,717.32,0.53,18.0,0.49,429.0,0.54,29.0,0.48,85.0,0.55,119.0,0.47,100.0,0.56,2070.0,0.46,337.6,0.57,165.98,0.47,18.0,0.5,717.32,0.46,29.0,0.51,429.0,0.45,119.0,0.52,85.0,0.44,2070.0,0.53,100.0,0.43,165.98,0.54,337.6
2026-01-07 05:03:26.540000+00:00,2026-01-07 05:03:23.920364+00:00,206.54,0.515,0.51,0.52,0.485,0.48,0.49,316.93,158.12,158.12,316.93,0.5,717.32,0.53,105.0,0.49,441.0,0.54,87.0,0.48,85.0,0.55,198.69,0.47,100.0,0.56,2181.54,0.46,337.6,0.57,141.98,0.47,105.0,0.5,717.32,0.46,87.0,0.51,441.0,0.45,198.69,0.52,85.0,0.44,2181.54,0.53,100.0,0.43,141.98,0.54,337.6
2026-01-07 05:03:27.289000+00:00,2026-01-07 05:03:24.929240+00:00,207.289,0.515,0.51,0.52,0.485,0.48,0.49,304.93,158.12,148.12,304.93,0.5,741.32,0.53,122.0,0.49,441.0,0.54,75.0,0.48,85.0,0.55,198.69,0.47,100.0,0.56,2193.54,0.46,337.6,0.57,129.98,0.47,122.0,0.5,741.32,0.46,75.0,0.51,441.0,0.45,189.0,0.52,85.0,0.44,2193.54,0.53,100.0,0.43,129.98,0.54,337.6
2026-01-07 05:03:28.486000+00:00,2026-01-07 05:03:25.952457+00:00,208.486,0.515,0.51,0.52,0.485,0.48,0.49,282.93,229.12,224.12,267.93,0.5,669.32,0.53,91.0,0.49,453.0,0.54,111.0,0.48,157.0,0.55,213.0,0.47,100.0,0.56,2140.0,0.46,337.6,0.57,117.98,0.47,91.0,0.5,669.32,0.46,111.0,0.51,453.0,0.45,213.0,0.52,157.0,0.44,2140.0,0.53,100.0,0.43,117.98,0.54,337.6
2026-01-07 05:03:29.605000+00:00,2026-01-07 05:03:26.956142+00:00,209.605,0.515,0.51,0.52,0.485,0.48,0.49,126.93,98.12,78.12,134.93,0.5,555.32,0.53,96.0,0.49,279.0,0.54,96.69,0.48,15.0,0.55,206.54,0.47,180.0,0.56,2140.0,0.46,417.6,0.57,129.98,0.47,108.0,0.5,591.32,0.46,108.69,0.51,279.0,0.45,206.54,0.52,15.0,0.44,2152.0,0.53,180.0,0.43,129.98,0.54,417.6
2026-01-07 05:03:30.622000+00:00,2026-01-07 05:03:27.960659+00:00,210.622,0.515,0.51,0.52,0.485,0.48,0.49,67.68,83.12,78.12,57.68,0.5,519.32,0.53,101.0,0.49,279.0,0.54,75.0,0.48,95.0,0.55,189.0,0.47,180.0,0.56,2140.0,0.46,417.6,0.57,141.98,0.47,101.0,0.5,519.32,0.46,75.0,0.51,279.0,0.45,189.0,0.52,95.0,0.44,2140.0,0.53,180.0,0.43,153.98,0.54,417.6
2026-01-07 05:03:31.532000+00:00,2026-01-07 05:03:28.979052+00:00,211.532,0.505,0.5,0.51,0.495,0.49,0.5,500.6,45.0,45.0,500.6,0.49,359.0,0.52,73.12,0.48,165.0,0.53,96.0,0.47,180.0,0.54,75.0,0.46,417.6,0.55,210.69,0.45,70.0,0.56,2169.54,0.48,73.12,0.51,359.0,0.47,96.0,0.52,165.0,0.46,75.0,0.53,180.0,0.45,210.69,0.54,417.6,0.44,2169.54,0.55,70.0
2026-01-07 05:03:32.594000+00:00,2026-01-07 05:03:29.985886+00:00,212.594,0.505,0.5,0.51,0.495,0.49,0.5,659.48,87.12,87.12,659.48,0.49,483.0,0.52,21.0,0.48,165.0,0.53,108.0,0.47,100.0,0.54,99.0,0.46,337.6,0.55,222.69,0.45,70.0,0.56,2169.54,0.48,21.0,0.51,483.0,0.47,108.0,0.52,165.0,0.46,99.0,0.53,100.0,0.45,222.69,0.54,337.6,0.44,2169.54,0.55,70.0
2026-01-07 05:03:33.632000+00:00,2026-01-07 05:03:30.993561+00:00,213.632,0.505,0.5,0.51,0.495,0.49,0.5,663.36,92.95,117.95,663.36,0.49,489.0,0.52,91.0,0.48,165.0,0.53,132.0,0.47,100.0,0.54,87.0,0.46,337.6,0.55,210.69,0.45,70.0,0.56,2169.54,0.48,80.0,0.51,489.0,0.47,127.0,0.52,165.0,0.46,87.0,0.53,100.0,0.45,201.0,0.54,337.6,0.44,2169.54,0.55,70.0
2026-01-07 05:03:34.603000+00:00,2026-01-07 05:03:32.015047+00:00,214.603,0.505,0.5,0.51,0.495,0.49,0.5,636.24,103.95,103.95,593.96,0.49,490.0,0.52,86.0,0.48,171.0,0.53,121.0,0.47,100.0,0.54,92.0,0.46,337.6,0.55,201.0,0.45,70.0,0.56,2164.0,0.48,86.0,0.51,490.0,0.47,116.0,0.52,171.0,0.46,92.0,0.53,100.0,0.45,201.0,0.54,337.6,0.44,2164.0,0.55,70.0
2026-01-07 05:03:35.664000+00:00,2026-01-07 05:03:33.035641+00:00,215.664,0.505,0.5,0.51,0.495,0.49,0.5,547.84,183.95,188.95,532.84,0.49,478.0,0.52,122.0,0.48,219.0,0.53,80.0,0.47,180.0,0.54,104.0,0.46,337.6,0.55,213.0,0.45,70.0,0.56,2152.0,0.48,122.0,0.51,478.0,0.47,80.0,0.52,219.0,0.46,104.0,0.53,180.0,0.45,213.0,0.54,337.6,0.44,2152.0,0.55,70.0
2026-01-07 05:03:36.694000+00:00,2026-01-07 05:03:34.056761+00:00,216.694,0.505,0.5,0.51,0.495,0.49,0.5,372.72,223.95,225.95,372.72,0.49,430.0,0.52,110.0,0.48,171.0,0.53,99.0,0.47,228.0,0.54,92.0,0.46,465.6,0.55,189.0,0.45,70.0,0.56,2140.0,0.48,110.0,0.51,430.0,0.47,99.0,0.52,171.0,0.46,92.0,0.53,228.0,0.45,189.0,0.54,465.6,0.44,2140.0,0.55,70.0
2026-01-07 05:03:37.708000+00:00,2026-01-07 05:03:35.062998+00:00,217.708,0.505,0.5,0.51,0.495,0.49,0.5,347.6,173.95,173.95,347.6,0.49,454.0,0.52,117.0,0.48,219.0,0.53,87.0,0.47,180.0,0.54,80.0,0.46,417.6,0.55,213.0,0.45,70.0,0.56,2152.0,0.48,81.0,0.51,478.0,0.47,75.0,0.52,171.0,0.46,101.69,0.53,180.0,0.45,218.54,0.54,417.6,0.44,2152.0,0.55,70.0
2026-01-07 05:03:38.693000+00:00,2026-01-07 05:03:36.070128+00:00,218.693,0.505,0.5,0.51,0.495,0.49,0.5,523.06,173.95,173.95,506.06,0.49,430.0,0.52,81.0,0.48,171.0,0.53,75.0,0.47,100.0,0.54,101.69,0.46,337.6,0.55,218.54,0.45,70.0,0.56,2164.0,0.48,81.0,0.51,430.0,0.47,70.0,0.52,171.0,0.46,101.69,0.53,100.0,0.45,218.54,0.54,337.6,0.44,2152.0,0.55,70.0
2026-01-07 05:03:39.572000+00:00,2026-01-07 05:03:37.091278+00:00,219.572,0.505,0.5,0.51,0.495,0.49,0.5,449.94,173.95,173.95,480.94,0.49,430.0,0.52,81.0,0.48,171.0,0.53,70.0,0.47,100.0,0.54,84.69,0.46,337.6,0.55,230.54,0.45,70.0,0.56,2152.0,0.48,81.0,0.51,430.0,0.47,70.0,0.52,171.0,0.46,84.69,0.53,100.0,0.45,218.54,0.54,337.6,0.44,2152.0,0.55,70.0
2026-01-07 05:03:40.758000+00:00,2026-01-07 05:03:38.097701+00:00,220.758,0.505,0.5,0.51,0.495,0.49,0.5,388.97,178.95,178.95,388.97,0.49,430.0,0.52,76.0,0.48,171.0,0.53,70.0,0.47,100.0,0.54,87.0,0.46,337.6,0.55,189.0,0.45,70.0,0.56,2140.0,0.48,76.0,0.51,466.0,0.47,94.0,0.52,171.0,0.46,99.0,0.53,100.0,0.45,213.0,0.54,337.6,0.44,2140.0,0.55,70.0
2026-01-07 05:03:41.757000+00:00,2026-01-07 05:03:39.120142+00:00,221.757,0.505,0.5,0.51,0.495,0.49,0.5,325.41,173.83,173.83,311.41,0.49,430.0,0.52,76.0,0.48,171.0,0.53,70.0,0.47,100.0,0.54,75.0,0.46,337.6,0.55,213.0,0.45,70.0,0.56,2164.0,0.48,76.0,0.51,430.0,0.47,70.0,0.52,171.0,0.46,75.0,0.53,100.0,0.45,225.0,0.54,337.6,0.44,2164.0,0.55,70.0
2026-01-07 05:03:42.772000+00:00,2026-01-07 05:03:40.129112+00:00,222.772,0.505,0.5,0.51,0.495,0.49,0.5,347.61,178.83,178.83,320.61,0.49,430.0,0.52,76.0,0.48,165.0,0.53,70.0,0.47,100.0,0.54,75.0,0.46,337.6,0.55,201.0,0.45,70.0,0.56,2164.0,0.48,76.0,0.51,442.0,0.47,82.0,0.52,165.0,0.46,87.0,0.53,100.0,0.45,201.0,0.54,337.6,0.44,2164.0,0.55,70.0
2026-01-07 05:03:43.769000+00:00,2026-01-07 05:03:41.136285+00:00,223.769,0.505,0.5,0.51,0.495,0.49,0.5,270.81,178.83,178.83,270.81,0.49,502.0,0.52,88.0,0.48,171.0,0.53,99.0,0.47,100.0,0.54,82.0,0.46,337.6,0.55,213.0,0.45,70.0,0.56,2140.0,0.48,88.0,0.51,514.0,0.47,99.0,0.52,171.0,0.46,94.0,0.53,100.0,0.45,213.0,0.54,337.6,0.44,2152.0,0.55,70.0
2026-01-07 05:03:44.784000+00:00,2026-01-07 05:03:42.139028+00:00,224.784,0.505,0.5,0.51,0.495,0.49,0.5,191.97,178.83,178.83,191.97,0.49,466.0,0.52,112.0,0.48,231.0,0.53,87.0,0.47,100.0,0.54,106.0,0.46,337.6,0.55,201.0,0.45,70.0,0.56,2140.0,0.48,112.0,0.51,466.0,0.47,87.0,0.52,231.0,0.46,106.0,0.53,100.0,0.45,201.0,0.54,337.6,0.44,2140.0,0.55,70.0
2026-01-07 05:03:45.623000+00:00,2026-01-07 05:03:43.144201+00:00,225.623,0.505,0.5,0.51,0.495,0.49,0.5,171.97,178.83,178.83,171.97,0.49,466.0,0.52,112.0,0.48,231.0,0.53,87.0,0.47,100.0,0.54,106.0,0.46,337.6,0.55,201.0,0.45,70.0,0.56,2140.0,0.48,112.0,0.51,466.0,0.47,87.0,0.52,231.0,0.46,106.0,0.53,100.0,0.45,201.0,0.54,337.6,0.44,2140.0,0.55,70.0
2026-01-07 05:03:46.656000+00:00,2026-01-07 05:03:44.166515+00:00,226.656,0.505,0.5,0.51,0.495,0.49,0.5,146.45,207.95,207.95,146.45,0.49,430.0,0.52,100.0,0.48,171.0,0.53,87.0,0.47,100.0,0.54,70.0,0.46,421.6,0.55,189.0,0.45,82.0,0.56,2140.0,0.48,100.0,0.51,430.0,0.47,87.0,0.52,171.0,0.46,70.0,0.53,100.0,0.45,189.0,0.54,421.6,0.44,2140.0,0.55,82.0
2026-01-07 05:03:47.760000+00:00,2026-01-07 05:03:45.173054+00:00,227.76,0.505,0.5,0.51,0.495,0.49,0.5,135.93,195.95,195.95,204.0,0.49,442.0,0.52,88.0,0.48,195.0,0.53,75.0,0.47,100.0,0.54,91.69,0.46,361.6,0.55,218.54,0.45,82.0,0.56,2152.0,0.48,88.0,0.51,478.0,0.47,75.0,0.52,183.0,0.46,91.69,0.53,100.0,0.45,218.54,0.54,373.6,0.44,2152.0,0.55,70.0
2026-01-07 05:03:48.466000+00:00,2026-01-07 05:03:46.178215+00:00,228.466,0.505,0.5,0.51,0.495,0.49,0.5,193.34,183.95,183.95,193.34,0.49,526.0,0.52,100.0,0.48,171.0,0.53,87.0,0.47,100.0,0.54,103.69,0.46,337.6,0.55,218.54,0.45,70.0,0.56,2152.0,0.48,100.0,0.51,526.0,0.47,87.0,0.52,171.0,0.46,103.69,0.53,100.0,0.45,218.54,0.54,337.6,0.44,2152.0,0.55,70.0
2026-01-07 05:03:49.819000+00:00,2026-01-07 05:03:47.183567+00:00,229.819,0.505,0.5,0.51,0.495,0.49,0.5,167.68,183.95,183.95,164.68,0.49,514.0,0.52,100.0,0.48,183.0,0.53,87.0,0.47,100.0,0.54,94.0,0.46,337.6,0.55,213.0,0.45,70.0,0.56,2152.0,0.48,100.0,0.51,514.0,0.47,87.0,0.52,183.0,0.46,94.0,0.53,100.0,0.45,213.0,0.54,337.6,0.44,2152.0,0.55,70.0
2026-01-07 05:03:50.728000+00:00,2026-01-07 05:03:48.190016+00:00,230.728,0.505,0.5,0.51,0.495,0.49,0.5,151.02,172.95,183.95,123.48,0.49,502.0,0.52,100.0,0.48,183.0,0.53,87.0,0.47,100.0,0.54,94.0,0.46,337.6,0.55,213.0,0.45,70.0,0.56,2152.0,0.48,100.0,0.51,495.0,0.47,87.0,0.52,103.0,0.46,94.0,0.53,100.0,0.45,213.0,0.54,337.6,0.44,2152.0,0.55,70.0
2026-01-07 05:03:51.688000+00:00,2026-01-07 05:03:49.214059+00:00,231.688,0.505,0.5,0.51,0.495,0.49,0.5,207.13,183.95,183.95,182.13,0.49,430.0,0.52,76.0,0.48,91.0,0.53,70.0,0.47,100.0,0.54,106.0,0.46,337.6,0.55,201.0,0.45,70.0,0.56,2176.0,0.48,76.0,0.51,430.0,0.47,75.0,0.52,91.0,0.46,106.0,0.53,100.0,0.45,201.0,0.54,337.6,0.44,2176.0,0.55,70.0
2026-01-07 05:03:52.858000+00:00,2026-01-07 05:03:50.219103+00:00,232.858,0.505,0.5,0.51,0.495,0.49,0.5,87.19,183.95,183.95,99.19,0.49,502.0,0.52,76.0,0.48,91.0,0.53,111.0,0.47,100.0,0.54,82.0,0.46,337.6,0.55,201.0,0.45,70.0,0.56,2152.0,0.48,76.0,0.51,502.0,0.47,111.0,0.52,91.0,0.46,94.0,0.53,100.0,0.45,201.0,0.54,337.6,0.44,2152.0,0.55,70.0
2026-01-07 05:03:53.868000+00:00,2026-01-07 05:03:51.227457+00:00,233.868,0.505,0.5,0.51,0.495,0.49,0.5,76.25,183.95,183.95,64.25,0.49,514.0,0.52,76.0,0.48,91.0,0.53,111.0,0.47,100.0,0.54,94.0,0.46,337.6,0.55,213.0,0.45,70.0,0.56,2152.0,0.48,88.0,0.51,526.0,0.47,99.0,0.52,91.0,0.46,94.0,0.53,100.0,0.45,213.0,0.54,337.6,0.44,2152.0,0.55,70.0
2026-01-07 05:03:54.884000+00:00,2026-01-07 05:03:52.234201+00:00,234.884,0.505,0.5,0.51,0.495,0.49,0.5,38.31,183.95,183.95,38.31,0.49,442.0,0.52,116.0,0.48,155.0,0.53,99.0,0.47,100.0,0.54,82.0,0.46,337.6,0.55,201.0,0.45,70.0,0.56,2140.0,0.48,128.0,0.51,442.0,0.47,99.0,0.52,191.0,0.46,94.0,0.53,100.0,0.45,201.0,0.54,337.6,0.44,2140.0,0.55,70.0
2026-01-07 05:03:55.662000+00:00,2026-01-07 05:03:53.237896+00:00,235.662,0.505,0.5,0.51,0.495,0.49,0.5,54.37,183.95,183.95,42.37,0.49,458.0,0.52,76.0,0.48,91.0,0.53,91.0,0.47,100.0,0.54,70.0,0.46,337.6,0.55,201.0,0.45,70.0,0.56,2140.0,0.48,76.0,0.51,430.0,0.47,91.0,0.52,91.0,0.46,70.0,0.53,100.0,0.45,189.0,0.54,337.6,0.44,2140.0,0.55,70.0
2026-01-07 05:03:56.259000+00:00,2026-01-07 05:03:54.243453+00:00,236.259,0.505,0.5,0.51,0.495,0.49,0.5,27.37,223.95,211.95,27.37,0.49,430.0,0.52,100.0,0.48,91.0,0.53,87.0,0.47,100.0,0.54,70.0,0.46,433.6,0.55,189.0,0.45,70.0,0.56,2140.0,0.48,100.0,0.51,430.0,0.47,75.0,0.52,91.0,0.46,70.0,0.53,100.0,0.45,189.0,0.54,337.6,0.44,2140.0,0.55,70.0
2026-01-07 05:03:57.898000+00:00,2026-01-07 05:03:55.249585+00:00,237.898,0.495,0.49,0.5,0.505,0.5,0.51,481.83,50.12,100.12,486.83,0.48,191.0,0.51,139.83,0.47,100.0,0.52,116.0,0.46,337.6,0.53,87.0,0.45,70.0,0.54,106.0,0.44,70.0,0.55,201.0,0.49,139.83,0.52,271.0,0.48,116.0,0.53,100.0,0.47,87.0,0.54,337.6,0.46,106.0,0.55,70.0,0.45,201.0,0.56,70.0
2026-01-07 05:03:58.850000+00:00,2026-01-07 05:03:56.260695+00:00,238.85,0.495,0.49,0.5,0.505,0.5,0.51,460.78,100.12,100.12,435.78,0.48,271.0,0.51,128.83,0.47,100.0,0.52,110.0,0.46,337.6,0.53,87.0,0.45,70.0,0.54,106.0,0.44,70.0,0.55,210.69,0.49,128.83,0.52,191.0,0.48,110.0,0.53,100.0,0.47,87.0,0.54,337.6,0.46,106.0,0.55,70.0,0.45,210.69,0.56,70.0
2026-01-07 05:03:59.902000+00:00,2026-01-07 05:03:57.250856+00:00,239.902,0.495,0.49,0.5,0.505,0.5,0.51,433.52,100.12,39.12,433.52,0.48,271.0,0.51,134.83,0.47,100.0,0.52,115.0,0.46,337.6,0.53,82.0,0.45,70.0,0.54,106.0,0.44,70.0,0.55,201.0,0.49,134.83,0.52,271.0,0.48,115.0,0.53,100.0,0.47,82.0,0.54,337.6,0.46,106.0,0.55,70.0,0.45,201.0,0.56,70.0
2026-01-07 05:04:00.922000+00:00,2026-01-07 05:03:58.277051+00:00,240.922,0.495,0.49,0.5,0.505,0.5,0.51,416.26,94.12,94.12,416.26,0.48,271.0,0.51,129.83,0.47,105.0,0.52,115.0,0.46,337.6,0.53,82.0,0.45,70.0,0.54,106.0,0.44,70.0,0.55,201.0,0.49,129.83,0.52,271.0,0.48,115.0,0.53,105.0,0.47,82.0,0.54,337.6,0.46,106.0,0.55,70.0,0.45,201.0,0.56,70.0
2026-01-07 05:04:01.932000+00:00,2026-01-07 05:03:59.282884+00:00,241.932,0.495,0.49,0.5,0.505,0.5,0.51,416.26,94.12,44.12,416.26,0.48,271.0,0.51,129.83,0.47,105.0,0.52,115.0,0.46,337.6,0.53,82.0,0.45,70.0,0.54,106.0,0.44,70.0,0.55,201.0,0.49,129.83,0.52,191.0,0.48,115.0,0.53,105.0,0.47,82.0,0.54,337.6,0.46,106.0,0.55,70.0,0.45,201.0,0.56,70.0
2026-01-07 05:04:02.922000+00:00,2026-01-07 05:04:00.289057+00:00,242.922,0.495,0.49,0.5,0.505,0.5,0.51,406.27,94.12,94.12,406.27,0.48,191.0,0.51,134.83,0.47,105.0,0.52,115.0,0.46,337.6,0.53,82.0,0.45,70.0,0.54,106.0,0.44,70.0,0.55,201.0,0.49,134.83,0.52,191.0,0.48,115.0,0.53,105.0,0.47,82.0,0.54,337.6,0.46,106.0,0.55,70.0,0.45,201.0,0.56,70.0
2026-01-07 05:04:03.875000+00:00,2026-01-07 05:04:01.294806+00:00,243.875,0.495,0.49,0.5,0.505,0.5,0.51,379.76,94.12,94.12,370.33,0.48,271.0,0.51,64.83,0.47,105.0,0.52,115.0,0.46,337.6,0.53,82.0,0.45,70.0,0.54,106.0,0.44,70.0,0.55,201.0,0.49,64.83,0.52,271.0,0.48,115.0,0.53,105.0,0.47,82.0,0.54,337.6,0.46,106.0,0.55,70.0,0.45,201.0,0.56,70.0
2026-01-07 05:04:04.947000+00:00,2026-01-07 05:04:02.299556+00:00,244.947,0.495,0.49,0.5,0.505,0.5,0.51,355.33,114.12,164.12,370.33,0.48,271.0,0.51,134.83,0.47,105.0,0.52,115.0,0.46,337.6,0.53,82.0,0.45,70.0,0.54,106.0,0.44,70.0,0.55,201.0,0.49,134.83,0.52,271.0,0.48,115.0,0.53,105.0,0.47,82.0,0.54,337.6,0.46,106.0,0.55,70.0,0.45,201.0,0.56,70.0
2026-01-07 05:04:05.770000+00:00,2026-01-07 05:04:03.323106+00:00,245.77,0.495,0.49,0.5,0.505,0.5,0.51,358.37,164.12,164.12,358.37,0.48,271.0,0.51,134.83,0.47,105.0,0.52,115.0,0.46,337.6,0.53,82.0,0.45,70.0,0.54,106.0,0.44,70.0,0.55,201.0,0.49,134.83,0.52,271.0,0.48,115.0,0.53,105.0,0.47,82.0,0.54,337.6,0.46,106.0,0.55,70.0,0.45,201.0,0.56,70.0
2026-01-07 05:04:06.704000+00:00,2026-01-07 05:04:04.341250+00:00,246.704,0.495,0.49,0.5,0.505,0.5,0.51,343.38,164.12,164.12,338.38,0.48,271.0,0.51,134.83,0.47,105.0,0.52,124.69,0.46,337.6,0.53,87.54,0.45,70.0,0.54,106.0,0.44,70.0,0.55,201.0,0.49,134.83,0.52,271.0,0.48,124.69,0.53,105.0,0.47,87.54,0.54,337.6,0.46,106.0,0.55,70.0,0.45,201.0,0.56,70.0
2026-01-07 05:04:08.768000+00:00,2026-01-07 05:04:06.370315+00:00,248.768,0.495,0.49,0.5,0.505,0.5,0.51,328.38,164.12,171.25,328.38,0.48,271.0,0.51,134.83,0.47,105.0,0.52,115.0,0.46,337.6,0.53,94.0,0.45,70.0,0.54,94.0,0.44,70.0,0.55,201.0,0.49,134.83,0.52,271.0,0.48,115.0,0.53,105.0,0.47,94.0,0.54,337.6,0.46,94.0,0.55,70.0,0.45,201.0,0.56,70.0
2026-01-07 05:04:09.920000+00:00,2026-01-07 05:04:07.373509+00:00,249.92,0.495,0.49,0.5,0.505,0.5,0.51,343.38,171.25,166.25,316.87,0.48,271.0,0.51,128.83,0.47,105.0,0.52,115.0,0.46,337.6,0.53,94.0,0.45,70.0,0.54,94.0,0.44,70.0,0.55,201.0,0.49,135.83,0.52,271.0,0.48,115.0,0.53,105.0,0.47,94.0,0.54,337.6,0.46,94.0,0.55,70.0,0.45,201.0,0.56,70.0
2026-01-07 05:04:10.666000+00:00,2026-01-07 05:04:08.381442+00:00,250.666,0.495,0.49,0.5,0.505,0.5,0.51,301.87,171.25,171.25,301.87,0.48,271.0,0.51,135.83,0.47,105.0,0.52,116.0,0.46,337.6,0.53,94.0,0.45,70.0,0.54,94.0,0.44,70.0,0.55,201.0,0.49,135.83,0.52,271.0,0.48,116.0,0.53,105.0,0.47,94.0,0.54,337.6,0.46,94.0,0.55,70.0,0.45,201.0,0.56,70.0
2026-01-07 05:04:11.978000+00:00,2026-01-07 05:04:09.404817+00:00,251.978,0.495,0.49,0.5,0.505,0.5,0.51,105.79,171.25,171.25,105.79,0.48,271.0,0.51,135.83,0.47,105.0,0.52,128.0,0.46,337.6,0.53,82.0,0.45,70.0,0.54,103.69,0.44,70.0,0.55,206.54,0.49,135.83,0.52,271.0,0.48,128.0,0.53,105.0,0.47,82.0,0.54,337.6,0.46,103.69,0.55,70.0,0.45,206.54,0.56,70.0
2026-01-07 05:04:13.943000+00:00,2026-01-07 05:04:11.423104+00:00,253.943,0.495,0.49,0.5,0.505,0.5,0.51,63.0,171.25,171.25,63.0,0.48,191.0,0.51,147.83,0.47,105.0,0.52,116.0,0.46,337.6,0.53,82.0,0.45,70.0,0.54,94.0,0.44,70.0,0.55,206.54,0.49,147.83,0.52,191.0,0.48,116.0,0.53,105.0,0.47,82.0,0.54,337.6,0.46,94.0,0.55,70.0,0.45,201.0,0.56,70.0
2026-01-07 05:04:15.069000+00:00,2026-01-07 05:04:12.430949+00:00,255.069,0.495,0.49,0.5,0.505,0.5,0.51,83.13,176.25,161.25,83.13,0.48,191.0,0.51,135.83,0.47,105.0,0.52,58.0,0.46,337.6,0.53,12.0,0.45,70.0,0.54,24.0,0.44,70.0,0.55,201.0,0.49,135.83,0.52,191.0,0.48,58.0,0.53,105.0,0.47,12.0,0.54,337.6,0.46,24.0,0.55,70.0,0.45,201.0,0.56,70.0
2026-01-07 05:04:16.483000+00:00,2026-01-07 05:04:14.450087+00:00,256.483,0.495,0.49,0.5,0.505,0.5,0.51,67.63,91.25,91.25,67.63,0.48,196.0,0.51,65.83,0.47,105.0,0.52,70.0,0.46,337.6,0.54,94.0,0.45,70.0,0.55,201.0,0.44,70.0,0.56,2125.0,0.49,65.83,0.52,196.0,0.48,70.0,0.53,105.0,0.46,94.0,0.54,337.6,0.45,201.0,0.55,70.0,0.44,2125.0,0.56,70.0
2026-01-07 05:04:18.072000+00:00,2026-01-07 05:04:15.455908+00:00,258.072,0.495,0.49,0.5,0.505,0.5,0.51,11.0,215.2,215.2,11.0,0.48,136.0,0.51,171.83,0.47,95.0,0.52,104.0,0.46,267.6,0.53,94.0,0.44,80.0,0.54,82.0,0.43,80.0,0.55,189.0,0.49,171.83,0.52,136.0,0.48,104.0,0.53,95.0,0.47,94.0,0.54,267.6,0.46,82.0,0.56,80.0,0.45,189.0,0.57,80.0
2026-01-07 05:04:19.089000+00:00,2026-01-07 05:04:16.480424+00:00,259.089,0.485,0.48,0.49,0.515,0.51,0.52,81.59,169.12,169.12,81.59,0.47,71.0,0.5,181.08,0.46,315.6,0.51,135.83,0.43,80.0,0.52,104.0,0.42,80.0,0.53,82.0,0.41,110.0,0.54,91.69,0.5,181.08,0.53,71.0,0.49,135.83,0.54,315.6,0.48,104.0,0.57,80.0,0.47,82.0,0.58,80.0,0.46,91.69,0.59,110.0
2026-01-07 05:04:20.128000+00:00,2026-01-07 05:04:17.486998+00:00,260.128,0.505,0.5,0.51,0.495,0.49,0.5,142.68,69.83,69.83,157.68,0.49,72.0,0.52,6.0,0.48,31.76,0.53,12.0,0.47,35.0,0.54,33.69,0.46,267.6,0.55,179.54,0.43,80.0,0.56,2137.0,0.48,6.0,0.51,72.0,0.47,12.0,0.52,31.76,0.46,33.69,0.53,35.0,0.45,179.54,0.54,267.6,0.44,2137.0,0.57,80.0
2026-01-07 05:04:21.071000+00:00,2026-01-07 05:04:18.496013+00:00,261.071,0.505,0.5,0.51,0.495,0.49,0.5,117.68,74.83,74.83,117.68,0.49,72.0,0.52,6.0,0.48,31.76,0.53,12.0,0.47,35.0,0.54,12.0,0.46,267.6,0.55,186.0,0.43,150.0,0.56,2137.0,0.48,6.0,0.51,72.0,0.47,12.0,0.52,31.76,0.46,12.0,0.53,35.0,0.45,186.0,0.54,267.6,0.44,2137.0,0.57,150.0
2026-01-07 05:04:22.144000+00:00,2026-01-07 05:04:19.499087+00:00,262.144,0.505,0.5,0.51,0.495,0.49,0.5,129.68,84.83,84.83,129.68,0.49,222.0,0.52,6.0,0.48,169.76,0.54,36.0,0.47,105.0,0.55,222.0,0.46,337.6,0.56,2137.0,0.45,70.0,0.57,115.0,0.48,6.0,0.51,222.0,0.46,36.0,0.52,169.76,0.45,222.0,0.53,105.0,0.44,2137.0,0.54,337.6,0.43,115.0,0.55,70.0
2026-01-07 05:04:23.144000+00:00,2026-01-07 05:04:20.505992+00:00,263.144,0.505,0.5,0.51,0.495,0.49,0.5,258.14,98.83,91.83,258.14,0.49,142.0,0.52,6.0,0.48,87.0,0.54,36.0,0.47,105.0,0.55,222.0,0.46,337.6,0.56,2137.0,0.45,70.0,0.57,115.0,0.48,6.0,0.51,148.0,0.46,36.0,0.52,87.0,0.45,222.0,0.53,105.0,0.44,2137.0,0.54,337.6,0.43,115.0,0.55,70.0
2026-01-07 05:04:24.093000+00:00,2026-01-07 05:04:21.529338+00:00,264.093,0.505,0.5,0.51,0.495,0.49,0.5,258.14,76.83,76.83,258.14,0.49,148.0,0.52,7.0,0.48,92.0,0.53,6.0,0.47,100.0,0.54,36.0,0.46,337.6,0.55,222.0,0.45,70.0,0.56,2137.0,0.48,7.0,0.51,148.0,0.47,6.0,0.52,92.0,0.46,36.0,0.53,100.0,0.45,222.0,0.54,337.6,0.44,2137.0,0.55,70.0
2026-01-07 05:04:25.763000+00:00,2026-01-07 05:04:23.538308+00:00,265.763,0.505,0.5,0.51,0.495,0.49,0.5,220.5,91.83,76.83,220.5,0.49,148.0,0.52,7.0,0.48,92.0,0.53,6.0,0.47,100.0,0.54,36.0,0.46,337.6,0.55,222.0,0.45,70.0,0.56,2137.0,0.48,7.0,0.51,148.0,0.47,6.0,0.52,92.0,0.46,36.0,0.53,100.0,0.45,222.0,0.54,337.6,0.44,2137.0,0.55,70.0
2026-01-07 05:04:27.104000+00:00,2026-01-07 05:04:24.540963+00:00,267.104,0.505,0.5,0.51,0.495,0.49,0.5,218.5,91.83,76.83,218.5,0.49,148.0,0.52,7.0,0.48,92.0,0.53,6.0,0.47,100.0,0.54,45.69,0.46,337.6,0.55,227.54,0.45,70.0,0.56,2137.0,0.48,7.0,0.51,148.0,0.47,6.0,0.52,92.0,0.46,45.69,0.53,100.0,0.45,227.54,0.54,337.6,0.44,2137.0,0.55,70.0
2026-01-07 05:04:28.101000+00:00,2026-01-07 05:04:25.534175+00:00,268.101,0.505,0.5,0.51,0.495,0.49,0.5,164.79,76.83,76.83,164.79,0.49,148.0,0.52,7.0,0.48,92.0,0.53,6.0,0.47,100.0,0.54,45.69,0.46,337.6,0.55,227.54,0.45,70.0,0.56,2137.0,0.48,7.0,0.51,148.0,0.47,6.0,0.52,92.0,0.46,45.69,0.53,100.0,0.45,227.54,0.54,337.6,0.44,2137.0,0.55,70.0
2026-01-07 05:04:29.154000+00:00,2026-01-07 05:04:26.540090+00:00,269.154,0.505,0.5,0.51,0.495,0.49,0.5,164.79,76.83,84.83,164.79,0.49,148.0,0.52,7.0,0.48,92.0,0.53,6.0,0.47,100.0,0.54,24.0,0.46,337.6,0.55,227.54,0.45,70.0,0.56,2137.0,0.48,7.0,0.51,148.0,0.47,18.0,0.52,92.0,0.46,24.0,0.53,100.0,0.45,227.54,0.54,337.6,0.44,2137.0,0.55,70.0
2026-01-07 05:04:30.171000+00:00,2026-01-07 05:04:27.549916+00:00,270.171,0.505,0.5,0.51,0.495,0.49,0.5,137.25,84.86,84.86,131.7,0.49,160.0,0.52,7.0,0.48,75.0,0.53,18.0,0.47,100.0,0.54,24.0,0.46,337.6,0.55,222.0,0.45,70.0,0.56,2137.0,0.48,7.0,0.51,160.0,0.47,18.0,0.52,75.0,0.46,24.0,0.53,100.0,0.45,222.0,0.54,337.6,0.44,2137.0,0.55,70.0
2026-01-07 05:04:31.167000+00:00,2026-01-07 05:04:28.556466+00:00,271.167,0.505,0.5,0.51,0.495,0.49,0.5,126.68,129.86,129.86,137.68,0.49,148.0,0.52,19.0,0.48,75.0,0.53,6.0,0.47,100.0,0.54,24.0,0.46,337.6,0.55,222.0,0.45,70.0,0.56,2137.0,0.48,19.0,0.51,148.0,0.47,6.0,0.52,87.0,0.46,24.0,0.53,100.0,0.45,222.0,0.54,337.6,0.44,2137.0,0.55,70.0
2026-01-07 05:04:32.163000+00:00,2026-01-07 05:04:29.552761+00:00,272.163,0.505,0.5,0.51,0.495,0.49,0.5,11.0,78.09,78.09,11.0,0.49,298.0,0.52,19.0,0.48,162.0,0.53,6.0,0.47,116.0,0.54,94.0,0.46,337.6,0.55,222.0,0.45,70.0,0.56,2137.0,0.48,19.0,0.51,298.0,0.46,24.0,0.52,167.0,0.45,222.0,0.53,116.0,0.44,2137.0,0.54,337.6,0.43,115.0,0.55,70.0
2026-01-07 05:04:33.160000+00:00,2026-01-07 05:04:30.575718+00:00,273.16,0.505,0.5,0.51,0.505,0.5,0.51,11.0,78.09,45.0,350.0,0.49,350.0,0.52,57.0,0.48,183.0,0.53,18.0,0.47,100.0,0.54,24.0,0.46,337.6,0.55,231.69,0.45,70.0,0.56,2142.54,0.49,78.09,0.52,183.0,0.48,57.0,0.53,100.0,0.47,18.0,0.54,337.6,0.46,24.0,0.55,70.0,0.45,231.69,0.56,70.0
2026-01-07 05:04:34.143000+00:00,2026-01-07 05:04:31.582679+00:00,274.143,0.495,0.49,0.5,0.505,0.5,0.51,315.0,45.0,34.93,315.0,0.48,167.0,0.51,78.09,0.47,116.0,0.52,57.0,0.46,337.6,0.53,18.0,0.45,70.0,0.54,24.0,0.44,70.0,0.55,231.69,0.49,78.09,0.52,167.0,0.48,57.0,0.53,116.0,0.47,18.0,0.54,337.6,0.46,24.0,0.55,70.0,0.45,231.69,0.56,70.0
2026-01-07 05:04:35.162000+00:00,2026-01-07 05:04:32.587630+00:00,275.162,0.495,0.49,0.5,0.505,0.5,0.51,176.0,34.93,34.93,176.0,0.48,171.0,0.51,78.09,0.47,116.0,0.52,69.0,0.46,337.6,0.53,30.0,0.45,70.0,0.54,48.0,0.44,70.0,0.55,195.69,0.49,78.09,0.52,171.0,0.48,69.0,0.53,116.0,0.47,30.0,0.54,337.6,0.46,48.0,0.55,70.0,0.45,186.0,0.56,70.0
2026-01-07 05:04:36.246000+00:00,2026-01-07 05:04:33.596200+00:00,276.246,0.495,0.49,0.5,0.505,0.5,0.51,106.0,34.93,34.93,106.0,0.48,171.0,0.51,78.09,0.47,116.0,0.52,69.0,0.46,337.6,0.53,30.0,0.45,70.0,0.54,48.0,0.44,70.0,0.55,186.0,0.49,78.09,0.52,171.0,0.48,69.0,0.53,116.0,0.47,30.0,0.54,337.6,0.46,118.0,0.55,70.0,0.45,186.0,0.56,70.0
2026-01-07 05:04:37.247000+00:00,2026-01-07 05:04:34.619429+00:00,277.247,0.495,0.49,0.5,0.505,0.5,0.51,156.0,34.93,34.93,156.0,0.48,171.0,0.51,78.09,0.47,116.0,0.52,69.0,0.46,337.6,0.53,30.0,0.45,70.0,0.54,118.0,0.44,70.0,0.55,186.0,0.49,78.09,0.52,171.0,0.48,69.0,0.53,116.0,0.47,100.0,0.54,337.6,0.46,118.0,0.55,70.0,0.45,186.0,0.56,70.0
2026-01-07 05:04:38.140000+00:00,2026-01-07 05:04:35.626234+00:00,278.14,0.495,0.49,0.5,0.505,0.5,0.51,167.0,44.38,58.38,161.0,0.48,171.0,0.51,64.09,0.47,116.0,0.52,69.0,0.46,337.6,0.53,100.0,0.45,70.0,0.54,118.0,0.44,70.0,0.55,186.0,0.49,64.09,0.52,171.0,0.48,69.0,0.53,100.0,0.47,100.0,0.54,337.6,0.46,118.0,0.55,70.0,0.45,186.0,0.56,70.0
2026-01-07 05:04:39.213000+00:00,2026-01-07 05:04:36.631234+00:00,279.213,0.495,0.49,0.5,0.505,0.5,0.51,176.0,58.38,58.38,176.0,0.48,172.0,0.51,71.09,0.47,105.0,0.52,62.0,0.46,337.6,0.53,94.0,0.45,70.0,0.54,118.0,0.44,70.0,0.55,186.0,0.49,71.09,0.52,172.0,0.48,68.0,0.53,105.0,0.47,94.0,0.54,337.6,0.46,118.0,0.55,70.0,0.45,186.0,0.56,70.0
2026-01-07 05:04:40.261000+00:00,2026-01-07 05:04:37.653260+00:00,280.261,0.475,0.47,0.48,0.525,0.52,0.53,51.0,45.0,45.0,51.0,0.46,279.6,0.49,57.0,0.44,70.0,0.5,94.38,0.43,70.0,0.51,66.09,0.42,70.0,0.52,68.0,0.41,110.0,0.53,94.0,0.51,127.0,0.54,279.6,0.5,176.38,0.56,70.0,0.49,136.09,0.57,70.0,0.48,126.0,0.58,70.0,0.47,82.0,0.59,110.0
2026-01-07 05:04:41.232000+00:00,2026-01-07 05:04:38.662218+00:00,281.232,0.475,0.47,0.48,0.525,0.52,0.53,51.0,47.0,47.0,51.0,0.46,279.6,0.49,151.0,0.44,70.0,0.5,167.38,0.43,70.0,0.51,136.09,0.42,70.0,0.52,126.0,0.41,110.0,0.53,82.0,0.51,151.0,0.54,279.6,0.5,167.38,0.56,70.0,0.49,136.09,0.57,70.0,0.48,126.0,0.58,70.0,0.47,82.0,0.59,110.0
2026-01-07 05:04:42.299000+00:00,2026-01-07 05:04:39.668959+00:00,282.299,0.475,0.47,0.48,0.525,0.52,0.53,51.0,37.0,122.0,51.0,0.46,339.6,0.49,157.0,0.44,82.0,0.5,173.38,0.43,82.0,0.51,129.09,0.42,70.0,0.52,120.0,0.41,110.0,0.53,82.0,0.51,157.0,0.54,339.6,0.5,173.38,0.56,82.0,0.49,129.09,0.57,82.0,0.48,120.0,0.58,70.0,0.47,82.0,0.59,110.0
2026-01-07 05:04:43.233000+00:00,2026-01-07 05:04:40.677576+00:00,283.233,0.475,0.47,0.48,0.525,0.52,0.53,29.52,122.0,122.0,29.52,0.46,344.6,0.49,157.0,0.45,5.0,0.5,173.38,0.44,82.0,0.51,129.09,0.43,82.0,0.52,120.0,0.42,70.0,0.53,82.0,0.51,157.0,0.54,344.6,0.5,173.38,0.55,5.0,0.49,129.09,0.56,82.0,0.48,120.0,0.57,82.0,0.47,82.0,0.58,70.0
2026-01-07 05:04:44.284000+00:00,2026-01-07 05:04:41.683256+00:00,284.284,0.455,0.45,0.46,0.545,0.54,0.55,36.0,45.0,57.0,20.0,0.44,24.0,0.47,93.0,0.42,82.0,0.48,158.0,0.41,122.0,0.49,121.0,0.4,620.0,0.5,125.38,0.39,70.0,0.51,129.09,0.53,163.0,0.58,70.0,0.52,146.0,0.59,134.0,0.51,121.0,0.6,620.0,0.5,125.38,0.61,70.0,0.49,129.09,0.62,105.0
2026-01-07 05:04:45.334000+00:00,2026-01-07 05:04:42.688696+00:00,285.334,0.455,0.45,0.46,0.545,0.54,0.55,36.0,59.5,47.5,37.0,0.44,16.0,0.47,163.0,0.43,40.0,0.48,134.0,0.42,70.0,0.49,121.0,0.41,122.0,0.5,141.38,0.4,632.0,0.51,113.09,0.53,175.0,0.56,16.0,0.52,134.0,0.57,24.0,0.51,121.0,0.58,70.0,0.5,141.38,0.59,134.0,0.49,113.09,0.6,620.0
2026-01-07 05:04:46.314000+00:00,2026-01-07 05:04:43.694743+00:00,286.314,0.455,0.45,0.46,0.545,0.54,0.55,2.81,128.86,128.86,2.81,0.43,28.0,0.47,139.0,0.42,82.0,0.48,122.0,0.41,146.0,0.49,121.0,0.4,656.0,0.5,141.38,0.39,70.0,0.51,113.09,0.53,139.0,0.57,28.0,0.52,122.0,0.58,82.0,0.51,121.0,0.59,146.0,0.5,141.38,0.6,656.0,0.49,113.09,0.61,70.0
2026-01-07 05:04:47.222000+00:00,2026-01-07 05:04:44.702413+00:00,287.222,0.455,0.45,0.46,0.545,0.54,0.55,2.81,94.5,157.72,2.81,0.43,40.0,0.47,139.0,0.42,94.0,0.48,122.0,0.41,134.0,0.49,121.0,0.4,644.0,0.5,141.38,0.39,70.0,0.51,113.09,0.53,139.0,0.57,40.0,0.52,122.0,0.58,94.0,0.51,121.0,0.59,134.0,0.5,141.38,0.6,644.0,0.49,113.09,0.61,70.0
2026-01-07 05:04:48.353000+00:00,2026-01-07 05:04:45.708189+00:00,288.353,0.415,0.41,0.42,0.585,0.58,0.59,40.0,45.0,45.0,40.0,0.4,562.0,0.43,45.0,0.39,70.0,0.44,69.0,0.38,105.0,0.45,45.0,0.37,95.0,0.46,115.0,0.36,120.0,0.47,115.0,0.57,81.0,0.6,586.0,0.56,93.0,0.61,12.0,0.55,115.0,0.62,141.0,0.54,115.0,0.63,95.0,0.53,115.0,0.64,120.0
2026-01-07 05:04:49.370000+00:00,2026-01-07 05:04:46.703451+00:00,289.37,0.415,0.41,0.42,0.585,0.58,0.59,62.89,33.25,37.64,38.48,0.4,574.0,0.43,81.0,0.39,24.0,0.44,93.0,0.38,141.0,0.45,115.0,0.37,95.0,0.46,116.0,0.36,120.0,0.47,100.0,0.57,81.0,0.6,574.0,0.56,93.0,0.61,24.0,0.55,115.0,0.62,141.0,0.54,116.0,0.63,95.0,0.53,100.0,0.64,120.0
2026-01-07 05:04:50.364000+00:00,2026-01-07 05:04:47.724832+00:00,290.364,0.415,0.41,0.42,0.585,0.58,0.59,36.31,42.42,42.42,36.31,0.4,579.0,0.43,87.0,0.39,29.0,0.44,111.0,0.38,141.0,0.45,100.0,0.37,107.0,0.46,116.0,0.36,120.0,0.47,100.0,0.57,87.0,0.6,579.0,0.56,181.0,0.61,29.0,0.55,100.0,0.62,141.0,0.54,116.0,0.63,107.0,0.53,100.0,0.64,120.0
2026-01-07 05:04:51.306000+00:00,2026-01-07 05:04:48.746736+00:00,291.306,0.415,0.41,0.42,0.585,0.58,0.59,36.31,59.77,129.77,36.31,0.4,579.0,0.43,99.0,0.39,29.0,0.44,169.0,0.38,141.0,0.45,100.0,0.37,107.0,0.46,116.0,0.36,120.0,0.47,100.0,0.57,169.0,0.6,579.0,0.56,169.0,0.61,29.0,0.55,100.0,0.62,141.0,0.54,116.0,0.63,107.0,0.53,100.0,0.64,120.0
2026-01-07 05:04:52.397000+00:00,2026-01-07 05:04:49.752511+00:00,292.397,0.405,0.4,0.41,0.595,0.59,0.6,175.7,70.0,137.0,175.7,0.39,29.0,0.42,169.07,0.38,24.0,0.43,169.0,0.37,51.0,0.44,106.0,0.36,27.0,0.45,116.0,0.35,236.0,0.46,100.0,0.58,169.07,0.61,109.0,0.57,169.0,0.62,24.0,0.56,106.0,0.63,86.0,0.55,116.0,0.64,37.0,0.54,100.0,0.65,236.0
2026-01-07 05:04:53.408000+00:00,2026-01-07 05:04:50.775191+00:00,293.408,0.395,0.39,0.4,0.605,0.6,0.61,58.81,127.0,127.0,58.81,0.38,12.0,0.41,167.0,0.37,74.0,0.42,150.24,0.36,73.0,0.43,106.0,0.35,248.0,0.44,122.0,0.34,175.0,0.45,100.0,0.59,167.0,0.63,74.0,0.58,150.24,0.64,73.0,0.57,106.0,0.65,248.0,0.56,122.0,0.66,175.0,0.55,100.0,0.67,115.0
2026-01-07 05:04:54.396000+00:00,2026-01-07 05:04:51.780755+00:00,294.396,0.395,0.39,0.4,0.605,0.6,0.61,58.81,127.0,127.0,56.56,0.37,86.0,0.41,167.0,0.36,73.0,0.42,150.24,0.35,178.0,0.43,106.0,0.34,175.0,0.44,122.0,0.33,115.0,0.45,100.0,0.59,167.0,0.63,86.0,0.58,150.24,0.64,73.0,0.57,106.0,0.65,178.0,0.56,122.0,0.66,175.0,0.55,100.0,0.67,115.0
2026-01-07 05:04:55.408000+00:00,2026-01-07 05:04:52.786163+00:00,295.408,0.395,0.39,0.4,0.605,0.6,0.61,71.56,127.0,127.0,15.0,0.37,86.0,0.41,167.0,0.36,73.0,0.42,135.24,0.35,248.0,0.43,106.0,0.34,175.0,0.44,122.0,0.33,115.0,0.45,100.0,0.59,167.0,0.62,16.0,0.58,135.24,0.63,86.0,0.57,106.0,0.64,61.0,0.56,122.0,0.65,248.0,0.55,100.0,0.66,175.0
2026-01-07 05:04:56.420000+00:00,2026-01-07 05:04:53.792286+00:00,296.42,0.375,0.37,0.38,0.625,0.62,0.63,47.77,511.53,483.53,47.77,0.36,49.0,0.39,122.0,0.35,236.0,0.4,112.0,0.34,175.0,0.41,92.0,0.33,115.0,0.42,116.41,0.32,85.0,0.43,116.0,0.61,187.0,0.64,25.0,0.6,112.0,0.65,202.0,0.59,92.0,0.66,223.0,0.58,116.41,0.67,127.0,0.57,116.0,0.68,85.0
2026-01-07 05:04:57.309000+00:00,2026-01-07 05:04:54.796385+00:00,297.309,0.375,0.37,0.38,0.625,0.62,0.63,65.77,505.53,485.4,65.77,0.36,25.0,0.39,187.0,0.35,202.0,0.4,112.0,0.34,211.0,0.41,92.0,0.33,139.0,0.42,115.34,0.32,85.0,0.43,100.0,0.61,187.0,0.64,25.0,0.6,112.0,0.65,202.0,0.59,92.0,0.66,211.0,0.58,115.34,0.67,139.0,0.57,100.0,0.68,85.0
2026-01-07 05:04:58.446000+00:00,2026-01-07 05:04:55.800017+00:00,298.446,0.365,0.36,0.37,0.635,0.63,0.64,25.0,178.32,229.32,66.0,0.35,202.0,0.38,497.88,0.34,223.0,0.39,172.0,0.33,127.0,0.4,112.0,0.32,85.0,0.41,92.0,0.31,70.0,0.42,115.34,0.62,534.88,0.65,141.0,0.61,112.0,0.66,223.0,0.6,100.0,0.67,139.0,0.59,92.0,0.68,132.0,0.58,131.34,0.69,70.0
