timestamp,seconds,mid,bid,ask,asset
2026-01-07 04:45:00+00:00,0.0,3259.991,3259.93,3260.08,ETH
2026-01-07 04:45:01+00:00,1.0,3260.081,3259.93,3260.15,ETH
2026-01-07 04:45:02+00:00,2.0,3260.041,3259.93,3260.12,ETH
2026-01-07 04:45:03+00:00,3.0,3260.081,3259.93,3260.2,ETH
2026-01-07 04:45:04+00:00,4.0,3260.021,3259.91,3260.17,ETH
2026-01-07 04:45:05+00:00,5.0,3259.961,3259.86,3260.09,ETH
2026-01-07 04:45:07+00:00,7.0,3259.261,3259.19,3259.32,ETH
2026-01-07 04:45:08+00:00,8.0,3258.611,3258.61,3258.86,ETH
2026-01-07 04:45:09+00:00,9.0,3258.611,3258.61,3258.89,ETH
2026-01-07 04:45:10+00:00,10.0,3258.611,3258.61,3258.79,ETH
2026-01-07 04:45:11+00:00,11.0,3258.611,3258.61,3258.73,ETH
2026-01-07 04:45:12+00:00,12.0,3258.611,3258.61,3258.71,ETH
2026-01-07 04:45:13+00:00,13.0,3258.611,3258.61,3258.76,ETH
2026-01-07 04:45:14+00:00,14.0,3258.631,3258.61,3258.72,ETH
2026-01-07 04:45:15+00:00,15.0,3258.681,3258.6,3258.87,ETH
2026-01-07 04:45:16+00:00,16.0,3258.701,3258.63,3258.87,ETH
2026-01-07 04:45:17+00:00,17.0,3258.721,3258.67,3258.87,ETH
2026-01-07 04:45:18+00:00,18.0,3258.781,3258.74,3258.87,ETH
2026-01-07 04:45:19+00:00,19.0,3258.801,3258.75,3258.87,ETH
2026-01-07 04:45:20+00:00,20.0,3258.721,3258.69,3258.87,ETH
2026-01-07 04:45:21+00:00,21.0,3258.831,3258.79,3258.87,ETH
2026-01-07 04:45:22+00:00,22.0,3258.771,3258.72,3258.87,ETH
2026-01-07 04:45:23+00:00,23.0,3258.771,3258.72,3258.87,ETH
2026-01-07 04:45:24+00:00,24.0,3258.711,3258.63,3258.87,ETH
2026-01-07 04:45:25+00:00,25.0,3258.611,3258.61,3258.74,ETH
2026-01-07 04:45:26+00:00,26.0,3258.661,3258.65,3258.77,ETH
2026-01-07 04:45:27+00:00,27.0,3258.681,3258.64,3258.74,ETH
2026-01-07 04:45:28+00:00,28.0,3258.681,3258.63,3258.74,ETH
2026-01-07 04:45:29+00:00,29.0,3258.691,3258.64,3258.76,ETH
2026-01-07 04:45:30+00:00,30.0,3258.701,3258.65,3258.79,ETH
2026-01-07 04:45:31+00:00,31.0,3258.681,3258.62,3258.79,ETH
2026-01-07 04:45:32+00:00,32.0,3258.651,3258.6,3258.72,ETH
2026-01-07 04:45:33+00:00,33.0,3258.701,3258.64,3258.75,ETH
2026-01-07 04:45:34+00:00,34.0,3258.721,3258.66,3258.76,ETH
2026-01-07 04:45:35+00:00,35.0,3258.661,3258.62,3258.74,ETH
2026-01-07 04:45:36+00:00,36.0,3258.741,3258.69,3258.81,ETH
2026-01-07 04:45:37+00:00,37.0,3258.691,3258.63,3258.74,ETH
2026-01-07 04:45:38+00:00,38.0,3258.661,3258.61,3258.7,ETH
2026-01-07 04:45:39+00:00,39.0,3258.681,3258.65,3258.75,ETH
2026-01-07 04:45:40+00:00,40.0,3258.691,3258.64,3258.75,ETH
2026-01-07 04:45:41+00:00,41.0,3258.621,3258.56,3258.74,ETH
2026-01-07 04:45:42+00:00,42.0,3258.681,3258.63,3258.74,ETH
2026-01-07 04:45:43+00:00,43.0,3258.671,3258.62,3258.73,ETH
2026-01-07 04:45:44+00:00,44.0,3258.671,3258.62,3258.73,ETH
2026-01-07 04:45:45+00:00,45.0,3258.621,3258.57,3258.69,ETH
2026-01-07 04:45:46+00:00,46.0,3258.691,3258.67,3258.78,ETH
2026-01-07 04:45:47+00:00,47.0,3258.711,3258.68,3258.77,ETH
2026-01-07 04:45:48+00:00,48.0,3258.691,3258.64,3258.74,ETH
2026-01-07 04:45:49+00:00,49.0,3258.611,3258.57,3258.69,ETH
2026-01-07 04:45:50+00:00,50.0,3258.651,3258.62,3258.71,ETH
2026-01-07 04:45:51+00:00,51.0,3258.671,3258.64,3258.71,ETH
2026-01-07 04:45:52+00:00,52.0,3258.651,3258.61,3258.7,ETH
2026-01-07 04:45:53+00:00,53.0,3258.671,3258.64,3258.73,ETH
2026-01-07 04:45:54+00:00,54.0,3258.691,3258.65,3258.75,ETH
2026-01-07 04:45:55+00:00,55.0,3258.671,3258.62,3258.73,ETH
2026-01-07 04:45:56+00:00,56.0,3258.681,3258.65,3258.74,ETH
2026-01-07 04:45:57+00:00,57.0,3258.691,3258.66,3258.74,ETH
2026-01-07 04:45:58+00:00,58.0,3258.681,3258.63,3258.73,ETH
2026-01-07 04:45:59+00:00,59.0,3258.671,3258.61,3258.72,ETH
2026-01-07 04:46:00+00:00,60.0,3258.671,3258.62,3258.73,ETH
2026-01-07 04:46:01+00:00,61.0,3258.651,3258.61,3258.71,ETH
2026-01-07 04:46:02+00:00,62.0,3258.631,3258.58,3258.7,ETH
2026-01-07 04:46:03+00:00,63.0,3258.651,3258.6,3258.71,ETH
2026-01-07 04:46:04+00:00,64.0,3258.641,3258.59,3258.71,ETH
2026-01-07 04:46:05+00:00,65.0,3258.621,3258.57,3258.7,ETH
2026-01-07 04:46:06+00:00,66.0,3258.621,3258.57,3258.7,ETH
2026-01-07 04:46:07+00:00,67.0,3258.601,3258.56,3258.7,ETH
2026-01-07 04:46:08+00:00,68.0,3258.621,3258.57,3258.7,ETH
2026-01-07 04:46:09+00:00,69.0,3258.611,3258.57,3258.7,ETH
2026-01-07 04:46:11+00:00,71.0,3258.651,3258.6,3258.7,ETH
2026-01-07 04:46:12+00:00,72.0,3258.641,3258.59,3258.7,ETH
2026-01-07 04:46:13+00:00,73.0,3258.531,3258.47,3258.59,ETH
2026-01-07 04:46:14+00:00,74.0,3258.341,3258.28,3258.47,ETH
2026-01-07 04:46:15+00:00,75.0,3258.271,3258.21,3258.46,ETH
2026-01-07 04:46:16+00:00,76.0,3258.301,3258.25,3258.46,ETH
2026-01-07 04:46:17+00:00,77.0,3258.281,3258.23,3258.46,ETH
2026-01-07 04:46:18+00:00,78.0,3258.351,3258.29,3258.53,ETH
2026-01-07 04:46:19+00:00,79.0,3258.401,3258.35,3258.5,ETH
2026-01-07 04:46:20+00:00,80.0,3258.401,3258.36,3258.47,ETH
2026-01-07 04:46:21+00:00,81.0,3258.461,3258.43,3258.53,ETH
2026-01-07 04:46:22+00:00,82.0,3258.431,3258.39,3258.49,ETH
2026-01-07 04:46:23+00:00,83.0,3258.421,3258.37,3258.48,ETH
2026-01-07 04:46:24+00:00,84.0,3258.471,3258.43,3258.54,ETH
2026-01-07 04:46:25+00:00,85.0,3258.531,3258.51,3258.62,ETH
2026-01-07 04:46:26+00:00,86.0,3258.591,3258.5,3258.66,ETH
2026-01-07 04:46:27+00:00,87.0,3258.611,3258.48,3258.76,ETH
2026-01-07 04:46:28+00:00,88.0,3258.641,3258.53,3258.89,ETH
2026-01-07 04:46:29+00:00,89.0,3258.671,3258.58,3258.92,ETH
2026-01-07 04:46:30+00:00,90.0,3258.791,3258.65,3258.96,ETH
2026-01-07 04:46:31+00:00,91.0,3258.911,3258.76,3258.96,ETH
2026-01-07 04:46:32+00:00,92.0,3258.911,3258.82,3258.96,ETH
2026-01-07 04:46:33+00:00,93.0,3258.921,3258.83,3258.99,ETH
2026-01-07 04:46:34+00:00,94.0,3258.881,3258.82,3258.97,ETH
2026-01-07 04:46:35+00:00,95.0,3258.881,3258.82,3259.03,ETH
2026-01-07 04:46:36+00:00,96.0,3258.921,3258.88,3259.18,ETH
2026-01-07 04:46:37+00:00,97.0,3258.921,3258.91,3259.26,ETH
2026-01-07 04:46:38+00:00,98.0,3258.921,3258.91,3259.25,ETH
2026-01-07 04:46:39+00:00,99.0,3258.931,3258.92,3259.24,ETH
2026-01-07 04:46:40+00:00,100.0,3258.931,3258.92,3259.01,ETH
2026-01-07 04:46:41+00:00,101.0,3258.931,3258.92,3259.08,ETH
2026-01-07 04:46:42+00:00,102.0,3258.931,3258.92,3259.16,ETH
2026-01-07 04:46:43+00:00,103.0,3258.931,3258.92,3259.14,ETH
2026-01-07 04:46:44+00:00,104.0,3258.931,3258.93,3259.15,ETH
2026-01-07 04:46:45+00:00,105.0,3258.931,3258.93,3259.13,ETH
2026-01-07 04:46:46+00:00,106.0,3258.881,3258.87,3259.13,ETH
2026-01-07 04:46:47+00:00,107.0,3258.881,3258.87,3259.11,ETH
2026-01-07 04:46:48+00:00,108.0,3258.881,3258.87,3259.09,ETH
2026-01-07 04:46:49+00:00,109.0,3258.501,3258.3,3258.52,ETH
2026-01-07 04:46:50+00:00,110.0,3258.281,3258.23,3258.33,ETH
2026-01-07 04:46:51+00:00,111.0,3258.201,3258.14,3258.31,ETH
2026-01-07 04:46:52+00:00,112.0,3258.251,3258.2,3258.31,ETH
2026-01-07 04:46:53+00:00,113.0,3258.091,3258.08,3258.32,ETH
2026-01-07 04:46:54+00:00,114.0,3258.091,3258.08,3258.3,ETH
2026-01-07 04:46:55+00:00,115.0,3258.361,3258.31,3258.46,ETH
2026-01-07 04:46:56+00:00,116.0,3258.361,3258.32,3258.42,ETH
2026-01-07 04:46:57+00:00,117.0,3258.361,3258.32,3258.42,ETH
2026-01-07 04:46:58+00:00,118.0,3258.331,3258.27,3258.38,ETH
2026-01-07 04:46:59+00:00,119.0,3258.271,3258.2,3258.34,ETH
2026-01-07 04:47:00+00:00,120.0,3258.091,3258.08,3258.23,ETH
2026-01-07 04:47:01+00:00,121.0,3257.941,3257.93,3258.2,ETH
2026-01-07 04:47:02+00:00,122.0,3257.931,3257.93,3258.14,ETH
2026-01-07 04:47:03+00:00,123.0,3257.911,3257.77,3257.96,ETH
2026-01-07 04:47:04+00:00,124.0,3257.611,3257.6,3257.84,ETH
2026-01-07 04:47:05+00:00,125.0,3257.611,3257.6,3257.83,ETH
2026-01-07 04:47:06+00:00,126.0,3257.611,3257.6,3257.85,ETH
2026-01-07 04:47:07+00:00,127.0,3257.611,3257.6,3257.91,ETH
2026-01-07 04:47:08+00:00,128.0,3257.611,3257.6,3257.91,ETH
2026-01-07 04:47:09+00:00,129.0,3257.611,3257.6,3257.93,ETH
2026-01-07 04:47:10+00:00,130.0,3257.611,3257.6,3257.91,ETH
2026-01-07 04:47:11+00:00,131.0,3257.611,3257.6,3257.92,ETH
2026-01-07 04:47:12+00:00,132.0,3257.611,3257.6,3257.94,ETH
2026-01-07 04:47:13+00:00,133.0,3258.251,3258.13,3258.28,ETH
2026-01-07 04:47:14+00:00,134.0,3258.271,3258.23,3258.31,ETH
2026-01-07 04:47:15+00:00,135.0,3258.251,3258.2,3258.34,ETH
2026-01-07 04:47:16+00:00,136.0,3258.261,3258.22,3258.34,ETH
2026-01-07 04:47:17+00:00,137.0,3258.271,3258.23,3258.35,ETH
2026-01-07 04:47:18+00:00,138.0,3258.281,3258.24,3258.35,ETH
2026-01-07 04:47:19+00:00,139.0,3258.311,3258.27,3258.38,ETH
2026-01-07 04:47:20+00:00,140.0,3258.351,3258.31,3258.43,ETH
2026-01-07 04:47:21+00:00,141.0,3258.381,3258.31,3258.45,ETH
2026-01-07 04:47:22+00:00,142.0,3258.371,3258.3,3258.48,ETH
2026-01-07 04:47:23+00:00,143.0,3258.371,3258.31,3258.48,ETH
2026-01-07 04:47:24+00:00,144.0,3258.391,3258.32,3258.46,ETH
2026-01-07 04:47:25+00:00,145.0,3258.391,3258.33,3258.45,ETH
2026-01-07 04:47:26+00:00,146.0,3258.351,3258.31,3258.44,ETH
2026-01-07 04:47:27+00:00,147.0,3258.291,3258.28,3258.4,ETH
2026-01-07 04:47:28+00:00,148.0,3258.231,3258.23,3258.4,ETH
2026-01-07 04:47:29+00:00,149.0,3258.291,3258.28,3258.42,ETH
2026-01-07 04:47:30+00:00,150.0,3258.281,3258.22,3258.34,ETH
2026-01-07 04:47:31+00:00,151.0,3258.291,3258.26,3258.36,ETH
2026-01-07 04:47:32+00:00,152.0,3258.121,3258.11,3258.31,ETH
2026-01-07 04:47:33+00:00,153.0,3258.171,3258.11,3258.34,ETH
2026-01-07 04:47:34+00:00,154.0,3258.281,3258.23,3258.35,ETH
2026-01-07 04:47:35+00:00,155.0,3258.281,3258.27,3258.37,ETH
2026-01-07 04:47:36+00:00,156.0,3258.391,3258.35,3258.48,ETH
2026-01-07 04:47:37+00:00,157.0,3258.391,3258.38,3258.52,ETH
2026-01-07 04:47:38+00:00,158.0,3258.391,3258.37,3258.51,ETH
2026-01-07 04:47:39+00:00,159.0,3258.391,3258.38,3258.5,ETH
2026-01-07 04:47:40+00:00,160.0,3258.391,3258.36,3258.47,ETH
2026-01-07 04:47:41+00:00,161.0,3258.321,3258.27,3258.39,ETH
2026-01-07 04:47:42+00:00,162.0,3258.081,3258.01,3258.14,ETH
2026-01-07 04:47:43+00:00,163.0,3258.101,3258.01,3258.33,ETH
2026-01-07 04:47:44+00:00,164.0,3257.791,3257.71,3257.86,ETH
2026-01-07 04:47:45+00:00,165.0,3257.711,3257.71,3258.04,ETH
2026-01-07 04:47:46+00:00,166.0,3257.711,3257.71,3257.99,ETH
2026-01-07 04:47:47+00:00,167.0,3257.711,3257.7,3257.87,ETH
2026-01-07 04:47:48+00:00,168.0,3257.711,3257.7,3257.9,ETH
2026-01-07 04:47:49+00:00,169.0,3257.711,3257.69,3257.77,ETH
2026-01-07 04:47:50+00:00,170.0,3257.711,3257.7,3257.79,ETH
2026-01-07 04:47:51+00:00,171.0,3257.711,3257.69,3257.8,ETH
2026-01-07 04:47:52+00:00,172.0,3257.701,3257.67,3257.76,ETH
2026-01-07 04:47:54+00:00,174.0,3257.631,3257.58,3257.72,ETH
2026-01-07 04:47:55+00:00,175.0,3257.711,3257.67,3257.76,ETH
2026-01-07 04:47:56+00:00,176.0,3257.661,3257.62,3257.72,ETH
2026-01-07 04:47:57+00:00,177.0,3257.711,3257.68,3257.78,ETH
2026-01-07 04:47:58+00:00,178.0,3257.691,3257.64,3257.74,ETH
2026-01-07 04:47:59+00:00,179.0,3257.711,3257.66,3257.76,ETH
2026-01-07 04:48:00+00:00,180.0,3258.081,3258.03,3258.15,ETH
2026-01-07 04:48:01+00:00,181.0,3258.031,3257.84,3258.2,ETH
2026-01-07 04:48:02+00:00,182.0,3257.961,3257.92,3258.14,ETH
2026-01-07 04:48:03+00:00,183.0,3257.981,3257.97,3258.1,ETH
2026-01-07 04:48:04+00:00,184.0,3258.001,3257.99,3258.09,ETH
2026-01-07 04:48:05+00:00,185.0,3257.741,3257.71,3258.0,ETH
2026-01-07 04:48:06+00:00,186.0,3257.711,3257.71,3257.95,ETH
2026-01-07 04:48:07+00:00,187.0,3257.711,3257.71,3257.97,ETH
2026-01-07 04:48:08+00:00,188.0,3257.711,3257.71,3257.88,ETH
2026-01-07 04:48:09+00:00,189.0,3257.711,3257.71,3257.94,ETH
2026-01-07 04:48:10+00:00,190.0,3257.711,3257.7,3257.92,ETH
2026-01-07 04:48:11+00:00,191.0,3257.401,3257.27,3257.48,ETH
2026-01-07 04:48:12+00:00,192.0,3256.971,3256.96,3257.45,ETH
2026-01-07 04:48:13+00:00,193.0,3256.971,3256.96,3257.41,ETH
2026-01-07 04:48:14+00:00,194.0,3256.971,3256.96,3257.44,ETH
2026-01-07 04:48:15+00:00,195.0,3256.971,3256.96,3257.45,ETH
2026-01-07 04:48:16+00:00,196.0,3256.921,3256.91,3257.4,ETH
2026-01-07 04:48:17+00:00,197.0,3256.811,3256.79,3257.28,ETH
2026-01-07 04:48:18+00:00,198.0,3256.731,3256.71,3257.15,ETH
2026-01-07 04:48:19+00:00,199.0,3256.701,3256.69,3257.08,ETH
2026-01-07 04:48:20+00:00,200.0,3256.701,3256.69,3257.05,ETH
2026-01-07 04:48:21+00:00,201.0,3256.761,3256.75,3257.03,ETH
2026-01-07 04:48:22+00:00,202.0,3256.821,3256.82,3257.03,ETH
2026-01-07 04:48:23+00:00,203.0,3256.821,3256.82,3257.02,ETH
2026-01-07 04:48:24+00:00,204.0,3256.821,3256.82,3256.98,ETH
2026-01-07 04:48:25+00:00,205.0,3256.821,3256.81,3256.93,ETH
2026-01-07 04:48:26+00:00,206.0,3256.821,3256.8,3256.9,ETH
2026-01-07 04:48:27+00:00,207.0,3256.831,3256.78,3256.92,ETH
2026-01-07 04:48:28+00:00,208.0,3256.851,3256.78,3256.95,ETH
2026-01-07 04:48:29+00:00,209.0,3256.861,3256.8,3256.95,ETH
2026-01-07 04:48:30+00:00,210.0,3256.871,3256.82,3256.95,ETH
2026-01-07 04:48:31+00:00,211.0,3256.851,3256.8,3256.95,ETH
2026-01-07 04:48:32+00:00,212.0,3257.081,3256.96,3257.19,ETH
2026-01-07 04:48:33+00:00,213.0,3257.351,3257.23,3257.48,ETH
2026-01-07 04:48:34+00:00,214.0,3257.361,3257.3,3257.54,ETH
2026-01-07 04:48:35+00:00,215.0,3257.371,3257.32,3257.54,ETH
2026-01-07 04:48:36+00:00,216.0,3257.381,3257.34,3257.54,ETH
2026-01-07 04:48:37+00:00,217.0,3257.361,3257.3,3257.54,ETH
2026-01-07 04:48:38+00:00,218.0,3257.361,3257.28,3257.54,ETH
2026-01-07 04:48:39+00:00,219.0,3257.311,3257.26,3257.49,ETH
2026-01-07 04:48:40+00:00,220.0,3257.381,3257.34,3257.49,ETH
2026-01-07 04:48:41+00:00,221.0,3257.371,3257.32,3257.49,ETH
2026-01-07 04:48:42+00:00,222.0,3257.361,3257.32,3257.49,ETH
2026-01-07 04:48:43+00:00,223.0,3257.451,3257.4,3257.49,ETH
2026-01-07 04:48:44+00:00,224.0,3257.481,3257.48,3257.57,ETH
2026-01-07 04:48:45+00:00,225.0,3257.431,3257.39,3257.49,ETH
2026-01-07 04:48:46+00:00,226.0,3257.371,3257.33,3257.49,ETH
2026-01-07 04:48:47+00:00,227.0,3257.381,3257.33,3257.49,ETH
2026-01-07 04:48:48+00:00,228.0,3257.371,3257.32,3257.49,ETH
2026-01-07 04:48:49+00:00,229.0,3257.481,3257.48,3257.57,ETH
2026-01-07 04:48:50+00:00,230.0,3257.481,3257.48,3257.62,ETH
2026-01-07 04:48:51+00:00,231.0,3257.331,3257.24,3257.49,ETH
2026-01-07 04:48:52+00:00,232.0,3257.281,3257.22,3257.49,ETH
2026-01-07 04:48:53+00:00,233.0,3257.311,3257.25,3257.46,ETH
2026-01-07 04:48:54+00:00,234.0,3257.291,3257.24,3257.42,ETH
2026-01-07 04:48:55+00:00,235.0,3257.331,3257.28,3257.43,ETH
2026-01-07 04:48:56+00:00,236.0,3257.401,3257.35,3257.46,ETH
2026-01-07 04:48:57+00:00,237.0,3257.361,3257.31,3257.43,ETH
2026-01-07 04:48:58+00:00,238.0,3257.301,3257.24,3257.41,ETH
2026-01-07 04:48:59+00:00,239.0,3257.271,3257.21,3257.41,ETH
2026-01-07 04:49:00+00:00,240.0,3257.261,3257.21,3257.41,ETH
2026-01-07 04:49:01+00:00,241.0,3257.271,3257.22,3257.41,ETH
2026-01-07 04:49:02+00:00,242.0,3257.261,3257.2,3257.41,ETH
2026-01-07 04:49:03+00:00,243.0,3257.241,3257.19,3257.41,ETH
2026-01-07 04:49:04+00:00,244.0,3257.261,3257.2,3257.41,ETH
2026-01-07 04:49:05+00:00,245.0,3257.311,3257.25,3257.41,ETH
2026-01-07 04:49:06+00:00,246.0,3257.301,3257.24,3257.41,ETH
2026-01-07 04:49:07+00:00,247.0,3257.251,3257.19,3257.41,ETH
2026-01-07 04:49:08+00:00,248.0,3257.251,3257.19,3257.41,ETH
2026-01-07 04:49:09+00:00,249.0,3257.111,3257.08,3257.33,ETH
2026-01-07 04:49:10+00:00,250.0,3256.961,3256.96,3257.22,ETH
2026-01-07 04:49:11+00:00,251.0,3256.941,3256.91,3257.08,ETH
2026-01-07 04:49:12+00:00,252.0,3256.871,3256.84,3256.99,ETH
2026-01-07 04:49:13+00:00,253.0,3256.821,3256.81,3256.98,ETH
2026-01-07 04:49:14+00:00,254.0,3256.821,3256.8,3256.91,ETH
2026-01-07 04:49:15+00:00,255.0,3256.791,3256.74,3256.85,ETH
2026-01-07 04:49:16+00:00,256.0,3256.751,3256.69,3256.82,ETH
2026-01-07 04:49:17+00:00,257.0,3256.751,3256.7,3256.82,ETH
2026-01-07 04:49:18+00:00,258.0,3256.741,3256.69,3256.82,ETH
2026-01-07 04:49:19+00:00,259.0,3256.731,3256.68,3256.82,ETH
2026-01-07 04:49:20+00:00,260.0,3256.761,3256.71,3256.83,ETH
2026-01-07 04:49:21+00:00,261.0,3256.791,3256.77,3256.89,ETH
2026-01-07 04:49:22+00:00,262.0,3256.761,3256.75,3256.86,ETH
2026-01-07 04:49:23+00:00,263.0,3256.701,3256.69,3256.78,ETH
2026-01-07 04:49:24+00:00,264.0,3256.701,3256.69,3256.79,ETH
2026-01-07 04:49:25+00:00,265.0,3256.731,3256.69,3256.78,ETH
2026-01-07 04:49:26+00:00,266.0,3256.441,3256.38,3256.69,ETH
2026-01-07 04:49:27+00:00,267.0,3256.221,3256.22,3256.42,ETH
2026-01-07 04:49:28+00:00,268.0,3256.211,3256.19,3256.29,ETH
2026-01-07 04:49:29+00:00,269.0,3256.211,3256.18,3256.27,ETH
2026-01-07 04:49:30+00:00,270.0,3256.131,3256.07,3256.21,ETH
2026-01-07 04:49:31+00:00,271.0,3256.191,3256.14,3256.24,ETH
2026-01-07 04:49:32+00:00,272.0,3256.211,3256.21,3256.49,ETH
2026-01-07 04:49:33+00:00,273.0,3256.501,3256.49,3256.64,ETH
2026-01-07 04:49:34+00:00,274.0,3256.741,3256.66,3256.81,ETH
2026-01-07 04:49:35+00:00,275.0,3256.761,3256.69,3256.83,ETH
2026-01-07 04:49:36+00:00,276.0,3256.681,3256.63,3256.79,ETH
2026-01-07 04:49:37+00:00,277.0,3256.701,3256.65,3256.79,ETH
2026-01-07 04:49:38+00:00,278.0,3256.641,3256.61,3256.72,ETH
2026-01-07 04:49:39+00:00,279.0,3256.691,3256.66,3256.77,ETH
2026-01-07 04:49:40+00:00,280.0,3256.531,3256.39,3256.53,ETH
2026-01-07 04:49:41+00:00,281.0,3256.361,3256.29,3256.53,ETH
2026-01-07 04:49:42+00:00,282.0,3256.361,3256.32,3256.6,ETH
2026-01-07 04:49:43+00:00,283.0,3256.481,3256.43,3256.6,ETH
2026-01-07 04:49:44+00:00,284.0,3256.511,3256.49,3256.59,ETH
2026-01-07 04:49:45+00:00,285.0,3256.511,3256.5,3256.65,ETH
2026-01-07 04:49:46+00:00,286.0,3256.611,3256.5,3256.67,ETH
2026-01-07 04:49:47+00:00,287.0,3256.591,3256.5,3256.64,ETH
2026-01-07 04:49:48+00:00,288.0,3256.541,3256.51,3256.67,ETH
2026-01-07 04:49:49+00:00,289.0,3256.551,3256.52,3256.7,ETH
2026-01-07 04:49:50+00:00,290.0,3256.561,3256.53,3256.71,ETH
2026-01-07 04:49:51+00:00,291.0,3256.551,3256.52,3256.73,ETH
2026-01-07 04:49:52+00:00,292.0,3256.551,3256.52,3256.71,ETH
2026-01-07 04:49:53+00:00,293.0,3256.561,3256.54,3256.73,ETH
2026-01-07 04:49:54+00:00,294.0,3256.581,3256.57,3256.74,ETH
2026-01-07 04:49:55+00:00,295.0,3256.591,3256.57,3256.7,ETH
2026-01-07 04:49:57+00:00,297.0,3256.591,3256.59,3256.69,ETH
2026-01-07 04:49:58+00:00,298.0,3256.591,3256.59,3256.74,ETH
2026-01-07 04:49:59+00:00,299.0,3256.591,3256.58,3256.69,ETH
2026-01-07 04:50:00+00:00,300.0,3256.591,3256.59,3256.7,ETH
2026-01-07 04:50:01+00:00,301.0,3256.591,3256.56,3256.68,ETH
2026-01-07 04:50:02+00:00,302.0,3256.601,3256.59,3256.72,ETH
2026-01-07 04:50:03+00:00,303.0,3256.601,3256.59,3256.71,ETH
2026-01-07 04:50:04+00:00,304.0,3256.601,3256.59,3256.71,ETH
2026-01-07 04:50:05+00:00,305.0,3256.601,3256.59,3256.7,ETH
2026-01-07 04:50:06+00:00,306.0,3256.591,3256.55,3256.65,ETH
2026-01-07 04:50:07+00:00,307.0,3256.601,3256.54,3256.65,ETH
2026-01-07 04:50:08+00:00,308.0,3256.621,3256.56,3256.7,ETH
2026-01-07 04:50:09+00:00,309.0,3256.661,3256.61,3256.72,ETH
2026-01-07 04:50:10+00:00,310.0,3256.601,3256.55,3256.7,ETH
2026-01-07 04:50:11+00:00,311.0,3256.621,3256.57,3256.7,ETH
2026-01-07 04:50:12+00:00,312.0,3256.621,3256.56,3256.7,ETH
2026-01-07 04:50:13+00:00,313.0,3256.611,3256.55,3256.7,ETH
2026-01-07 04:50:14+00:00,314.0,3256.621,3256.57,3256.76,ETH
2026-01-07 04:50:15+00:00,315.0,3256.681,3256.62,3256.91,ETH
2026-01-07 04:50:17+00:00,317.0,3256.751,3256.67,3256.83,ETH
2026-01-07 04:50:18+00:00,318.0,3256.801,3256.78,3257.09,ETH
2026-01-07 04:50:19+00:00,319.0,3256.801,3256.78,3257.1,ETH
2026-01-07 04:50:20+00:00,320.0,3256.801,3256.78,3257.04,ETH
2026-01-07 04:50:21+00:00,321.0,3256.801,3256.78,3257.1,ETH
2026-01-07 04:50:22+00:00,322.0,3256.801,3256.78,3257.09,ETH
2026-01-07 04:50:23+00:00,323.0,3256.801,3256.77,3256.89,ETH
2026-01-07 04:50:24+00:00,324.0,3256.801,3256.79,3256.99,ETH
2026-01-07 04:50:25+00:00,325.0,3257.221,3257.15,3257.24,ETH
2026-01-07 04:50:26+00:00,326.0,3257.021,3256.97,3257.24,ETH
2026-01-07 04:50:27+00:00,327.0,3257.241,3257.19,3257.4,ETH
2026-01-07 04:50:28+00:00,328.0,3257.241,3257.23,3257.39,ETH
2026-01-07 04:50:29+00:00,329.0,3257.241,3257.22,3257.36,ETH
2026-01-07 04:50:30+00:00,330.0,3257.241,3257.16,3257.39,ETH
2026-01-07 04:50:31+00:00,331.0,3257.241,3257.16,3257.37,ETH
2026-01-07 04:50:32+00:00,332.0,3257.241,3257.15,3257.35,ETH
2026-01-07 04:50:33+00:00,333.0,3257.241,3257.18,3257.31,ETH
2026-01-07 04:50:34+00:00,334.0,3257.241,3257.19,3257.28,ETH
2026-01-07 04:50:35+00:00,335.0,3257.241,3257.2,3257.4,ETH
2026-01-07 04:50:36+00:00,336.0,3257.241,3257.2,3257.37,ETH
2026-01-07 04:50:37+00:00,337.0,3257.241,3257.2,3257.4,ETH
2026-01-07 04:50:38+00:00,338.0,3257.241,3257.2,3257.39,ETH
2026-01-07 04:50:39+00:00,339.0,3257.241,3257.21,3257.42,ETH
2026-01-07 04:50:40+00:00,340.0,3257.631,3257.55,3257.8,ETH
2026-01-07 04:50:41+00:00,341.0,3258.041,3257.96,3258.13,ETH
2026-01-07 04:50:42+00:00,342.0,3258.071,3258.02,3258.12,ETH
2026-01-07 04:50:43+00:00,343.0,3258.091,3258.03,3258.15,ETH
2026-01-07 04:50:44+00:00,344.0,3258.071,3258.02,3258.14,ETH
2026-01-07 04:50:45+00:00,345.0,3258.051,3258.0,3258.1,ETH
2026-01-07 04:50:46+00:00,346.0,3258.011,3257.96,3258.1,ETH
2026-01-07 04:50:47+00:00,347.0,3257.991,3257.94,3258.1,ETH
2026-01-07 04:50:48+00:00,348.0,3258.001,3257.96,3258.1,ETH
2026-01-07 04:50:49+00:00,349.0,3257.961,3257.84,3258.08,ETH
2026-01-07 04:50:50+00:00,350.0,3257.811,3257.69,3257.98,ETH
2026-01-07 04:50:51+00:00,351.0,3257.731,3257.66,3257.94,ETH
2026-01-07 04:50:52+00:00,352.0,3257.731,3257.69,3258.04,ETH
2026-01-07 04:50:53+00:00,353.0,3257.731,3257.72,3258.09,ETH
2026-01-07 04:50:54+00:00,354.0,3257.591,3257.56,3257.83,ETH
2026-01-07 04:50:55+00:00,355.0,3257.431,3257.4,3257.56,ETH
2026-01-07 04:50:56+00:00,356.0,3257.281,3257.27,3257.48,ETH
2026-01-07 04:50:57+00:00,357.0,3257.141,3257.14,3257.39,ETH
2026-01-07 04:50:58+00:00,358.0,3256.891,3256.83,3257.09,ETH
2026-01-07 04:50:59+00:00,359.0,3256.641,3256.57,3256.77,ETH
2026-01-07 04:51:00+00:00,360.0,3256.461,3256.38,3256.61,ETH
2026-01-07 04:51:01+00:00,361.0,3256.251,3256.18,3256.53,ETH
2026-01-07 04:51:02+00:00,362.0,3256.151,3256.12,3256.32,ETH
2026-01-07 04:51:03+00:00,363.0,3255.911,3255.88,3256.01,ETH
2026-01-07 04:51:04+00:00,364.0,3255.801,3255.79,3256.02,ETH
2026-01-07 04:51:05+00:00,365.0,3255.941,3255.92,3256.11,ETH
2026-01-07 04:51:06+00:00,366.0,3256.041,3255.99,3256.11,ETH
2026-01-07 04:51:07+00:00,367.0,3256.041,3255.99,3256.11,ETH
2026-01-07 04:51:08+00:00,368.0,3256.051,3256.01,3256.13,ETH
2026-01-07 04:51:09+00:00,369.0,3256.041,3256.03,3256.18,ETH
2026-01-07 04:51:10+00:00,370.0,3256.081,3256.06,3256.23,ETH
2026-01-07 04:51:11+00:00,371.0,3256.121,3256.1,3256.27,ETH
2026-01-07 04:51:12+00:00,372.0,3256.121,3256.09,3256.25,ETH
2026-01-07 04:51:13+00:00,373.0,3256.121,3256.09,3256.24,ETH
2026-01-07 04:51:14+00:00,374.0,3256.121,3256.12,3256.3,ETH
2026-01-07 04:51:15+00:00,375.0,3256.111,3256.08,3256.22,ETH
2026-01-07 04:51:16+00:00,376.0,3256.111,3256.08,3256.2,ETH
2026-01-07 04:51:17+00:00,377.0,3256.121,3256.12,3256.26,ETH
2026-01-07 04:51:18+00:00,378.0,3256.121,3256.12,3256.24,ETH
2026-01-07 04:51:19+00:00,379.0,3256.121,3256.12,3256.22,ETH
2026-01-07 04:51:20+00:00,380.0,3256.121,3256.11,3256.21,ETH
2026-01-07 04:51:21+00:00,381.0,3256.161,3256.14,3256.24,ETH
2026-01-07 04:51:22+00:00,382.0,3256.191,3256.17,3256.28,ETH
2026-01-07 04:51:23+00:00,383.0,3256.211,3256.19,3256.32,ETH
2026-01-07 04:51:24+00:00,384.0,3256.211,3256.2,3256.31,ETH
2026-01-07 04:51:25+00:00,385.0,3256.211,3256.2,3256.31,ETH
2026-01-07 04:51:26+00:00,386.0,3256.211,3256.17,3256.25,ETH
2026-01-07 04:51:27+00:00,387.0,3256.201,3256.16,3256.25,ETH
2026-01-07 04:51:28+00:00,388.0,3256.201,3256.15,3256.25,ETH
2026-01-07 04:51:29+00:00,389.0,3256.211,3256.21,3256.35,ETH
2026-01-07 04:51:30+00:00,390.0,3256.211,3256.21,3256.34,ETH
2026-01-07 04:51:31+00:00,391.0,3256.211,3256.17,3256.35,ETH
2026-01-07 04:51:32+00:00,392.0,3256.211,3256.17,3256.35,ETH
2026-01-07 04:51:33+00:00,393.0,3256.211,3256.2,3256.38,ETH
2026-01-07 04:51:34+00:00,394.0,3256.341,3256.3,3256.42,ETH
2026-01-07 04:51:35+00:00,395.0,3256.341,3256.31,3256.42,ETH
2026-01-07 04:51:36+00:00,396.0,3256.341,3256.27,3256.44,ETH
2026-01-07 04:51:37+00:00,397.0,3256.451,3256.41,3256.5,ETH
2026-01-07 04:51:38+00:00,398.0,3256.451,3256.4,3256.5,ETH
2026-01-07 04:51:39+00:00,399.0,3256.451,3256.4,3256.5,ETH
2026-01-07 04:51:40+00:00,400.0,3256.201,3256.06,3256.22,ETH
2026-01-07 04:51:41+00:00,401.0,3255.46,3255.45,3255.58,ETH
2026-01-07 04:51:42+00:00,402.0,3255.42,3255.39,3255.54,ETH
2026-01-07 04:51:43+00:00,403.0,3255.39,3255.34,3255.49,ETH
2026-01-07 04:51:44+00:00,404.0,3255.36,3255.28,3255.45,ETH
2026-01-07 04:51:45+00:00,405.0,3255.25,3255.19,3255.32,ETH
2026-01-07 04:51:46+00:00,406.0,3255.4,3255.34,3255.46,ETH
2026-01-07 04:51:47+00:00,407.0,3255.38,3255.25,3255.44,ETH
2026-01-07 04:51:49+00:00,409.0,3255.31,3255.3,3255.46,ETH
2026-01-07 04:51:50+00:00,410.0,3255.31,3255.3,3255.57,ETH
2026-01-07 04:51:51+00:00,411.0,3255.35,3255.26,3255.44,ETH
2026-01-07 04:51:52+00:00,412.0,3255.33,3255.27,3255.6,ETH
2026-01-07 04:51:53+00:00,413.0,3255.28,3255.22,3255.6,ETH
2026-01-07 04:51:54+00:00,414.0,3255.29,3255.23,3255.6,ETH
2026-01-07 04:51:55+00:00,415.0,3255.29,3255.24,3255.6,ETH
2026-01-07 04:51:56+00:00,416.0,3255.28,3255.22,3255.6,ETH
2026-01-07 04:51:57+00:00,417.0,3255.3,3255.24,3255.6,ETH
2026-01-07 04:51:58+00:00,418.0,3255.34,3255.29,3255.6,ETH
2026-01-07 04:51:59+00:00,419.0,3255.3,3255.24,3255.6,ETH
2026-01-07 04:52:00+00:00,420.0,3255.3,3255.24,3255.6,ETH
2026-01-07 04:52:01+00:00,421.0,3254.92,3254.85,3255.02,ETH
2026-01-07 04:52:02+00:00,422.0,3254.88,3254.83,3255.0,ETH
2026-01-07 04:52:03+00:00,423.0,3254.88,3254.83,3255.01,ETH
2026-01-07 04:52:04+00:00,424.0,3254.88,3254.84,3255.01,ETH
2026-01-07 04:52:05+00:00,425.0,3254.84,3254.79,3255.01,ETH
2026-01-07 04:52:06+00:00,426.0,3254.19,3254.16,3254.27,ETH
2026-01-07 04:52:07+00:00,427.0,3254.27,3254.26,3254.38,ETH
2026-01-07 04:52:08+00:00,428.0,3254.27,3254.25,3254.37,ETH
2026-01-07 04:52:09+00:00,429.0,3254.27,3254.22,3254.34,ETH
2026-01-07 04:52:10+00:00,430.0,3254.17,3254.11,3254.27,ETH
2026-01-07 04:52:11+00:00,431.0,3254.15,3254.1,3254.27,ETH
2026-01-07 04:52:12+00:00,432.0,3254.12,3254.07,3254.27,ETH
2026-01-07 04:52:13+00:00,433.0,3254.11,3254.05,3254.22,ETH
2026-01-07 04:52:14+00:00,434.0,3254.11,3254.06,3254.16,ETH
2026-01-07 04:52:15+00:00,435.0,3254.11,3254.07,3254.16,ETH
2026-01-07 04:52:16+00:00,436.0,3254.23,3254.17,3254.35,ETH
2026-01-07 04:52:17+00:00,437.0,3254.33,3254.26,3254.52,ETH
2026-01-07 04:52:18+00:00,438.0,3254.34,3254.28,3254.52,ETH
2026-01-07 04:52:19+00:00,439.0,3254.36,3254.31,3254.52,ETH
2026-01-07 04:52:20+00:00,440.0,3254.53,3254.5,3254.67,ETH
2026-01-07 04:52:21+00:00,441.0,3254.69,3254.67,3254.79,ETH
2026-01-07 04:52:22+00:00,442.0,3254.69,3254.67,3254.82,ETH
2026-01-07 04:52:23+00:00,443.0,3254.69,3254.68,3254.87,ETH
2026-01-07 04:52:24+00:00,444.0,3254.77,3254.74,3254.89,ETH
2026-01-07 04:52:25+00:00,445.0,3254.84,3254.8,3254.9,ETH
2026-01-07 04:52:26+00:00,446.0,3254.84,3254.8,3254.88,ETH
2026-01-07 04:52:27+00:00,447.0,3254.88,3254.83,3254.94,ETH
2026-01-07 04:52:28+00:00,448.0,3254.92,3254.85,3255.0,ETH
2026-01-07 04:52:29+00:00,449.0,3254.88,3254.79,3254.93,ETH
2026-01-07 04:52:30+00:00,450.0,3254.81,3254.74,3254.87,ETH
2026-01-07 04:52:31+00:00,451.0,3254.76,3254.73,3254.87,ETH
2026-01-07 04:52:32+00:00,452.0,3254.79,3254.78,3254.96,ETH
2026-01-07 04:52:33+00:00,453.0,3254.89,3254.84,3255.06,ETH
2026-01-07 04:52:34+00:00,454.0,3254.93,3254.84,3255.06,ETH
2026-01-07 04:52:35+00:00,455.0,3255.14,3255.03,3255.27,ETH
2026-01-07 04:52:36+00:00,456.0,3255.18,3255.12,3255.24,ETH
2026-01-07 04:52:37+00:00,457.0,3255.17,3255.12,3255.24,ETH
2026-01-07 04:52:38+00:00,458.0,3255.22,3255.15,3255.27,ETH
2026-01-07 04:52:39+00:00,459.0,3255.23,3255.17,3255.47,ETH
2026-01-07 04:52:40+00:00,460.0,3255.23,3255.17,3255.45,ETH
2026-01-07 04:52:41+00:00,461.0,3255.23,3255.17,3255.47,ETH
2026-01-07 04:52:42+00:00,462.0,3255.23,3255.18,3255.54,ETH
2026-01-07 04:52:43+00:00,463.0,3255.3,3255.24,3255.49,ETH
2026-01-07 04:52:44+00:00,464.0,3255.37,3255.31,3255.43,ETH
2026-01-07 04:52:45+00:00,465.0,3255.4,3255.33,3255.46,ETH
2026-01-07 04:52:46+00:00,466.0,3255.43,3255.34,3255.53,ETH
2026-01-07 04:52:47+00:00,467.0,3255.48,3255.35,3255.62,ETH
2026-01-07 04:52:48+00:00,468.0,3255.54,3255.4,3255.63,ETH
2026-01-07 04:52:49+00:00,469.0,3255.52,3255.44,3255.58,ETH
2026-01-07 04:52:50+00:00,470.0,3255.54,3255.44,3255.59,ETH
2026-01-07 04:52:51+00:00,471.0,3255.571,3255.44,3255.62,ETH
2026-01-07 04:52:52+00:00,472.0,3255.571,3255.44,3255.63,ETH
2026-01-07 04:52:53+00:00,473.0,3255.571,3255.44,3255.64,ETH
2026-01-07 04:52:54+00:00,474.0,3255.571,3255.44,3255.72,ETH
2026-01-07 04:52:55+00:00,475.0,3255.571,3255.44,3255.73,ETH
2026-01-07 04:52:56+00:00,476.0,3255.571,3255.44,3255.68,ETH
2026-01-07 04:52:57+00:00,477.0,3255.571,3255.44,3255.7,ETH
2026-01-07 04:52:58+00:00,478.0,3255.571,3255.44,3255.71,ETH
2026-01-07 04:52:59+00:00,479.0,3255.571,3255.44,3255.72,ETH
2026-01-07 04:53:00+00:00,480.0,3255.38,3255.37,3255.65,ETH
2026-01-07 04:53:01+00:00,481.0,3255.38,3255.36,3255.61,ETH
2026-01-07 04:53:02+00:00,482.0,3255.38,3255.36,3255.66,ETH
2026-01-07 04:53:03+00:00,483.0,3255.47,3255.4,3255.63,ETH
2026-01-07 04:53:04+00:00,484.0,3255.47,3255.4,3255.67,ETH
2026-01-07 04:53:05+00:00,485.0,3255.47,3255.41,3255.66,ETH
2026-01-07 04:53:06+00:00,486.0,3255.47,3255.41,3255.66,ETH
2026-01-07 04:53:07+00:00,487.0,3255.47,3255.4,3255.54,ETH
2026-01-07 04:53:08+00:00,488.0,3255.47,3255.4,3255.55,ETH
2026-01-07 04:53:09+00:00,489.0,3255.47,3255.4,3255.59,ETH
2026-01-07 04:53:10+00:00,490.0,3255.47,3255.4,3255.57,ETH
2026-01-07 04:53:11+00:00,491.0,3255.47,3255.4,3255.56,ETH
2026-01-07 04:53:12+00:00,492.0,3255.47,3255.4,3255.56,ETH
2026-01-07 04:53:13+00:00,493.0,3255.47,3255.4,3255.57,ETH
2026-01-07 04:53:14+00:00,494.0,3255.47,3255.41,3255.6,ETH
2026-01-07 04:53:15+00:00,495.0,3255.47,3255.41,3255.58,ETH
2026-01-07 04:53:16+00:00,496.0,3255.47,3255.41,3255.58,ETH
2026-01-07 04:53:17+00:00,497.0,3255.47,3255.41,3255.61,ETH
2026-01-07 04:53:18+00:00,498.0,3255.45,3255.4,3255.49,ETH
2026-01-07 04:53:19+00:00,499.0,3255.38,3255.37,3255.59,ETH
2026-01-07 04:53:20+00:00,500.0,3255.38,3255.37,3255.59,ETH
2026-01-07 04:53:21+00:00,501.0,3255.38,3255.37,3255.55,ETH
2026-01-07 04:53:22+00:00,502.0,3255.46,3255.39,3255.55,ETH
2026-01-07 04:53:23+00:00,503.0,3255.46,3255.4,3255.55,ETH
2026-01-07 04:53:24+00:00,504.0,3255.46,3255.4,3255.59,ETH
2026-01-07 04:53:26+00:00,506.0,3255.47,3255.43,3255.6,ETH
2026-01-07 04:53:27+00:00,507.0,3255.47,3255.45,3255.59,ETH
2026-01-07 04:53:28+00:00,508.0,3255.47,3255.45,3255.55,ETH
2026-01-07 04:53:29+00:00,509.0,3255.47,3255.43,3255.6,ETH
2026-01-07 04:53:30+00:00,510.0,3255.47,3255.43,3255.56,ETH
2026-01-07 04:53:31+00:00,511.0,3255.47,3255.43,3255.59,ETH
2026-01-07 04:53:32+00:00,512.0,3255.47,3255.43,3255.55,ETH
2026-01-07 04:53:33+00:00,513.0,3255.47,3255.43,3255.54,ETH
2026-01-07 04:53:34+00:00,514.0,3255.47,3255.43,3255.6,ETH
2026-01-07 04:53:35+00:00,515.0,3255.39,3255.35,3255.48,ETH
2026-01-07 04:53:36+00:00,516.0,3255.22,3255.16,3255.31,ETH
2026-01-07 04:53:37+00:00,517.0,3255.3,3255.25,3255.36,ETH
2026-01-07 04:53:38+00:00,518.0,3255.22,3255.18,3255.31,ETH
2026-01-07 04:53:39+00:00,519.0,3255.46,3255.35,3255.5,ETH
2026-01-07 04:53:40+00:00,520.0,3255.33,3255.24,3255.49,ETH
2026-01-07 04:53:41+00:00,521.0,3255.34,3255.28,3255.57,ETH
2026-01-07 04:53:42+00:00,522.0,3255.37,3255.32,3255.51,ETH
2026-01-07 04:53:43+00:00,523.0,3255.36,3255.31,3255.51,ETH
2026-01-07 04:53:44+00:00,524.0,3255.38,3255.33,3255.51,ETH
2026-01-07 04:53:45+00:00,525.0,3255.36,3255.31,3255.51,ETH
2026-01-07 04:53:46+00:00,526.0,3255.35,3255.3,3255.45,ETH
2026-01-07 04:53:47+00:00,527.0,3255.35,3255.3,3255.39,ETH
2026-01-07 04:53:48+00:00,528.0,3255.31,3255.25,3255.39,ETH
2026-01-07 04:53:49+00:00,529.0,3255.26,3255.21,3255.39,ETH
2026-01-07 04:53:50+00:00,530.0,3255.26,3255.21,3255.39,ETH
2026-01-07 04:53:51+00:00,531.0,3255.26,3255.21,3255.39,ETH
2026-01-07 04:53:52+00:00,532.0,3255.26,3255.21,3255.39,ETH
2026-01-07 04:53:53+00:00,533.0,3255.27,3255.22,3255.39,ETH
2026-01-07 04:53:54+00:00,534.0,3255.27,3255.21,3255.39,ETH
2026-01-07 04:53:55+00:00,535.0,3255.25,3255.2,3255.35,ETH
2026-01-07 04:53:56+00:00,536.0,3255.26,3255.2,3255.32,ETH
2026-01-07 04:53:57+00:00,537.0,3255.2,3255.17,3255.29,ETH
2026-01-07 04:53:58+00:00,538.0,3255.14,3255.13,3255.23,ETH
2026-01-07 04:53:59+00:00,539.0,3255.14,3255.13,3255.21,ETH
2026-01-07 04:54:00+00:00,540.0,3254.96,3254.89,3255.04,ETH
2026-01-07 04:54:01+00:00,541.0,3254.82,3254.74,3254.9,ETH
2026-01-07 04:54:02+00:00,542.0,3254.84,3254.79,3254.9,ETH
2026-01-07 04:54:03+00:00,543.0,3254.81,3254.75,3254.87,ETH
2026-01-07 04:54:04+00:00,544.0,3254.82,3254.76,3254.88,ETH
2026-01-07 04:54:05+00:00,545.0,3254.82,3254.76,3254.88,ETH
2026-01-07 04:54:06+00:00,546.0,3254.78,3254.73,3254.86,ETH
2026-01-07 04:54:07+00:00,547.0,3254.76,3254.71,3254.86,ETH
2026-01-07 04:54:08+00:00,548.0,3254.71,3254.66,3254.86,ETH
2026-01-07 04:54:09+00:00,549.0,3254.67,3254.61,3254.83,ETH
2026-01-07 04:54:10+00:00,550.0,3254.67,3254.61,3254.8,ETH
2026-01-07 04:54:11+00:00,551.0,3254.64,3254.61,3254.73,ETH
2026-01-07 04:54:12+00:00,552.0,3254.64,3254.63,3254.72,ETH
2026-01-07 04:54:13+00:00,553.0,3254.64,3254.6,3254.69,ETH
2026-01-07 04:54:14+00:00,554.0,3254.64,3254.59,3254.71,ETH
2026-01-07 04:54:15+00:00,555.0,3254.64,3254.59,3254.68,ETH
2026-01-07 04:54:16+00:00,556.0,3254.64,3254.6,3254.7,ETH
2026-01-07 04:54:17+00:00,557.0,3254.64,3254.6,3254.72,ETH
2026-01-07 04:54:18+00:00,558.0,3254.79,3254.75,3254.87,ETH
2026-01-07 04:54:19+00:00,559.0,3254.81,3254.77,3254.87,ETH
2026-01-07 04:54:20+00:00,560.0,3254.88,3254.84,3254.95,ETH
2026-01-07 04:54:21+00:00,561.0,3254.88,3254.87,3255.0,ETH
2026-01-07 04:54:22+00:00,562.0,3254.79,3254.77,3254.91,ETH
2026-01-07 04:54:23+00:00,563.0,3254.76,3254.75,3254.9,ETH
2026-01-07 04:54:24+00:00,564.0,3254.76,3254.75,3254.89,ETH
2026-01-07 04:54:25+00:00,565.0,3254.76,3254.74,3254.86,ETH
2026-01-07 04:54:26+00:00,566.0,3254.76,3254.74,3254.86,ETH
2026-01-07 04:54:27+00:00,567.0,3254.76,3254.75,3254.88,ETH
2026-01-07 04:54:28+00:00,568.0,3254.76,3254.75,3254.87,ETH
2026-01-07 04:54:29+00:00,569.0,3254.8,3254.77,3254.91,ETH
2026-01-07 04:54:30+00:00,570.0,3254.83,3254.76,3254.91,ETH
2026-01-07 04:54:31+00:00,571.0,3254.81,3254.74,3254.87,ETH
2026-01-07 04:54:32+00:00,572.0,3254.83,3254.76,3254.9,ETH
2026-01-07 04:54:33+00:00,573.0,3254.85,3254.79,3254.92,ETH
2026-01-07 04:54:34+00:00,574.0,3254.85,3254.79,3254.91,ETH
2026-01-07 04:54:35+00:00,575.0,3254.84,3254.79,3254.9,ETH
2026-01-07 04:54:36+00:00,576.0,3254.87,3254.81,3254.93,ETH
2026-01-07 04:54:37+00:00,577.0,3254.86,3254.81,3254.92,ETH
2026-01-07 04:54:38+00:00,578.0,3254.87,3254.84,3254.93,ETH
2026-01-07 04:54:39+00:00,579.0,3254.88,3254.84,3254.95,ETH
2026-01-07 04:54:40+00:00,580.0,3254.86,3254.8,3254.93,ETH
2026-01-07 04:54:41+00:00,581.0,3254.83,3254.78,3254.89,ETH
2026-01-07 04:54:42+00:00,582.0,3254.88,3254.84,3254.94,ETH
2026-01-07 04:54:43+00:00,583.0,3254.86,3254.83,3254.95,ETH
2026-01-07 04:54:44+00:00,584.0,3254.88,3254.87,3254.97,ETH
2026-01-07 04:54:45+00:00,585.0,3254.88,3254.85,3254.94,ETH
2026-01-07 04:54:46+00:00,586.0,3254.88,3254.85,3254.96,ETH
2026-01-07 04:54:47+00:00,587.0,3254.88,3254.86,3254.97,ETH
2026-01-07 04:54:48+00:00,588.0,3254.87,3254.81,3254.92,ETH
2026-01-07 04:54:49+00:00,589.0,3254.87,3254.81,3254.92,ETH
2026-01-07 04:54:50+00:00,590.0,3254.84,3254.8,3254.89,ETH
2026-01-07 04:54:51+00:00,591.0,3254.86,3254.83,3254.93,ETH
2026-01-07 04:54:52+00:00,592.0,3254.88,3254.87,3254.97,ETH
2026-01-07 04:54:53+00:00,593.0,3254.78,3254.77,3254.9,ETH
2026-01-07 04:54:54+00:00,594.0,3254.78,3254.77,3254.9,ETH
2026-01-07 04:54:55+00:00,595.0,3254.74,3254.73,3254.9,ETH
2026-01-07 04:54:56+00:00,596.0,3254.39,3254.35,3254.53,ETH
2026-01-07 04:54:57+00:00,597.0,3254.07,3254.01,3254.2,ETH
2026-01-07 04:54:58+00:00,598.0,3254.08,3254.02,3254.22,ETH
2026-01-07 04:54:59+00:00,599.0,3254.1,3254.04,3254.22,ETH
2026-01-07 04:55:00+00:00,600.0,3254.14,3254.08,3254.22,ETH
2026-01-07 04:55:01+00:00,601.0,3254.17,3254.11,3254.23,ETH
2026-01-07 04:55:02+00:00,602.0,3254.2,3254.14,3254.25,ETH
2026-01-07 04:55:03+00:00,603.0,3254.35,3254.25,3254.41,ETH
2026-01-07 04:55:04+00:00,604.0,3254.5,3254.39,3254.57,ETH
2026-01-07 04:55:05+00:00,605.0,3254.53,3254.49,3254.6,ETH
2026-01-07 04:55:06+00:00,606.0,3254.52,3254.49,3254.6,ETH
2026-01-07 04:55:08+00:00,608.0,3254.47,3254.42,3254.57,ETH
2026-01-07 04:55:09+00:00,609.0,3254.54,3254.48,3254.6,ETH
2026-01-07 04:55:10+00:00,610.0,3254.71,3254.68,3254.87,ETH
2026-01-07 04:55:11+00:00,611.0,3254.6,3254.54,3254.87,ETH
2026-01-07 04:55:12+00:00,612.0,3254.82,3254.73,3255.2,ETH
2026-01-07 04:55:13+00:00,613.0,3255.08,3255.03,3255.23,ETH
2026-01-07 04:55:14+00:00,614.0,3255.35,3255.31,3255.44,ETH
2026-01-07 04:55:15+00:00,615.0,3255.24,3255.19,3255.42,ETH
2026-01-07 04:55:16+00:00,616.0,3255.5,3255.45,3255.7,ETH
2026-01-07 04:55:17+00:00,617.0,3255.51,3255.44,3255.71,ETH
2026-01-07 04:55:18+00:00,618.0,3255.641,3255.47,3255.88,ETH
2026-01-07 04:55:19+00:00,619.0,3255.641,3255.47,3255.85,ETH
2026-01-07 04:55:20+00:00,620.0,3255.53,3255.47,3255.85,ETH
2026-01-07 04:55:21+00:00,621.0,3255.681,3255.62,3255.8,ETH
2026-01-07 04:55:22+00:00,622.0,3255.701,3255.64,3255.8,ETH
2026-01-07 04:55:23+00:00,623.0,3255.801,3255.74,3255.92,ETH
2026-01-07 04:55:24+00:00,624.0,3255.891,3255.83,3256.06,ETH
2026-01-07 04:55:25+00:00,625.0,3255.871,3255.81,3256.09,ETH
2026-01-07 04:55:26+00:00,626.0,3255.831,3255.78,3256.09,ETH
2026-01-07 04:55:27+00:00,627.0,3255.811,3255.78,3256.09,ETH
2026-01-07 04:55:28+00:00,628.0,3255.831,3255.78,3256.09,ETH
2026-01-07 04:55:29+00:00,629.0,3255.971,3255.93,3256.13,ETH
2026-01-07 04:55:30+00:00,630.0,3256.041,3256.01,3256.13,ETH
2026-01-07 04:55:31+00:00,631.0,3255.801,3255.77,3255.91,ETH
2026-01-07 04:55:32+00:00,632.0,3255.611,3255.6,3255.77,ETH
2026-01-07 04:55:33+00:00,633.0,3255.611,3255.6,3255.79,ETH
2026-01-07 04:55:34+00:00,634.0,3255.671,3255.63,3255.81,ETH
2026-01-07 04:55:35+00:00,635.0,3255.691,3255.62,3255.81,ETH
2026-01-07 04:55:36+00:00,636.0,3255.621,3255.59,3255.78,ETH
2026-01-07 04:55:37+00:00,637.0,3255.55,3255.51,3255.7,ETH
2026-01-07 04:55:38+00:00,638.0,3255.51,3255.45,3255.61,ETH
2026-01-07 04:55:39+00:00,639.0,3255.55,3255.49,3255.61,ETH
2026-01-07 04:55:40+00:00,640.0,3255.561,3255.5,3255.62,ETH
2026-01-07 04:55:41+00:00,641.0,3255.53,3255.47,3255.61,ETH
2026-01-07 04:55:42+00:00,642.0,3255.45,3255.4,3255.6,ETH
2026-01-07 04:55:43+00:00,643.0,3255.45,3255.4,3255.6,ETH
2026-01-07 04:55:44+00:00,644.0,3255.5,3255.44,3255.6,ETH
2026-01-07 04:55:45+00:00,645.0,3255.671,3255.58,3255.74,ETH
2026-01-07 04:55:46+00:00,646.0,3255.691,3255.64,3255.75,ETH
2026-01-07 04:55:47+00:00,647.0,3255.51,3255.44,3255.61,ETH
2026-01-07 04:55:48+00:00,648.0,3255.52,3255.46,3255.61,ETH
2026-01-07 04:55:49+00:00,649.0,3255.48,3255.42,3255.61,ETH
2026-01-07 04:55:50+00:00,650.0,3255.53,3255.47,3255.61,ETH
2026-01-07 04:55:51+00:00,651.0,3255.2,3255.14,3255.61,ETH
2026-01-07 04:55:52+00:00,652.0,3255.53,3255.47,3255.61,ETH
2026-01-07 04:55:53+00:00,653.0,3255.24,3255.17,3255.61,ETH
2026-01-07 04:55:54+00:00,654.0,3255.601,3255.58,3255.73,ETH
2026-01-07 04:55:55+00:00,655.0,3255.601,3255.6,3255.74,ETH
2026-01-07 04:55:56+00:00,656.0,3255.681,3255.63,3255.73,ETH
2026-01-07 04:55:57+00:00,657.0,3255.841,3255.79,3256.0,ETH
2026-01-07 04:55:58+00:00,658.0,3255.841,3255.81,3255.93,ETH
2026-01-07 04:55:59+00:00,659.0,3255.641,3255.63,3255.76,ETH
2026-01-07 04:56:00+00:00,660.0,3255.641,3255.62,3255.73,ETH
2026-01-07 04:56:01+00:00,661.0,3255.641,3255.62,3255.72,ETH
2026-01-07 04:56:02+00:00,662.0,3255.49,3255.47,3255.6,ETH
2026-01-07 04:56:03+00:00,663.0,3255.35,3255.3,3255.46,ETH
2026-01-07 04:56:04+00:00,664.0,3255.34,3255.3,3255.45,ETH
2026-01-07 04:56:05+00:00,665.0,3255.34,3255.29,3255.45,ETH
2026-01-07 04:56:06+00:00,666.0,3255.32,3255.27,3255.45,ETH
2026-01-07 04:56:07+00:00,667.0,3255.33,3255.28,3255.45,ETH
2026-01-07 04:56:08+00:00,668.0,3255.35,3255.3,3255.45,ETH
2026-01-07 04:56:09+00:00,669.0,3255.43,3255.31,3255.7,ETH
2026-01-07 04:56:10+00:00,670.0,3255.43,3255.32,3255.7,ETH
2026-01-07 04:56:11+00:00,671.0,3255.601,3255.55,3255.71,ETH
2026-01-07 04:56:12+00:00,672.0,3255.621,3255.57,3255.83,ETH
2026-01-07 04:56:13+00:00,673.0,3255.841,3255.8,3255.91,ETH
2026-01-07 04:56:14+00:00,674.0,3255.761,3255.7,3255.84,ETH
2026-01-07 04:56:15+00:00,675.0,3255.771,3255.72,3255.84,ETH
2026-01-07 04:56:16+00:00,676.0,3255.761,3255.7,3255.84,ETH
2026-01-07 04:56:17+00:00,677.0,3255.941,3255.84,3256.04,ETH
2026-01-07 04:56:18+00:00,678.0,3255.991,3255.93,3256.08,ETH
2026-01-07 04:56:19+00:00,679.0,3256.081,3256.07,3256.18,ETH
2026-01-07 04:56:20+00:00,680.0,3256.081,3256.04,3256.3,ETH
2026-01-07 04:56:21+00:00,681.0,3256.081,3256.03,3256.32,ETH
2026-01-07 04:56:22+00:00,682.0,3256.071,3256.05,3256.15,ETH
2026-01-07 04:56:23+00:00,683.0,3256.071,3256.06,3256.18,ETH
2026-01-07 04:56:24+00:00,684.0,3256.071,3256.06,3256.18,ETH
2026-01-07 04:56:25+00:00,685.0,3256.071,3256.06,3256.22,ETH
2026-01-07 04:56:26+00:00,686.0,3256.071,3256.04,3256.18,ETH
2026-01-07 04:56:27+00:00,687.0,3256.071,3256.06,3256.25,ETH
2026-01-07 04:56:28+00:00,688.0,3256.071,3256.06,3256.26,ETH
2026-01-07 04:56:29+00:00,689.0,3256.071,3255.92,3256.19,ETH
2026-01-07 04:56:30+00:00,690.0,3256.071,3255.92,3256.23,ETH
2026-01-07 04:56:31+00:00,691.0,3256.071,3255.93,3256.24,ETH
2026-01-07 04:56:32+00:00,692.0,3256.071,3255.93,3256.25,ETH
2026-01-07 04:56:33+00:00,693.0,3256.071,3256.06,3256.27,ETH
2026-01-07 04:56:34+00:00,694.0,3255.741,3255.6,3256.02,ETH
2026-01-07 04:56:35+00:00,695.0,3255.681,3255.68,3255.97,ETH
2026-01-07 04:56:36+00:00,696.0,3255.681,3255.68,3255.93,ETH
2026-01-07 04:56:37+00:00,697.0,3255.641,3255.58,3255.69,ETH
2026-01-07 04:56:38+00:00,698.0,3255.641,3255.59,3255.69,ETH
2026-01-07 04:56:39+00:00,699.0,3255.771,3255.75,3255.86,ETH
2026-01-07 04:56:40+00:00,700.0,3255.701,3255.64,3255.92,ETH
2026-01-07 04:56:41+00:00,701.0,3255.721,3255.66,3255.92,ETH
2026-01-07 04:56:42+00:00,702.0,3255.721,3255.67,3255.92,ETH
2026-01-07 04:56:43+00:00,703.0,3255.701,3255.64,3255.92,ETH
2026-01-07 04:56:44+00:00,704.0,3255.751,3255.7,3255.92,ETH
2026-01-07 04:56:45+00:00,705.0,3255.761,3255.71,3255.92,ETH
2026-01-07 04:56:46+00:00,706.0,3255.771,3255.72,3255.92,ETH
2026-01-07 04:56:47+00:00,707.0,3255.781,3255.74,3255.98,ETH
2026-01-07 04:56:48+00:00,708.0,3255.831,3255.76,3255.98,ETH
2026-01-07 04:56:49+00:00,709.0,3255.971,3255.96,3256.34,ETH
2026-01-07 04:56:50+00:00,710.0,3256.081,3256.08,3256.33,ETH
2026-01-07 04:56:51+00:00,711.0,3256.121,3256.07,3256.19,ETH
2026-01-07 04:56:52+00:00,712.0,3256.141,3256.08,3256.2,ETH
2026-01-07 04:56:53+00:00,713.0,3256.151,3256.09,3256.21,ETH
2026-01-07 04:56:54+00:00,714.0,3256.191,3256.14,3256.25,ETH
2026-01-07 04:56:55+00:00,715.0,3256.191,3256.17,3256.27,ETH
2026-01-07 04:56:56+00:00,716.0,3256.181,3256.13,3256.25,ETH
2026-01-07 04:56:57+00:00,717.0,3256.131,3256.07,3256.22,ETH
2026-01-07 04:56:58+00:00,718.0,3256.091,3256.03,3256.19,ETH
2026-01-07 04:56:59+00:00,719.0,3256.141,3256.11,3256.31,ETH
2026-01-07 04:57:00+00:00,720.0,3256.191,3256.18,3256.42,ETH
2026-01-07 04:57:01+00:00,721.0,3255.951,3255.92,3256.08,ETH
2026-01-07 04:57:02+00:00,722.0,3255.781,3255.75,3255.85,ETH
2026-01-07 04:57:03+00:00,723.0,3255.781,3255.74,3255.9,ETH
2026-01-07 04:57:05+00:00,725.0,3255.731,3255.66,3255.79,ETH
2026-01-07 04:57:06+00:00,726.0,3255.731,3255.66,3255.79,ETH
2026-01-07 04:57:07+00:00,727.0,3255.731,3255.67,3255.79,ETH
2026-01-07 04:57:08+00:00,728.0,3255.751,3255.69,3255.81,ETH
2026-01-07 04:57:09+00:00,729.0,3255.751,3255.71,3255.81,ETH
2026-01-07 04:57:10+00:00,730.0,3255.751,3255.71,3255.81,ETH
2026-01-07 04:57:11+00:00,731.0,3255.751,3255.73,3255.81,ETH
2026-01-07 04:57:12+00:00,732.0,3255.751,3255.72,3255.81,ETH
2026-01-07 04:57:13+00:00,733.0,3255.751,3255.72,3255.81,ETH
2026-01-07 04:57:14+00:00,734.0,3255.741,3255.68,3255.79,ETH
2026-01-07 04:57:15+00:00,735.0,3255.751,3255.69,3255.8,ETH
2026-01-07 04:57:16+00:00,736.0,3255.751,3255.71,3255.8,ETH
2026-01-07 04:57:17+00:00,737.0,3255.751,3255.74,3255.83,ETH
2026-01-07 04:57:18+00:00,738.0,3255.751,3255.74,3255.83,ETH
2026-01-07 04:57:19+00:00,739.0,3255.751,3255.75,3255.83,ETH
2026-01-07 04:57:20+00:00,740.0,3255.751,3255.75,3255.83,ETH
2026-01-07 04:57:21+00:00,741.0,3255.751,3255.72,3255.8,ETH
2026-01-07 04:57:22+00:00,742.0,3255.751,3255.72,3255.8,ETH
2026-01-07 04:57:23+00:00,743.0,3255.751,3255.73,3255.8,ETH
2026-01-07 04:57:24+00:00,744.0,3255.601,3255.59,3255.75,ETH
2026-01-07 04:57:25+00:00,745.0,3255.601,3255.59,3255.74,ETH
2026-01-07 04:57:26+00:00,746.0,3255.51,3255.46,3255.61,ETH
2026-01-07 04:57:27+00:00,747.0,3255.52,3255.47,3255.61,ETH
2026-01-07 04:57:28+00:00,748.0,3255.601,3255.56,3255.65,ETH
2026-01-07 04:57:29+00:00,749.0,3255.601,3255.54,3255.66,ETH
2026-01-07 04:57:30+00:00,750.0,3255.601,3255.55,3255.66,ETH
2026-01-07 04:57:31+00:00,751.0,3255.601,3255.55,3255.65,ETH
2026-01-07 04:57:32+00:00,752.0,3255.601,3255.55,3255.64,ETH
2026-01-07 04:57:33+00:00,753.0,3255.611,3255.6,3255.73,ETH
2026-01-07 04:57:34+00:00,754.0,3255.611,3255.6,3255.73,ETH
2026-01-07 04:57:35+00:00,755.0,3255.551,3255.5,3255.61,ETH
2026-01-07 04:57:36+00:00,756.0,3255.52,3255.48,3255.61,ETH
2026-01-07 04:57:37+00:00,757.0,3255.55,3255.5,3255.61,ETH
2026-01-07 04:57:38+00:00,758.0,3255.551,3255.51,3255.61,ETH
2026-01-07 04:57:39+00:00,759.0,3255.37,3255.31,3255.46,ETH
2026-01-07 04:57:40+00:00,760.0,3255.5,3255.45,3255.67,ETH
2026-01-07 04:57:41+00:00,761.0,3255.711,3255.65,3255.77,ETH
2026-01-07 04:57:42+00:00,762.0,3255.671,3255.61,3255.76,ETH
2026-01-07 04:57:43+00:00,763.0,3255.891,3255.84,3255.95,ETH
2026-01-07 04:57:44+00:00,764.0,3255.891,3255.84,3255.96,ETH
2026-01-07 04:57:45+00:00,765.0,3255.891,3255.84,3255.95,ETH
2026-01-07 04:57:46+00:00,766.0,3255.871,3255.81,3255.93,ETH
2026-01-07 04:57:47+00:00,767.0,3255.861,3255.8,3255.92,ETH
2026-01-07 04:57:48+00:00,768.0,3255.871,3255.82,3255.93,ETH
2026-01-07 04:57:49+00:00,769.0,3255.881,3255.84,3255.94,ETH
2026-01-07 04:57:50+00:00,770.0,3255.891,3255.87,3255.97,ETH
2026-01-07 04:57:51+00:00,771.0,3255.891,3255.89,3256.0,ETH
2026-01-07 04:57:52+00:00,772.0,3255.891,3255.89,3255.99,ETH
2026-01-07 04:57:53+00:00,773.0,3255.891,3255.89,3255.99,ETH
2026-01-07 04:57:54+00:00,774.0,3255.891,3255.89,3256.0,ETH
2026-01-07 04:57:55+00:00,775.0,3255.891,3255.89,3256.0,ETH
2026-01-07 04:57:56+00:00,776.0,3255.891,3255.89,3255.99,ETH
2026-01-07 04:57:57+00:00,777.0,3255.771,3255.73,3255.82,ETH
2026-01-07 04:57:58+00:00,778.0,3255.631,3255.57,3255.66,ETH
2026-01-07 04:57:59+00:00,779.0,3255.601,3255.55,3255.64,ETH
2026-01-07 04:58:01+00:00,781.0,3255.591,3255.54,3255.66,ETH
2026-01-07 04:58:02+00:00,782.0,3255.571,3255.53,3255.61,ETH
2026-01-07 04:58:03+00:00,783.0,3255.46,3255.45,3255.58,ETH
2026-01-07 04:58:04+00:00,784.0,3255.46,3255.45,3255.52,ETH
2026-01-07 04:58:05+00:00,785.0,3255.46,3255.43,3255.54,ETH
2026-01-07 04:58:06+00:00,786.0,3255.44,3255.4,3255.48,ETH
2026-01-07 04:58:07+00:00,787.0,3255.29,3255.28,3255.49,ETH
2026-01-07 04:58:08+00:00,788.0,3255.34,3255.32,3255.49,ETH
2026-01-07 04:58:09+00:00,789.0,3255.33,3255.29,3255.45,ETH
2026-01-07 04:58:10+00:00,790.0,3255.28,3255.23,3255.42,ETH
2026-01-07 04:58:11+00:00,791.0,3255.34,3255.31,3255.44,ETH
2026-01-07 04:58:12+00:00,792.0,3255.38,3255.38,3255.47,ETH
2026-01-07 04:58:13+00:00,793.0,3255.38,3255.36,3255.43,ETH
2026-01-07 04:58:14+00:00,794.0,3255.38,3255.36,3255.44,ETH
2026-01-07 04:58:15+00:00,795.0,3255.38,3255.37,3255.45,ETH
2026-01-07 04:58:16+00:00,796.0,3255.35,3255.32,3255.41,ETH
2026-01-07 04:58:17+00:00,797.0,3255.35,3255.33,3255.45,ETH
2026-01-07 04:58:18+00:00,798.0,3255.38,3255.38,3255.51,ETH
2026-01-07 04:58:19+00:00,799.0,3255.22,3255.22,3255.38,ETH
2026-01-07 04:58:20+00:00,800.0,3254.97,3254.94,3255.26,ETH
2026-01-07 04:58:21+00:00,801.0,3254.88,3254.82,3255.14,ETH
2026-01-07 04:58:22+00:00,802.0,3254.88,3254.82,3255.01,ETH
2026-01-07 04:58:23+00:00,803.0,3254.82,3254.77,3254.99,ETH
2026-01-07 04:58:24+00:00,804.0,3254.77,3254.72,3254.99,ETH
2026-01-07 04:58:25+00:00,805.0,3254.79,3254.73,3254.99,ETH
2026-01-07 04:58:26+00:00,806.0,3254.74,3254.68,3254.99,ETH
2026-01-07 04:58:27+00:00,807.0,3254.72,3254.67,3254.99,ETH
2026-01-07 04:58:28+00:00,808.0,3254.73,3254.68,3254.93,ETH
2026-01-07 04:58:29+00:00,809.0,3254.7,3254.66,3254.83,ETH
2026-01-07 04:58:30+00:00,810.0,3254.72,3254.7,3254.79,ETH
2026-01-07 04:58:31+00:00,811.0,3254.72,3254.7,3254.79,ETH
2026-01-07 04:58:32+00:00,812.0,3254.72,3254.7,3254.79,ETH
2026-01-07 04:58:33+00:00,813.0,3254.72,3254.72,3254.88,ETH
2026-01-07 04:58:34+00:00,814.0,3254.72,3254.72,3254.89,ETH
2026-01-07 04:58:35+00:00,815.0,3254.72,3254.72,3254.83,ETH
2026-01-07 04:58:36+00:00,816.0,3254.72,3254.72,3254.88,ETH
2026-01-07 04:58:37+00:00,817.0,3254.72,3254.72,3254.88,ETH
2026-01-07 04:58:38+00:00,818.0,3254.72,3254.72,3254.87,ETH
2026-01-07 04:58:39+00:00,819.0,3254.62,3254.61,3254.85,ETH
2026-01-07 04:58:40+00:00,820.0,3254.63,3254.62,3254.87,ETH
2026-01-07 04:58:41+00:00,821.0,3254.63,3254.62,3254.75,ETH
2026-01-07 04:58:42+00:00,822.0,3254.42,3254.4,3254.47,ETH
2026-01-07 04:58:43+00:00,823.0,3254.42,3254.38,3254.45,ETH
2026-01-07 04:58:44+00:00,824.0,3254.42,3254.38,3254.45,ETH
2026-01-07 04:58:45+00:00,825.0,3254.21,3254.21,3254.44,ETH
2026-01-07 04:58:46+00:00,826.0,3254.21,3254.21,3254.38,ETH
2026-01-07 04:58:47+00:00,827.0,3254.21,3254.19,3254.32,ETH
2026-01-07 04:58:48+00:00,828.0,3254.2,3254.16,3254.27,ETH
2026-01-07 04:58:49+00:00,829.0,3254.2,3254.14,3254.29,ETH
2026-01-07 04:58:50+00:00,830.0,3254.21,3254.16,3254.38,ETH
2026-01-07 04:58:51+00:00,831.0,3254.21,3254.18,3254.42,ETH
2026-01-07 04:58:52+00:00,832.0,3254.21,3254.18,3254.4,ETH
2026-01-07 04:58:53+00:00,833.0,3254.21,3254.19,3254.38,ETH
2026-01-07 04:58:54+00:00,834.0,3254.21,3254.19,3254.38,ETH
2026-01-07 04:58:55+00:00,835.0,3254.21,3254.2,3254.37,ETH
2026-01-07 04:58:56+00:00,836.0,3254.21,3254.19,3254.37,ETH
2026-01-07 04:58:57+00:00,837.0,3254.21,3254.19,3254.37,ETH
2026-01-07 04:58:58+00:00,838.0,3254.21,3254.2,3254.42,ETH
2026-01-07 04:58:59+00:00,839.0,3254.2,3254.2,3254.33,ETH
2026-01-07 04:59:00+00:00,840.0,3254.19,3254.14,3254.27,ETH
2026-01-07 04:59:01+00:00,841.0,3254.29,3254.2,3254.38,ETH
2026-01-07 04:59:02+00:00,842.0,3254.26,3254.18,3254.36,ETH
2026-01-07 04:59:03+00:00,843.0,3254.12,3254.1,3254.23,ETH
2026-01-07 04:59:04+00:00,844.0,3254.12,3254.11,3254.23,ETH
2026-01-07 04:59:05+00:00,845.0,3253.99,3253.96,3254.08,ETH
2026-01-07 04:59:06+00:00,846.0,3253.86,3253.82,3253.96,ETH
2026-01-07 04:59:07+00:00,847.0,3253.86,3253.84,3253.96,ETH
2026-01-07 04:59:08+00:00,848.0,3253.86,3253.84,3253.94,ETH
2026-01-07 04:59:09+00:00,849.0,3253.86,3253.82,3253.91,ETH
2026-01-07 04:59:10+00:00,850.0,3253.86,3253.84,3253.92,ETH
2026-01-07 04:59:11+00:00,851.0,3253.79,3253.79,3253.89,ETH
2026-01-07 04:59:12+00:00,852.0,3253.69,3253.68,3253.8,ETH
2026-01-07 04:59:13+00:00,853.0,3253.61,3253.57,3253.7,ETH
2026-01-07 04:59:14+00:00,854.0,3253.56,3253.53,3253.65,ETH
2026-01-07 04:59:15+00:00,855.0,3253.56,3253.55,3253.65,ETH
2026-01-07 04:59:16+00:00,856.0,3253.55,3253.51,3253.62,ETH
2026-01-07 04:59:17+00:00,857.0,3253.55,3253.49,3253.61,ETH
2026-01-07 04:59:18+00:00,858.0,3253.56,3253.51,3253.62,ETH
2026-01-07 04:59:19+00:00,859.0,3253.56,3253.52,3253.63,ETH
2026-01-07 04:59:20+00:00,860.0,3253.56,3253.52,3253.63,ETH
2026-01-07 04:59:21+00:00,861.0,3253.47,3253.46,3253.61,ETH
2026-01-07 04:59:22+00:00,862.0,3253.37,3253.36,3253.61,ETH
2026-01-07 04:59:23+00:00,863.0,3253.27,3253.27,3253.56,ETH
2026-01-07 04:59:24+00:00,864.0,3253.37,3253.36,3253.55,ETH
2026-01-07 04:59:25+00:00,865.0,3253.37,3253.36,3253.55,ETH
2026-01-07 04:59:26+00:00,866.0,3252.99,3252.98,3253.18,ETH
2026-01-07 04:59:27+00:00,867.0,3252.99,3252.98,3253.18,ETH
2026-01-07 04:59:28+00:00,868.0,3253.39,3253.27,3253.49,ETH
2026-01-07 04:59:29+00:00,869.0,3253.45,3253.44,3253.64,ETH
2026-01-07 04:59:30+00:00,870.0,3253.29,3253.25,3253.45,ETH
2026-01-07 04:59:31+00:00,871.0,3253.19,3253.18,3253.42,ETH
2026-01-07 04:59:32+00:00,872.0,3253.19,3253.17,3253.39,ETH
2026-01-07 04:59:33+00:00,873.0,3253.05,3252.97,3253.16,ETH
2026-01-07 04:59:34+00:00,874.0,3252.78,3252.69,3252.84,ETH
2026-01-07 04:59:35+00:00,875.0,3252.68,3252.49,3252.82,ETH
2026-01-07 04:59:36+00:00,876.0,3252.73,3252.43,3252.96,ETH
2026-01-07 04:59:37+00:00,877.0,3252.75,3252.49,3253.0,ETH
2026-01-07 04:59:38+00:00,878.0,3252.75,3252.49,3252.95,ETH
2026-01-07 04:59:39+00:00,879.0,3252.72,3252.52,3252.86,ETH
2026-01-07 04:59:40+00:00,880.0,3252.67,3252.51,3252.76,ETH
2026-01-07 04:59:41+00:00,881.0,3252.64,3252.46,3252.74,ETH
2026-01-07 04:59:42+00:00,882.0,3252.64,3252.47,3252.77,ETH
2026-01-07 04:59:43+00:00,883.0,3252.64,3252.48,3252.81,ETH
2026-01-07 04:59:44+00:00,884.0,3252.8,3252.54,3252.9,ETH
2026-01-07 04:59:45+00:00,885.0,3252.9,3252.68,3253.06,ETH
2026-01-07 04:59:46+00:00,886.0,3253.01,3252.87,3253.07,ETH
2026-01-07 04:59:47+00:00,887.0,3252.95,3252.87,3253.04,ETH
2026-01-07 04:59:48+00:00,888.0,3253.04,3252.87,3253.1,ETH
2026-01-07 04:59:49+00:00,889.0,3253.04,3252.87,3253.3,ETH
2026-01-07 04:59:50+00:00,890.0,3253.12,3252.91,3253.18,ETH
2026-01-07 04:59:51+00:00,891.0,3253.17,3252.92,3253.27,ETH
2026-01-07 04:59:52+00:00,892.0,3253.15,3252.92,3253.2,ETH
2026-01-07 04:59:53+00:00,893.0,3253.18,3252.93,3253.21,ETH
2026-01-07 04:59:54+00:00,894.0,3253.18,3252.92,3253.23,ETH
2026-01-07 04:59:55+00:00,895.0,3253.18,3252.92,3253.23,ETH
2026-01-07 04:59:56+00:00,896.0,3253.33,3253.15,3253.43,ETH
2026-01-07 04:59:57+00:00,897.0,3253.31,3253.14,3253.35,ETH
2026-01-07 04:59:58+00:00,898.0,3253.34,3253.13,3253.41,ETH
2026-01-07 04:59:59+00:00,899.0,3253.31,3253.14,3253.39,ETH
