timestamp,collected_at,seconds,up_mid,up_best_bid,up_best_ask,down_mid,down_best_bid,down_best_ask,up_best_bid_size,up_best_ask_size,down_best_bid_size,down_best_ask_size,up_bid_2,up_bid_2_size,up_ask_2,up_ask_2_size,up_bid_3,up_bid_3_size,up_ask_3,up_ask_3_size,up_bid_4,up_bid_4_size,up_ask_4,up_ask_4_size,up_bid_5,up_bid_5_size,up_ask_5,up_ask_5_size,up_bid_6,up_bid_6_size,up_ask_6,up_ask_6_size,down_bid_2,down_bid_2_size,down_ask_2,down_ask_2_size,down_bid_3,down_bid_3_size,down_ask_3,down_ask_3_size,down_bid_4,down_bid_4_size,down_ask_4,down_ask_4_size,down_bid_5,down_bid_5_size,down_ask_5,down_ask_5_size,down_bid_6,down_bid_6_size,down_ask_6,down_ask_6_size
2026-01-07 11:00:00.593000+00:00,2026-01-07 10:59:58.265598+00:00,0.593,0.99,0.99,,0.01,,0.01,21463.63,,,54038.63,0.98,321.66,,,0.97,468.77,,,0.96,45.19,,,0.95,147.18,,,0.94,347.8,,,,,0.02,321.66,,,0.03,468.77,,,0.04,45.19,,,0.05,147.18,,,0.06,347.8
2026-01-07 11:00:01.534000+00:00,2026-01-07 10:59:59.271650+00:00,1.534,0.99,0.99,,0.01,,0.01,200764.23,,,200764.23,0.98,321.66,,,0.97,468.77,,,0.96,45.19,,,0.95,147.18,,,0.94,347.8,,,,,0.02,321.66,,,0.03,468.77,,,0.04,45.19,,,0.05,147.18,,,0.06,347.8
2026-01-07 11:00:02.747000+00:00,2026-01-07 11:00:00.292479+00:00,2.747,0.46499999999999997,0.46,0.47,0.535,0.53,0.54,101.0,686.46,686.46,34.25,0.45,56.0,0.48,2495.9,0.44,240.48,0.49,244.94,0.43,194.16,0.5,1806.88,0.42,314.0,0.51,328.81,0.41,383.0,0.52,183.0,0.52,2495.9,0.55,56.0,0.51,274.94,0.56,240.48,0.5,1806.88,0.57,194.16,0.49,328.81,0.58,314.0,0.48,183.0,0.59,383.0
2026-01-07 11:00:03.735000+00:00,2026-01-07 11:00:01.302044+00:00,3.735,0.455,0.45,0.46,0.545,0.54,0.55,15.0,5.0,20.0,15.0,0.44,140.87,0.47,686.46,0.43,194.16,0.48,2485.9,0.42,314.0,0.49,244.94,0.41,322.0,0.5,1806.88,0.4,254.0,0.51,358.81,0.53,686.46,0.56,140.87,0.52,2485.9,0.57,224.16,0.51,284.94,0.58,314.0,0.5,1806.88,0.59,322.0,0.49,328.81,0.6,254.0
2026-01-07 11:00:04.744000+00:00,2026-01-07 11:00:02.321399+00:00,4.744,0.455,0.45,0.46,0.545,0.54,0.55,62.92,5.0,5.0,62.92,0.44,140.87,0.47,686.46,0.43,239.16,0.48,2510.9,0.42,314.0,0.49,304.94,0.41,322.0,0.5,1836.88,0.4,201.0,0.51,343.81,0.53,686.46,0.56,150.87,0.52,2510.9,0.57,239.16,0.51,319.94,0.58,314.0,0.5,1836.88,0.59,322.0,0.49,343.81,0.6,264.0
2026-01-07 11:00:05.755000+00:00,2026-01-07 11:00:03.323504+00:00,5.755,0.46499999999999997,0.46,0.47,0.535,0.53,0.54,100.0,541.46,541.46,100.0,0.45,52.92,0.48,2550.9,0.44,170.87,0.49,284.94,0.43,234.16,0.5,1836.88,0.42,349.0,0.51,393.81,0.41,322.0,0.52,193.0,0.52,2550.9,0.55,52.92,0.51,284.94,0.56,170.87,0.5,1836.88,0.57,234.16,0.49,393.81,0.58,349.0,0.48,193.0,0.59,322.0
2026-01-07 11:00:06.747000+00:00,2026-01-07 11:00:04.330038+00:00,6.747,0.46499999999999997,0.46,0.47,0.535,0.53,0.54,86.0,436.46,436.46,101.0,0.45,52.92,0.48,2535.9,0.44,170.87,0.49,284.94,0.43,234.16,0.5,1851.88,0.42,349.0,0.51,378.81,0.41,322.0,0.52,193.0,0.52,2535.9,0.55,52.92,0.51,284.94,0.56,170.87,0.5,1851.88,0.57,234.16,0.49,378.81,0.58,349.0,0.48,193.0,0.59,322.0
2026-01-07 11:00:07.761000+00:00,2026-01-07 11:00:05.334256+00:00,7.761,0.46499999999999997,0.46,0.47,0.535,0.53,0.54,91.29,417.31,372.31,72.03,0.45,52.35,0.48,2470.9,0.44,170.87,0.49,284.94,0.43,292.16,0.5,1836.88,0.42,349.0,0.51,343.81,0.41,322.0,0.52,223.0,0.52,2470.9,0.55,37.35,0.51,319.94,0.56,170.87,0.5,1836.88,0.57,322.16,0.49,393.81,0.58,349.0,0.48,223.0,0.59,322.0
2026-01-07 11:00:08.771000+00:00,2026-01-07 11:00:06.355442+00:00,8.771,0.46499999999999997,0.46,0.47,0.535,0.53,0.54,32.85,372.31,372.31,52.85,0.45,52.35,0.48,2470.9,0.44,170.87,0.49,319.94,0.43,322.16,0.5,1836.88,0.42,349.0,0.51,393.81,0.41,322.0,0.52,223.0,0.52,2470.9,0.55,107.35,0.51,339.94,0.56,240.87,0.5,1941.88,0.57,334.16,0.49,413.81,0.58,419.0,0.48,283.0,0.59,392.0
2026-01-07 11:00:09.806000+00:00,2026-01-07 11:00:07.364154+00:00,9.806,0.475,0.47,0.48,0.525,0.52,0.53,65.0,2424.1,2429.1,65.0,0.46,171.85,0.49,254.94,0.45,167.35,0.5,1871.88,0.44,240.87,0.51,175.81,0.43,304.16,0.52,15.0,0.42,384.0,0.53,288.0,0.51,254.94,0.54,117.85,0.5,1871.88,0.55,223.35,0.49,175.81,0.56,240.87,0.48,15.0,0.57,304.16,0.47,288.0,0.58,384.0
2026-01-07 11:00:10.807000+00:00,2026-01-07 11:00:08.370769+00:00,10.807,0.445,0.44,0.45,0.555,0.55,0.56,3.63,55.0,58.8,3.63,0.43,199.16,0.46,125.0,0.42,379.0,0.47,100.0,0.41,352.0,0.48,2746.1,0.4,439.0,0.49,467.94,0.39,458.0,0.5,2089.88,0.54,125.0,0.57,16.16,0.53,130.0,0.58,196.0,0.52,2807.1,0.59,352.0,0.51,537.94,0.6,469.0,0.5,2089.88,0.61,354.0
2026-01-07 11:00:11.821000+00:00,2026-01-07 11:00:09.379403+00:00,11.821,0.435,0.43,0.44,0.565,0.56,0.57,56.16,85.0,85.0,50.86,0.42,75.0,0.45,8.8,0.41,372.0,0.46,100.0,0.4,484.0,0.47,313.0,0.39,364.0,0.48,2707.1,0.38,381.0,0.49,537.94,0.55,8.8,0.58,85.0,0.54,100.0,0.59,407.0,0.53,348.0,0.6,519.0,0.52,2717.1,0.61,364.0,0.51,572.94,0.62,381.0
2026-01-07 11:00:12.833000+00:00,2026-01-07 11:00:10.399645+00:00,12.833,0.435,0.43,0.44,0.575,0.57,0.58,15.86,242.0,90.0,50.0,0.42,50.0,0.45,326.8,0.41,33.0,0.46,278.0,0.4,195.0,0.47,318.0,0.39,236.0,0.48,2863.1,0.38,365.0,0.49,693.94,0.56,248.0,0.59,28.0,0.55,326.8,0.6,120.0,0.54,278.0,0.61,311.0,0.53,318.0,0.62,350.0,0.52,2863.1,0.63,340.0
2026-01-07 11:00:13.813000+00:00,2026-01-07 11:00:11.408493+00:00,13.813,0.415,0.41,0.42,0.585,0.58,0.59,18.0,115.0,115.0,18.0,0.4,120.0,0.43,140.0,0.39,291.0,0.44,313.0,0.38,350.0,0.45,326.8,0.37,450.0,0.46,308.0,0.36,369.0,0.47,318.0,0.57,140.0,0.6,120.0,0.56,313.0,0.61,291.0,0.55,326.8,0.62,350.0,0.54,308.0,0.63,450.0,0.53,318.0,0.64,439.0
2026-01-07 11:00:14.844000+00:00,2026-01-07 11:00:12.413005+00:00,14.844,0.445,0.44,0.45,0.555,0.55,0.56,65.0,35.0,35.0,95.0,0.43,50.0,0.46,80.0,0.42,80.0,0.47,333.0,0.41,316.0,0.48,2807.1,0.4,549.0,0.49,733.94,0.39,454.0,0.5,2220.88,0.54,80.0,0.57,50.0,0.53,333.0,0.58,80.0,0.52,2802.1,0.59,316.0,0.51,733.94,0.6,549.0,0.5,2220.88,0.61,454.0
2026-01-07 11:00:15.855000+00:00,2026-01-07 11:00:13.415713+00:00,15.855,0.44,0.43,0.45,0.555,0.55,0.56,175.0,90.0,5.0,65.0,0.42,75.0,0.46,50.0,0.41,336.0,0.47,353.0,0.4,549.0,0.48,2782.1,0.39,518.0,0.49,693.94,0.38,390.0,0.5,2210.88,0.54,175.0,0.57,120.0,0.53,308.0,0.58,95.0,0.52,2782.1,0.59,336.0,0.51,693.94,0.6,549.0,0.5,2245.88,0.61,518.0
2026-01-07 11:00:16.830000+00:00,2026-01-07 11:00:14.436065+00:00,16.83,0.445,0.44,0.45,0.555,0.55,0.56,65.0,5.0,5.0,65.0,0.43,100.0,0.46,175.0,0.42,95.0,0.47,308.0,0.41,336.0,0.48,2782.1,0.4,549.0,0.49,693.94,0.39,454.0,0.5,2245.88,0.54,175.0,0.57,100.0,0.53,308.0,0.58,95.0,0.52,2782.1,0.59,336.0,0.51,693.94,0.6,549.0,0.5,2245.88,0.61,454.0
2026-01-07 11:00:17.868000+00:00,2026-01-07 11:00:15.439015+00:00,17.868,0.445,0.44,0.45,0.555,0.55,0.56,50.0,5.0,5.0,50.0,0.43,100.0,0.46,190.0,0.42,165.0,0.47,308.0,0.41,336.0,0.48,2772.1,0.4,549.0,0.49,693.94,0.39,454.0,0.5,2166.51,0.54,190.0,0.57,110.0,0.53,318.0,0.58,165.0,0.52,2772.1,0.59,336.0,0.51,693.94,0.6,549.0,0.5,2166.51,0.61,454.0
2026-01-07 11:00:18.722000+00:00,2026-01-07 11:00:16.445519+00:00,18.722,0.445,0.44,0.45,0.555,0.55,0.56,50.0,2.55,24.88,50.0,0.43,215.0,0.46,270.0,0.42,155.0,0.47,308.0,0.41,336.0,0.48,2772.1,0.4,549.0,0.49,693.94,0.39,454.0,0.5,2166.51,0.54,240.3,0.57,180.0,0.53,333.0,0.58,180.0,0.52,2772.1,0.59,311.0,0.51,693.94,0.6,549.0,0.5,2131.51,0.61,454.0
2026-01-07 11:00:19.863000+00:00,2026-01-07 11:00:17.452084+00:00,19.863,0.455,0.45,0.46,0.545,0.54,0.55,5.0,260.3,260.3,5.0,0.44,70.0,0.47,308.0,0.43,205.0,0.48,2772.1,0.42,145.0,0.49,693.94,0.41,336.0,0.5,2166.51,0.4,549.0,0.51,549.81,0.53,308.0,0.56,70.0,0.52,2772.1,0.57,205.0,0.51,693.94,0.58,145.0,0.5,2166.51,0.59,336.0,0.49,549.81,0.6,549.0
2026-01-07 11:00:20.753000+00:00,2026-01-07 11:00:18.457528+00:00,20.753,0.455,0.45,0.46,0.545,0.54,0.55,5.0,372.3,347.3,5.0,0.43,140.0,0.47,293.0,0.42,200.0,0.48,2772.1,0.41,371.0,0.49,693.94,0.4,519.0,0.5,2166.51,0.39,518.0,0.51,549.81,0.53,293.0,0.57,140.0,0.52,2772.1,0.58,200.0,0.51,693.94,0.59,371.0,0.5,2166.51,0.6,519.0,0.49,549.81,0.61,518.0
2026-01-07 11:00:21.898000+00:00,2026-01-07 11:00:19.464756+00:00,21.898,0.435,0.43,0.44,0.565,0.56,0.57,25.0,128.92,88.92,25.0,0.42,175.0,0.45,75.0,0.41,183.0,0.46,333.3,0.4,564.0,0.47,318.0,0.39,518.0,0.48,2732.87,0.38,455.0,0.49,693.94,0.55,100.0,0.58,220.0,0.54,318.3,0.59,183.0,0.53,318.0,0.6,519.0,0.52,2732.87,0.61,518.0,0.51,693.94,0.62,455.0
2026-01-07 11:00:22.759000+00:00,2026-01-07 11:00:20.468667+00:00,22.759,0.435,0.43,0.44,0.565,0.56,0.57,35.0,78.92,78.92,40.0,0.42,240.0,0.45,95.0,0.41,153.0,0.46,333.3,0.4,519.0,0.47,348.0,0.39,548.0,0.48,2732.87,0.38,425.0,0.49,693.94,0.55,90.0,0.58,235.0,0.54,333.3,0.59,153.0,0.53,348.0,0.6,519.0,0.52,2732.87,0.61,548.0,0.51,693.94,0.62,425.0
2026-01-07 11:00:23.962000+00:00,2026-01-07 11:00:21.475874+00:00,23.962,0.435,0.43,0.44,0.565,0.56,0.57,50.0,113.92,113.92,39.57,0.42,230.0,0.45,75.0,0.41,153.0,0.46,358.3,0.4,519.0,0.47,348.0,0.39,548.0,0.48,2732.87,0.38,425.0,0.49,658.94,0.55,75.0,0.58,230.0,0.54,358.3,0.59,153.0,0.53,348.0,0.6,582.0,0.52,2732.87,0.61,484.0,0.51,658.94,0.62,425.0
2026-01-07 11:00:24.811000+00:00,2026-01-07 11:00:22.482525+00:00,24.811,0.435,0.43,0.44,0.565,0.56,0.57,19.57,113.92,113.92,19.57,0.42,240.0,0.45,155.0,0.41,163.0,0.46,343.3,0.4,519.0,0.47,348.0,0.39,543.0,0.48,2732.87,0.38,425.0,0.49,658.94,0.55,155.0,0.58,240.0,0.54,343.3,0.59,163.0,0.53,348.0,0.6,519.0,0.52,2732.87,0.61,543.0,0.51,658.94,0.62,425.0
2026-01-07 11:00:25.816000+00:00,2026-01-07 11:00:23.499526+00:00,25.816,0.435,0.43,0.44,0.565,0.56,0.57,19.57,113.92,113.92,19.57,0.42,260.0,0.45,175.0,0.41,192.0,0.46,358.3,0.4,519.0,0.47,348.0,0.39,548.0,0.48,2732.87,0.38,425.0,0.49,658.94,0.55,175.0,0.58,260.0,0.54,358.3,0.59,192.0,0.53,348.0,0.6,519.0,0.52,2732.87,0.61,548.0,0.51,658.94,0.62,425.0
2026-01-07 11:00:26.875000+00:00,2026-01-07 11:00:24.506508+00:00,26.875,0.435,0.43,0.44,0.565,0.56,0.57,14.57,113.92,113.92,14.57,0.42,240.0,0.45,185.0,0.41,212.0,0.46,348.3,0.4,519.0,0.47,348.0,0.39,548.0,0.48,2732.87,0.38,425.0,0.49,658.94,0.55,185.0,0.58,240.0,0.54,348.3,0.59,212.0,0.53,348.0,0.6,519.0,0.52,2732.87,0.61,548.0,0.51,658.94,0.62,425.0
2026-01-07 11:00:27.968000+00:00,2026-01-07 11:00:25.529737+00:00,27.968,0.435,0.43,0.44,0.56,0.55,0.57,527.79,37.81,120.0,672.79,0.42,185.0,0.45,120.0,0.41,187.0,0.46,368.3,0.4,519.0,0.47,363.0,0.39,548.0,0.48,2732.87,0.38,425.0,0.49,658.94,0.54,363.3,0.58,140.0,0.53,363.0,0.59,167.0,0.52,2732.87,0.6,547.0,0.51,658.94,0.61,484.0,0.5,2210.88,0.62,390.0
2026-01-07 11:00:28.967000+00:00,2026-01-07 11:00:26.536463+00:00,28.967,0.445,0.44,0.45,0.555,0.55,0.56,35.0,37.69,37.69,35.0,0.43,402.79,0.46,185.0,0.42,444.0,0.47,238.0,0.41,387.0,0.48,2732.87,0.4,549.0,0.49,572.94,0.39,523.0,0.5,2694.88,0.54,185.0,0.57,402.79,0.53,238.0,0.58,444.0,0.52,2762.87,0.59,387.0,0.51,572.94,0.6,549.0,0.5,2694.88,0.61,523.0
2026-01-07 11:00:29.978000+00:00,2026-01-07 11:00:27.557504+00:00,29.978,0.445,0.44,0.45,0.555,0.55,0.56,30.0,46.78,18.18,65.0,0.43,118.79,0.46,185.0,0.42,120.0,0.47,308.0,0.41,387.0,0.48,2762.87,0.4,549.0,0.49,572.94,0.39,523.0,0.5,2694.88,0.54,205.0,0.57,104.57,0.53,308.0,0.58,120.0,0.52,2762.87,0.59,387.0,0.51,572.94,0.6,549.0,0.5,2694.88,0.61,523.0
2026-01-07 11:00:30.879000+00:00,2026-01-07 11:00:28.562005+00:00,30.879,0.445,0.44,0.45,0.555,0.55,0.56,45.35,16.34,16.34,45.35,0.43,144.57,0.46,225.0,0.42,80.0,0.47,308.0,0.41,414.2,0.48,2762.87,0.4,549.0,0.49,572.94,0.39,523.0,0.5,2694.88,0.54,225.0,0.57,144.57,0.53,308.0,0.58,80.0,0.52,2762.87,0.59,414.2,0.51,572.94,0.6,549.0,0.5,2694.88,0.61,523.0
2026-01-07 11:00:31.970000+00:00,2026-01-07 11:00:29.583036+00:00,31.97,0.445,0.44,0.45,0.555,0.55,0.56,44.22,16.34,16.34,44.22,0.43,93.92,0.46,225.0,0.42,80.0,0.47,308.0,0.41,414.2,0.48,2762.87,0.4,549.0,0.49,572.94,0.39,523.0,0.5,2694.88,0.54,225.0,0.57,93.92,0.53,308.0,0.58,80.0,0.52,2762.87,0.59,414.2,0.51,572.94,0.6,549.0,0.5,2694.88,0.61,523.0
2026-01-07 11:00:32.696000+00:00,2026-01-07 11:00:30.607749+00:00,32.696,0.445,0.44,0.45,0.555,0.55,0.56,483.22,16.34,136.34,453.22,0.43,163.92,0.46,295.0,0.42,150.0,0.47,308.0,0.41,484.2,0.48,2762.87,0.4,549.0,0.49,572.94,0.39,523.0,0.5,2694.88,0.54,230.0,0.57,213.92,0.53,313.0,0.58,135.0,0.52,2762.87,0.59,499.2,0.51,572.94,0.6,519.0,0.5,2694.88,0.61,459.0
2026-01-07 11:00:33.822000+00:00,2026-01-07 11:00:31.610907+00:00,33.822,0.445,0.44,0.45,0.555,0.55,0.56,422.68,101.34,101.34,422.68,0.43,173.92,0.46,255.0,0.42,175.0,0.47,323.0,0.41,499.2,0.48,2732.87,0.4,519.0,0.49,572.94,0.39,489.0,0.5,2694.88,0.54,255.0,0.57,173.92,0.53,323.0,0.58,175.0,0.52,2732.87,0.59,499.2,0.51,572.94,0.6,519.0,0.5,2694.88,0.61,489.0
2026-01-07 11:00:34.638000+00:00,2026-01-07 11:00:32.616429+00:00,34.638,0.445,0.44,0.45,0.555,0.55,0.56,422.68,69.67,69.67,422.68,0.43,188.92,0.46,285.0,0.42,175.0,0.47,293.0,0.41,499.2,0.48,2732.87,0.4,519.0,0.49,572.94,0.39,489.0,0.5,2694.88,0.54,285.0,0.57,193.92,0.53,293.0,0.58,175.0,0.52,2732.87,0.59,499.2,0.51,572.94,0.6,519.0,0.5,2694.88,0.61,489.0
2026-01-07 11:00:36.039000+00:00,2026-01-07 11:00:33.652545+00:00,36.039,0.445,0.44,0.45,0.555,0.55,0.56,425.5,69.67,69.67,425.5,0.43,228.92,0.46,265.0,0.42,135.0,0.47,313.0,0.41,499.2,0.48,2732.87,0.4,519.0,0.49,572.94,0.39,459.0,0.5,2694.88,0.54,265.0,0.57,228.92,0.53,313.0,0.58,135.0,0.52,2732.87,0.59,499.2,0.51,572.94,0.6,519.0,0.5,2694.88,0.61,454.0
2026-01-07 11:00:37.065000+00:00,2026-01-07 11:00:34.657710+00:00,37.065,0.445,0.44,0.45,0.555,0.55,0.56,285.2,485.28,490.28,285.2,0.42,115.0,0.46,313.0,0.41,242.99,0.47,318.0,0.4,230.0,0.48,2853.87,0.39,449.0,0.49,693.94,0.38,486.0,0.5,2210.88,0.54,313.0,0.58,115.0,0.53,318.0,0.59,242.99,0.52,2853.87,0.6,230.0,0.51,693.94,0.61,449.0,0.5,2210.88,0.62,491.0
2026-01-07 11:00:38.080000+00:00,2026-01-07 11:00:35.661347+00:00,38.08,0.445,0.44,0.45,0.555,0.55,0.56,285.2,490.28,490.28,285.2,0.42,115.0,0.46,313.0,0.41,242.99,0.47,318.0,0.4,230.0,0.48,2853.87,0.39,449.0,0.49,693.94,0.38,491.0,0.5,2210.88,0.54,313.0,0.58,135.0,0.53,318.0,0.59,212.99,0.52,2853.87,0.6,230.0,0.51,693.94,0.61,449.0,0.5,2210.88,0.62,491.0
2026-01-07 11:00:39.047000+00:00,2026-01-07 11:00:36.685610+00:00,39.047,0.445,0.44,0.45,0.555,0.55,0.56,285.2,417.65,417.65,285.2,0.43,65.0,0.46,398.0,0.42,130.0,0.47,318.0,0.41,162.99,0.48,2853.87,0.4,230.0,0.49,693.94,0.39,475.7,0.5,2210.88,0.54,398.0,0.57,65.0,0.53,318.0,0.58,130.0,0.52,2853.87,0.59,162.99,0.51,693.94,0.6,230.0,0.5,2210.88,0.61,475.7
2026-01-07 11:00:40.114000+00:00,2026-01-07 11:00:37.692275+00:00,40.114,0.445,0.44,0.45,0.555,0.55,0.56,285.2,404.91,404.91,285.2,0.43,146.62,0.46,398.0,0.42,130.0,0.47,318.0,0.41,162.99,0.48,2853.87,0.4,230.0,0.49,693.94,0.39,475.7,0.5,2210.88,0.54,398.0,0.57,146.62,0.53,318.0,0.58,130.0,0.52,2853.87,0.59,162.99,0.51,693.94,0.6,230.0,0.5,2210.88,0.61,475.7
2026-01-07 11:00:41.159000+00:00,2026-01-07 11:00:38.694513+00:00,41.159,0.445,0.44,0.45,0.555,0.55,0.56,285.2,402.68,402.68,285.2,0.43,146.62,0.46,398.0,0.42,130.0,0.47,318.0,0.41,162.99,0.48,2853.87,0.4,230.0,0.49,1142.94,0.39,475.7,0.5,2210.88,0.54,333.0,0.57,81.62,0.53,318.0,0.58,110.0,0.52,2853.87,0.59,133.0,0.51,1142.94,0.6,230.0,0.5,2225.88,0.61,490.7
2026-01-07 11:00:42.088000+00:00,2026-01-07 11:00:39.686749+00:00,42.088,0.435,0.43,0.44,0.565,0.56,0.57,11.62,262.0,323.0,11.62,0.42,40.0,0.45,226.09,0.41,63.0,0.46,318.0,0.4,250.0,0.47,369.0,0.39,267.7,0.48,2853.87,0.38,440.0,0.49,707.94,0.55,161.09,0.58,5.0,0.54,419.0,0.59,482.0,0.53,369.0,0.6,100.0,0.52,2853.87,0.61,51.7,0.51,707.94,0.62,419.99
2026-01-07 11:00:43.221000+00:00,2026-01-07 11:00:40.706685+00:00,43.221,0.415,0.41,0.42,0.595,0.59,0.6,33.0,594.0,207.0,56.0,0.4,80.0,0.43,344.0,0.39,10.0,0.44,599.0,0.38,36.0,0.45,442.09,0.37,46.0,0.46,459.0,0.36,75.0,0.47,453.0,0.58,564.0,0.61,10.0,0.57,334.0,0.62,41.0,0.56,494.0,0.63,101.0,0.55,442.09,0.64,45.0,0.54,424.0,0.65,35.0
2026-01-07 11:00:44.169000+00:00,2026-01-07 11:00:41.732516+00:00,44.169,0.355,0.35,0.36,0.645,0.64,0.65,65.0,35.0,35.0,65.0,0.34,90.0,0.37,149.0,0.33,42.0,0.38,227.0,0.32,206.0,0.39,253.0,0.31,355.0,0.4,281.0,0.3,391.0,0.41,354.0,0.63,149.0,0.66,90.0,0.62,232.0,0.67,42.0,0.61,258.0,0.68,206.0,0.6,276.0,0.69,355.0,0.59,384.0,0.7,391.0
2026-01-07 11:00:45.168000+00:00,2026-01-07 11:00:42.738951+00:00,45.168,0.355,0.35,0.36,0.645,0.64,0.65,78.4,35.0,35.0,78.4,0.34,90.0,0.37,149.0,0.33,42.0,0.38,232.0,0.32,206.0,0.39,308.0,0.31,355.0,0.4,236.0,0.3,391.0,0.41,364.0,0.63,84.0,0.66,90.0,0.62,267.0,0.67,42.0,0.61,308.0,0.68,206.0,0.6,246.0,0.69,355.0,0.59,364.0,0.7,391.0
2026-01-07 11:00:46.193000+00:00,2026-01-07 11:00:43.744646+00:00,46.193,0.375,0.37,0.38,0.625,0.62,0.63,70.0,40.0,37.36,120.0,0.36,519.0,0.39,258.0,0.35,73.46,0.4,216.0,0.34,93.3,0.41,369.0,0.33,371.0,0.42,364.0,0.32,359.0,0.43,369.0,0.61,268.0,0.64,525.52,0.6,216.0,0.65,143.46,0.59,409.0,0.66,215.3,0.58,459.0,0.67,441.0,0.57,369.0,0.68,507.0
2026-01-07 11:00:47.954000+00:00,2026-01-07 11:00:45.737056+00:00,47.954,0.385,0.38,0.39,0.615,0.61,0.62,5.0,112.0,112.0,5.0,0.37,86.77,0.4,256.0,0.36,644.0,0.41,283.0,0.35,195.46,0.42,369.0,0.34,328.0,0.43,504.0,0.33,441.0,0.44,404.0,0.6,256.0,0.63,86.77,0.59,263.0,0.64,609.0,0.58,369.0,0.65,185.46,0.57,504.0,0.66,328.0,0.56,404.0,0.67,406.0
2026-01-07 11:00:49.187000+00:00,2026-01-07 11:00:46.744421+00:00,49.187,0.385,0.38,0.39,0.615,0.61,0.62,40.0,84.0,109.0,40.0,0.37,81.77,0.4,241.0,0.36,644.0,0.41,263.0,0.35,220.46,0.42,344.0,0.34,328.0,0.43,504.0,0.33,406.0,0.44,439.0,0.6,221.0,0.63,151.77,0.59,263.0,0.64,644.0,0.58,374.0,0.65,220.46,0.57,479.0,0.66,328.0,0.56,439.0,0.67,406.0
2026-01-07 11:00:50.165000+00:00,2026-01-07 11:00:47.749264+00:00,50.165,0.385,0.38,0.39,0.615,0.61,0.62,118.0,76.9,71.9,110.0,0.37,608.87,0.4,256.0,0.36,185.0,0.41,273.0,0.35,193.46,0.42,344.0,0.34,338.0,0.43,928.0,0.33,434.5,0.44,484.0,0.6,241.0,0.63,608.87,0.59,263.0,0.64,185.0,0.58,344.0,0.65,203.46,0.57,958.0,0.66,338.0,0.56,484.0,0.67,434.5
2026-01-07 11:00:51.196000+00:00,2026-01-07 11:00:48.755320+00:00,51.196,0.385,0.38,0.39,0.615,0.61,0.62,118.15,160.9,160.9,94.15,0.37,613.87,0.4,196.0,0.36,140.0,0.41,253.67,0.35,238.46,0.42,374.0,0.34,348.0,0.43,928.0,0.33,434.5,0.44,483.0,0.6,196.0,0.63,613.87,0.59,253.67,0.64,140.0,0.58,374.0,0.65,238.46,0.57,928.0,0.66,348.0,0.56,483.0,0.67,434.5
2026-01-07 11:00:52.184000+00:00,2026-01-07 11:00:49.774470+00:00,52.184,0.385,0.38,0.39,0.615,0.61,0.62,99.15,72.16,72.16,99.15,0.37,621.49,0.4,301.0,0.36,180.0,0.41,228.67,0.35,208.46,0.42,399.0,0.34,338.0,0.43,928.0,0.33,434.5,0.44,484.0,0.6,301.0,0.63,621.49,0.59,228.67,0.64,180.0,0.58,399.0,0.65,208.46,0.57,928.0,0.66,338.0,0.56,484.0,0.67,434.5
2026-01-07 11:00:53.215000+00:00,2026-01-07 11:00:50.786826+00:00,53.215,0.385,0.38,0.39,0.615,0.61,0.62,99.15,91.43,91.43,99.15,0.37,621.49,0.4,301.0,0.36,180.0,0.41,228.67,0.35,198.46,0.42,399.0,0.34,338.0,0.43,928.0,0.33,434.5,0.44,484.0,0.6,301.0,0.63,621.49,0.59,228.67,0.64,190.0,0.58,399.0,0.65,198.46,0.57,928.0,0.66,338.0,0.56,484.0,0.67,434.5
2026-01-07 11:00:54.217000+00:00,2026-01-07 11:00:51.809359+00:00,54.217,0.385,0.38,0.39,0.615,0.61,0.62,94.15,66.19,106.19,88.15,0.37,660.0,0.4,286.0,0.36,180.0,0.41,243.67,0.35,183.46,0.42,399.0,0.34,338.0,0.43,928.0,0.33,469.5,0.44,484.0,0.6,301.0,0.63,610.13,0.59,228.67,0.64,205.0,0.58,399.0,0.65,168.46,0.57,928.0,0.66,338.0,0.56,484.0,0.67,469.5
2026-01-07 11:00:55.246000+00:00,2026-01-07 11:00:52.815487+00:00,55.246,0.385,0.38,0.39,0.615,0.61,0.62,33.15,298.19,359.19,13.15,0.37,580.13,0.4,216.0,0.36,175.0,0.41,228.67,0.35,153.46,0.42,369.0,0.34,383.0,0.43,928.0,0.33,519.5,0.44,484.0,0.6,216.0,0.63,580.13,0.59,328.67,0.64,175.0,0.58,439.0,0.65,153.46,0.57,928.0,0.66,200.0,0.56,484.0,0.67,519.5
2026-01-07 11:00:56.087000+00:00,2026-01-07 11:00:53.828300+00:00,56.087,0.375,0.37,0.38,0.625,0.62,0.63,535.13,58.0,58.0,535.13,0.36,175.0,0.39,324.19,0.35,163.46,0.4,216.0,0.34,190.0,0.41,328.67,0.33,519.5,0.42,439.0,0.32,394.0,0.43,928.0,0.61,324.19,0.64,175.0,0.6,216.0,0.65,163.46,0.59,328.67,0.66,190.0,0.58,439.0,0.67,519.5,0.57,928.0,0.68,394.0
2026-01-07 11:00:57.196000+00:00,2026-01-07 11:00:54.835446+00:00,57.196,0.375,0.37,0.38,0.625,0.62,0.63,535.13,47.36,57.36,535.13,0.36,175.0,0.39,329.19,0.35,163.46,0.4,216.0,0.34,190.0,0.41,298.67,0.33,519.5,0.42,439.0,0.32,394.0,0.43,928.0,0.61,329.19,0.64,175.0,0.6,216.0,0.65,163.46,0.59,298.67,0.66,190.0,0.58,469.0,0.67,519.5,0.57,928.0,0.68,394.0
2026-01-07 11:00:58.950000+00:00,2026-01-07 11:00:56.835668+00:00,58.95,0.375,0.37,0.38,0.625,0.62,0.63,403.28,225.09,225.09,403.28,0.36,50.0,0.39,434.19,0.35,178.46,0.4,261.0,0.34,200.0,0.41,323.67,0.33,519.5,0.42,469.0,0.32,429.0,0.43,479.0,0.61,434.19,0.64,50.0,0.6,261.0,0.65,178.46,0.59,323.67,0.66,200.0,0.58,469.0,0.67,519.5,0.57,479.0,0.68,429.0
2026-01-07 11:01:00.237000+00:00,2026-01-07 11:00:57.842446+00:00,60.237,0.375,0.37,0.38,0.625,0.62,0.63,403.28,225.09,225.09,403.28,0.36,130.0,0.39,434.19,0.35,128.46,0.4,261.0,0.34,200.0,0.41,444.67,0.33,519.5,0.42,469.0,0.32,429.0,0.43,474.0,0.61,434.19,0.64,130.0,0.6,261.0,0.65,128.46,0.59,444.67,0.66,200.0,0.58,469.0,0.67,514.5,0.57,474.0,0.68,429.0
2026-01-07 11:01:01.231000+00:00,2026-01-07 11:00:58.848763+00:00,61.231,0.375,0.37,0.38,0.625,0.62,0.63,403.28,225.09,225.09,403.28,0.36,130.0,0.39,434.19,0.35,128.46,0.4,261.0,0.34,200.0,0.41,450.92,0.33,215.5,0.42,469.0,0.32,429.0,0.43,474.0,0.61,434.19,0.64,200.0,0.6,261.0,0.65,128.46,0.59,450.92,0.66,200.0,0.58,469.0,0.67,215.5,0.57,474.0,0.68,429.0
2026-01-07 11:01:02.266000+00:00,2026-01-07 11:00:59.871336+00:00,62.266,0.375,0.37,0.38,0.625,0.62,0.63,403.28,245.09,245.09,403.28,0.36,200.0,0.39,434.19,0.35,128.46,0.4,261.0,0.34,200.0,0.41,450.92,0.33,215.5,0.42,918.0,0.32,429.0,0.43,474.0,0.61,434.19,0.64,200.0,0.6,261.0,0.65,128.46,0.59,450.92,0.66,200.0,0.58,918.0,0.67,215.5,0.57,474.0,0.68,429.0
2026-01-07 11:01:03.064000+00:00,2026-01-07 11:01:00.873258+00:00,63.064,0.375,0.37,0.38,0.625,0.62,0.63,425.66,130.09,130.09,425.66,0.36,195.0,0.39,434.19,0.35,153.46,0.4,261.0,0.34,200.0,0.41,450.92,0.33,215.5,0.42,918.0,0.32,394.0,0.43,474.0,0.61,434.19,0.64,195.0,0.6,261.0,0.65,153.46,0.59,450.92,0.66,200.0,0.58,918.0,0.67,215.5,0.57,474.0,0.68,394.0
2026-01-07 11:01:04.028000+00:00,2026-01-07 11:01:01.878696+00:00,64.028,0.375,0.37,0.38,0.625,0.62,0.63,425.66,130.09,130.09,425.66,0.36,205.0,0.39,434.19,0.35,183.46,0.4,261.0,0.34,180.0,0.41,450.92,0.33,195.5,0.42,918.0,0.32,394.0,0.43,474.0,0.61,434.19,0.64,205.0,0.6,261.0,0.65,183.46,0.59,450.92,0.66,180.0,0.58,918.0,0.67,195.5,0.57,474.0,0.68,394.0
2026-01-07 11:01:05.218000+00:00,2026-01-07 11:01:02.896577+00:00,65.218,0.375,0.37,0.38,0.625,0.62,0.63,425.66,116.93,116.93,425.66,0.36,200.0,0.39,434.19,0.35,183.46,0.4,261.0,0.34,180.0,0.41,450.92,0.33,195.5,0.42,918.0,0.32,394.0,0.43,474.0,0.61,434.19,0.64,200.0,0.6,261.0,0.65,183.46,0.59,450.92,0.66,180.0,0.58,918.0,0.67,195.5,0.57,474.0,0.68,394.0
2026-01-07 11:01:06.323000+00:00,2026-01-07 11:01:03.902280+00:00,66.323,0.375,0.37,0.38,0.625,0.62,0.63,563.57,81.93,81.93,548.57,0.36,135.0,0.39,374.19,0.35,188.46,0.4,341.0,0.34,200.0,0.41,450.92,0.33,165.5,0.42,918.0,0.32,394.0,0.43,474.0,0.61,374.19,0.64,150.0,0.6,346.0,0.65,173.46,0.59,450.92,0.66,200.0,0.58,918.0,0.67,165.5,0.57,474.0,0.68,394.0
2026-01-07 11:01:07.348000+00:00,2026-01-07 11:01:04.912925+00:00,67.348,0.405,0.4,0.41,0.595,0.59,0.6,30.0,11.92,11.92,121.0,0.39,160.0,0.42,5.0,0.38,548.0,0.43,35.0,0.37,500.42,0.45,9.09,0.36,424.0,0.47,233.0,0.35,407.46,0.48,2403.87,0.58,5.0,0.61,343.0,0.57,35.0,0.62,580.0,0.55,9.09,0.63,500.42,0.53,233.0,0.64,424.0,0.52,2483.87,0.65,407.46
2026-01-07 11:01:08.462000+00:00,2026-01-07 11:01:05.920744+00:00,68.462,0.46499999999999997,0.46,0.47,0.535,0.53,0.54,21.81,253.0,248.0,101.8,0.45,10.0,0.48,2297.87,0.44,196.0,0.49,535.94,0.43,188.0,0.5,2150.88,0.42,399.0,0.51,538.81,0.41,372.08,0.52,339.0,0.52,2317.87,0.55,45.0,0.51,500.94,0.56,181.0,0.5,2155.88,0.57,203.0,0.49,538.81,0.58,429.0,0.48,304.0,0.59,403.08
2026-01-07 11:01:09.345000+00:00,2026-01-07 11:01:06.912077+00:00,69.345,0.475,0.47,0.48,0.525,0.52,0.53,298.0,2024.87,1994.87,298.0,0.46,298.0,0.49,166.94,0.45,394.0,0.5,1806.88,0.44,247.0,0.51,324.81,0.43,322.9,0.52,50.0,0.42,419.0,0.53,647.0,0.51,166.94,0.54,298.0,0.5,1806.88,0.55,394.0,0.49,324.81,0.56,247.0,0.48,50.0,0.57,322.9,0.47,647.0,0.58,359.0
2026-01-07 11:01:10.348000+00:00,2026-01-07 11:01:07.919369+00:00,70.348,0.475,0.47,0.48,0.525,0.52,0.53,298.0,1923.13,1908.13,298.0,0.46,268.0,0.49,206.94,0.45,384.0,0.5,1876.88,0.44,297.0,0.51,244.81,0.43,324.0,0.52,35.0,0.42,419.0,0.53,677.0,0.51,206.94,0.54,268.0,0.5,1876.88,0.55,384.0,0.49,244.81,0.56,297.0,0.48,35.0,0.57,324.0,0.47,677.0,0.58,419.0
2026-01-07 11:01:11.004000+00:00,2026-01-07 11:01:08.927378+00:00,71.004,0.475,0.47,0.48,0.525,0.52,0.53,288.0,1908.13,1913.13,288.0,0.46,268.0,0.49,221.94,0.45,359.0,0.5,1856.88,0.44,310.0,0.51,244.81,0.43,334.0,0.52,35.0,0.42,419.0,0.53,677.0,0.51,216.94,0.54,338.0,0.5,1926.88,0.55,439.0,0.49,314.81,0.56,380.0,0.48,227.0,0.57,404.0,0.47,747.0,0.58,489.0
2026-01-07 11:01:12.351000+00:00,2026-01-07 11:01:09.933055+00:00,72.351,0.475,0.47,0.48,0.525,0.52,0.53,115.0,1913.13,1888.13,145.0,0.46,343.0,0.49,216.94,0.45,459.0,0.5,1926.88,0.44,445.7,0.51,314.81,0.43,394.0,0.52,288.0,0.42,429.0,0.53,747.0,0.51,206.94,0.54,323.0,0.5,1876.88,0.55,449.0,0.49,319.81,0.56,415.7,0.48,303.0,0.57,394.0,0.47,747.0,0.58,429.0
2026-01-07 11:01:13.305000+00:00,2026-01-07 11:01:10.971859+00:00,73.305,0.475,0.47,0.48,0.525,0.52,0.53,1018.0,1304.37,1296.41,1018.0,0.46,552.7,0.49,171.94,0.45,419.0,0.5,1836.88,0.44,337.0,0.51,254.81,0.43,374.0,0.52,135.0,0.42,444.0,0.53,105.0,0.51,171.94,0.54,552.7,0.5,1836.88,0.55,419.0,0.49,254.81,0.56,337.0,0.48,135.0,0.57,374.0,0.47,105.0,0.58,444.0
2026-01-07 11:01:14.413000+00:00,2026-01-07 11:01:11.978255+00:00,74.413,0.475,0.47,0.48,0.525,0.52,0.53,599.0,533.82,533.82,599.0,0.46,537.7,0.49,171.94,0.45,399.0,0.5,1806.88,0.44,337.0,0.51,199.81,0.43,374.0,0.52,85.0,0.42,449.0,0.53,5.0,0.51,171.94,0.54,537.7,0.5,1806.88,0.55,399.0,0.49,199.81,0.56,337.0,0.48,85.0,0.57,374.0,0.47,5.0,0.58,449.0
2026-01-07 11:01:15.429000+00:00,2026-01-07 11:01:13.000965+00:00,75.429,0.475,0.47,0.48,0.525,0.52,0.53,599.0,406.44,406.44,599.0,0.46,530.0,0.49,171.94,0.45,399.0,0.5,1806.88,0.44,337.0,0.51,199.81,0.43,374.0,0.52,85.0,0.42,444.0,0.53,5.0,0.51,171.94,0.54,530.0,0.5,1806.88,0.55,399.0,0.49,199.81,0.56,337.0,0.48,75.0,0.57,379.0,0.47,5.0,0.58,444.0
2026-01-07 11:01:16.356000+00:00,2026-01-07 11:01:14.005469+00:00,76.356,0.475,0.47,0.48,0.525,0.52,0.53,527.84,352.33,352.33,527.84,0.46,510.0,0.49,256.94,0.45,449.0,0.5,1876.88,0.44,357.0,0.51,269.81,0.43,374.0,0.52,70.0,0.42,449.0,0.53,75.0,0.51,256.94,0.54,510.0,0.5,1876.88,0.55,449.0,0.49,269.81,0.56,357.0,0.48,70.0,0.57,374.0,0.47,75.0,0.58,449.0
2026-01-07 11:01:17.453000+00:00,2026-01-07 11:01:15.012300+00:00,77.453,0.475,0.47,0.48,0.525,0.52,0.53,527.84,350.24,350.24,527.84,0.46,515.0,0.49,256.94,0.45,449.0,0.5,1876.88,0.44,357.0,0.51,269.81,0.43,389.0,0.52,70.0,0.42,444.0,0.53,75.0,0.51,256.94,0.54,515.0,0.5,1876.88,0.55,449.0,0.49,269.81,0.56,357.0,0.48,70.0,0.57,389.0,0.47,75.0,0.58,444.0
2026-01-07 11:01:18.454000+00:00,2026-01-07 11:01:16.019815+00:00,78.454,0.475,0.47,0.48,0.525,0.52,0.53,527.84,321.4,321.4,542.84,0.46,510.0,0.49,256.94,0.45,449.0,0.5,1876.88,0.44,357.0,0.51,269.81,0.43,389.0,0.52,70.0,0.42,444.0,0.53,75.0,0.51,226.94,0.54,520.0,0.5,1906.88,0.55,439.0,0.49,269.81,0.56,367.0,0.48,70.0,0.57,379.0,0.47,75.0,0.58,444.0
2026-01-07 11:01:19.520000+00:00,2026-01-07 11:01:17.043407+00:00,79.52,0.485,0.48,0.49,0.515,0.51,0.52,65.0,186.94,186.94,80.0,0.47,537.84,0.5,1906.88,0.46,507.0,0.51,269.81,0.45,464.0,0.52,70.0,0.44,367.0,0.53,75.0,0.43,344.0,0.54,182.6,0.5,1876.88,0.53,537.84,0.49,199.81,0.54,454.0,0.47,124.99,0.55,464.0,0.46,102.6,0.56,367.0,0.45,330.04,0.57,344.0
2026-01-07 11:01:20.499000+00:00,2026-01-07 11:01:18.064808+00:00,80.499,0.495,0.49,0.5,0.505,0.5,0.51,30.0,1876.88,1876.88,166.0,0.48,583.9,0.51,219.81,0.47,497.84,0.53,75.0,0.46,489.0,0.54,102.6,0.45,419.0,0.55,197.04,0.44,302.0,0.56,135.0,0.49,219.81,0.52,504.0,0.47,5.0,0.53,532.84,0.46,102.6,0.54,489.0,0.45,117.05,0.55,454.0,0.44,149.99,0.56,302.0
2026-01-07 11:01:21.461000+00:00,2026-01-07 11:01:19.071479+00:00,81.461,0.495,0.49,0.5,0.505,0.5,0.51,201.02,240.98,179.98,150.02,0.48,80.0,0.51,199.81,0.47,492.84,0.53,50.0,0.46,404.0,0.54,52.6,0.45,389.0,0.55,47.05,0.44,287.0,0.57,114.99,0.49,199.81,0.52,80.0,0.47,90.0,0.53,492.84,0.46,32.6,0.54,404.0,0.45,47.05,0.55,389.0,0.43,114.99,0.56,287.0
2026-01-07 11:01:22.390000+00:00,2026-01-07 11:01:20.076089+00:00,82.39,0.505,0.5,0.51,0.495,0.49,0.5,160.0,148.79,148.79,145.0,0.49,120.02,0.52,65.0,0.48,120.0,0.53,25.0,0.47,457.84,0.54,32.6,0.46,419.0,0.55,47.05,0.45,389.0,0.57,114.99,0.48,65.0,0.51,120.02,0.47,25.0,0.52,120.0,0.46,32.6,0.53,457.84,0.45,47.05,0.54,419.0,0.43,114.99,0.55,389.0
2026-01-07 11:01:23.517000+00:00,2026-01-07 11:01:21.078701+00:00,83.517,0.515,0.51,0.52,0.485,0.48,0.49,20.75,70.0,70.0,165.75,0.5,288.0,0.53,5.0,0.49,419.52,0.54,32.6,0.48,211.41,0.55,47.05,0.47,437.84,0.56,45.0,0.46,409.0,0.57,100.0,0.47,5.0,0.5,248.0,0.46,32.6,0.51,459.52,0.45,47.05,0.52,211.41,0.44,80.0,0.53,437.84,0.43,65.0,0.54,409.0
2026-01-07 11:01:24.523000+00:00,2026-01-07 11:01:22.086115+00:00,84.523,0.525,0.52,0.53,0.475,0.47,0.48,612.0,5.0,5.0,587.0,0.51,231.75,0.54,102.6,0.5,253.0,0.55,117.05,0.49,499.52,0.57,30.0,0.48,323.41,0.58,105.0,0.47,427.84,0.59,101.14,0.46,32.6,0.49,231.75,0.45,47.05,0.5,263.0,0.44,20.0,0.51,509.52,0.43,60.0,0.52,323.41,0.42,70.0,0.53,427.84
2026-01-07 11:01:25.539000+00:00,2026-01-07 11:01:23.106928+00:00,85.539,0.575,0.57,0.58,0.425,0.42,0.43,35.0,115.0,115.0,25.0,0.56,43.07,0.59,135.0,0.55,99.0,0.6,247.72,0.54,35.0,0.61,896.85,0.53,82.0,0.62,409.0,0.52,519.0,0.63,409.0,0.41,135.0,0.44,43.07,0.4,247.72,0.45,99.0,0.39,896.85,0.46,35.0,0.38,409.0,0.47,82.0,0.37,409.0,0.48,519.0
2026-01-07 11:01:26.557000+00:00,2026-01-07 11:01:24.114728+00:00,86.557,0.565,0.56,0.57,0.43,0.42,0.44,48.07,5.0,124.76,63.07,0.55,94.0,0.58,112.82,0.54,278.0,0.59,140.0,0.53,290.0,0.6,247.72,0.52,793.0,0.61,775.85,0.51,277.75,0.62,409.0,0.41,145.0,0.45,94.0,0.4,247.72,0.46,278.0,0.39,775.85,0.47,300.0,0.38,409.0,0.48,793.0,0.37,409.0,0.49,272.75
2026-01-07 11:01:27.555000+00:00,2026-01-07 11:01:25.116957+00:00,87.555,0.5700000000000001,0.56,0.58,0.43,0.42,0.44,63.29,86.79,121.79,63.29,0.55,144.0,0.59,159.99,0.54,283.0,0.6,247.72,0.53,260.0,0.61,775.85,0.52,783.0,0.62,458.0,0.51,272.75,0.63,409.0,0.41,134.99,0.45,144.0,0.4,272.72,0.46,248.0,0.39,775.85,0.47,260.0,0.38,458.0,0.48,783.0,0.37,374.0,0.49,272.75
2026-01-07 11:01:28.542000+00:00,2026-01-07 11:01:26.111254+00:00,88.542,0.575,0.57,0.58,0.425,0.42,0.43,67.65,55.0,170.0,22.03,0.56,70.0,0.59,264.97,0.55,219.0,0.6,272.72,0.54,343.0,0.61,775.85,0.53,330.0,0.62,458.0,0.52,404.0,0.63,374.0,0.41,180.0,0.44,70.0,0.4,257.72,0.45,219.0,0.39,775.85,0.46,343.0,0.38,458.0,0.47,330.0,0.37,374.0,0.48,404.0
2026-01-07 11:01:29.518000+00:00,2026-01-07 11:01:27.114371+00:00,89.518,0.575,0.57,0.58,0.425,0.42,0.43,2.03,152.82,152.82,2.03,0.56,70.0,0.59,194.99,0.55,184.0,0.6,460.72,0.54,150.0,0.61,775.85,0.53,330.0,0.62,458.0,0.52,283.0,0.63,374.0,0.41,194.99,0.44,105.0,0.4,460.72,0.45,194.0,0.39,775.85,0.46,150.0,0.38,458.0,0.47,330.0,0.37,374.0,0.48,283.0
2026-01-07 11:01:30.551000+00:00,2026-01-07 11:01:28.121480+00:00,90.551,0.565,0.56,0.57,0.445,0.44,0.45,5.0,40.0,15.0,54.0,0.55,54.0,0.58,378.0,0.54,5.0,0.59,414.0,0.53,60.0,0.6,990.72,0.52,175.0,0.61,417.85,0.51,220.75,0.62,463.0,0.43,65.0,0.46,5.0,0.42,363.0,0.47,45.0,0.41,479.0,0.48,175.0,0.4,995.72,0.49,220.75,0.39,417.85,0.5,437.5
2026-01-07 11:01:31.538000+00:00,2026-01-07 11:01:29.127132+00:00,91.538,0.54,0.53,0.55,0.45999999999999996,0.45,0.47,65.0,144.99,144.99,65.0,0.52,169.0,0.56,189.99,0.51,110.75,0.57,253.0,0.5,368.0,0.58,369.0,0.49,358.0,0.59,479.0,0.48,469.82,0.6,1009.72,0.44,179.99,0.48,169.0,0.43,253.0,0.49,120.75,0.42,369.0,0.5,358.0,0.41,479.0,0.51,358.0,0.4,1009.72,0.52,469.82
2026-01-07 11:01:32.291000+00:00,2026-01-07 11:01:30.132422+00:00,92.291,0.535,0.53,0.54,0.46499999999999997,0.46,0.47,65.0,7.47,7.47,65.0,0.52,169.0,0.55,189.99,0.51,120.75,0.56,149.99,0.5,358.0,0.57,253.0,0.49,358.0,0.58,369.0,0.48,469.82,0.59,474.0,0.45,189.99,0.48,169.0,0.44,149.99,0.49,120.75,0.43,253.0,0.5,358.0,0.42,369.0,0.51,358.0,0.41,474.0,0.52,480.72
2026-01-07 11:01:33.460000+00:00,2026-01-07 11:01:31.141473+00:00,93.46,0.535,0.53,0.54,0.46499999999999997,0.46,0.47,65.0,7.47,7.47,65.0,0.52,169.0,0.55,189.99,0.51,120.75,0.56,119.99,0.5,358.0,0.57,283.0,0.49,358.0,0.58,369.0,0.48,480.72,0.59,474.0,0.45,189.99,0.48,169.0,0.44,119.99,0.49,120.75,0.43,283.0,0.5,358.0,0.42,369.0,0.51,358.0,0.41,474.0,0.52,480.72
2026-01-07 11:01:34.568000+00:00,2026-01-07 11:01:32.132802+00:00,94.568,0.535,0.53,0.54,0.46499999999999997,0.46,0.47,140.0,7.47,7.47,277.0,0.52,139.0,0.55,40.0,0.51,638.75,0.56,120.0,0.5,278.0,0.57,393.0,0.49,358.0,0.58,468.99,0.48,480.72,0.59,459.0,0.45,5.0,0.48,703.0,0.43,218.0,0.49,363.75,0.42,354.0,0.5,399.0,0.41,469.0,0.51,479.0,0.4,590.72,0.52,480.72
2026-01-07 11:01:35.573000+00:00,2026-01-07 11:01:33.140309+00:00,95.573,0.565,0.56,0.57,0.435,0.43,0.44,5.18,125.0,190.0,5.18,0.55,30.0,0.58,129.99,0.54,110.0,0.59,165.0,0.53,378.0,0.6,595.72,0.52,774.0,0.61,417.85,0.51,394.75,0.62,409.0,0.42,109.99,0.46,70.0,0.41,115.0,0.47,408.0,0.4,595.72,0.48,804.0,0.39,417.85,0.49,394.75,0.38,409.0,0.5,399.0
2026-01-07 11:01:36.571000+00:00,2026-01-07 11:01:34.146050+00:00,96.571,0.565,0.56,0.57,0.44,0.43,0.45,0.7,113.08,95.0,30.52,0.55,35.0,0.58,95.0,0.54,125.0,0.59,115.0,0.53,308.0,0.6,595.72,0.52,809.0,0.61,447.85,0.51,444.75,0.62,409.0,0.42,95.0,0.46,125.0,0.41,115.0,0.47,308.0,0.4,595.72,0.48,809.0,0.39,447.85,0.49,444.75,0.38,409.0,0.5,419.0
2026-01-07 11:01:37.499000+00:00,2026-01-07 11:01:35.151085+00:00,97.499,0.555,0.55,0.56,0.445,0.44,0.45,50.0,24.98,24.98,50.0,0.54,150.0,0.57,155.0,0.53,363.0,0.58,89.99,0.52,814.0,0.59,140.0,0.51,394.75,0.6,595.72,0.5,399.0,0.61,447.85,0.43,155.0,0.46,150.0,0.42,89.99,0.47,363.0,0.41,140.0,0.48,814.0,0.4,595.72,0.49,394.75,0.39,447.85,0.5,399.0
2026-01-07 11:01:38.447000+00:00,2026-01-07 11:01:36.155771+00:00,98.447,0.555,0.55,0.56,0.445,0.44,0.45,70.0,25.98,15.98,70.0,0.54,175.0,0.57,140.0,0.53,323.0,0.58,99.99,0.52,794.0,0.59,165.0,0.51,394.75,0.6,625.72,0.5,399.0,0.61,417.85,0.43,155.0,0.46,175.0,0.42,119.99,0.47,323.0,0.41,165.0,0.48,345.0,0.4,625.72,0.49,394.75,0.39,866.85,0.5,399.0
2026-01-07 11:01:39.376000+00:00,2026-01-07 11:01:37.159193+00:00,99.376,0.555,0.55,0.56,0.445,0.44,0.45,65.0,15.98,45.98,35.0,0.54,175.0,0.57,145.0,0.53,323.0,0.58,194.99,0.52,345.0,0.59,165.0,0.51,394.75,0.6,625.72,0.5,399.0,0.61,866.85,0.43,145.0,0.46,175.0,0.42,194.99,0.47,323.0,0.41,140.0,0.48,345.0,0.4,625.72,0.49,394.75,0.39,866.85,0.5,399.0
2026-01-07 11:01:40.524000+00:00,2026-01-07 11:01:38.164974+00:00,100.524,0.555,0.55,0.56,0.445,0.44,0.45,50.0,10.62,10.62,50.0,0.54,185.0,0.57,235.0,0.53,333.0,0.58,189.99,0.52,345.0,0.59,140.0,0.51,394.75,0.6,625.72,0.5,399.0,0.61,866.85,0.43,235.0,0.46,185.0,0.42,189.99,0.47,333.0,0.41,140.0,0.48,345.0,0.4,625.72,0.49,394.75,0.39,866.85,0.5,399.0
2026-01-07 11:01:41.621000+00:00,2026-01-07 11:01:39.186156+00:00,101.621,0.565,0.56,0.57,0.435,0.43,0.44,105.0,117.23,117.23,142.04,0.55,50.0,0.58,180.0,0.54,201.0,0.59,210.0,0.53,313.0,0.6,655.72,0.52,297.0,0.61,866.85,0.51,394.75,0.62,374.0,0.42,170.0,0.45,40.0,0.41,195.0,0.46,181.0,0.4,675.72,0.47,313.0,0.39,866.85,0.48,297.0,0.38,374.0,0.49,394.75
2026-01-07 11:01:42.639000+00:00,2026-01-07 11:01:40.192607+00:00,102.639,0.545,0.54,0.55,0.455,0.45,0.46,434.0,23.96,23.96,419.64,0.53,313.0,0.56,5.0,0.52,267.0,0.57,33.07,0.51,394.75,0.58,180.0,0.5,399.0,0.59,140.0,0.49,479.0,0.6,297.71,0.44,15.0,0.47,762.0,0.43,93.07,0.48,267.0,0.42,185.0,0.49,394.75,0.41,155.0,0.5,399.0,0.4,272.72,0.51,479.0
2026-01-07 11:01:43.638000+00:00,2026-01-07 11:01:41.211921+00:00,103.638,0.545,0.54,0.55,0.455,0.45,0.46,345.48,4.16,4.16,330.48,0.53,809.0,0.56,15.0,0.52,267.0,0.57,103.07,0.51,394.75,0.58,185.0,0.5,399.0,0.59,155.0,0.49,479.0,0.6,252.72,0.44,15.0,0.47,809.0,0.43,103.07,0.48,267.0,0.42,185.0,0.49,394.75,0.41,155.0,0.5,399.0,0.4,252.72,0.51,479.0
2026-01-07 11:01:44.651000+00:00,2026-01-07 11:01:42.217522+00:00,104.651,0.545,0.54,0.55,0.445,0.44,0.45,367.21,2.16,13.04,30.0,0.53,809.0,0.56,15.0,0.52,267.0,0.57,103.07,0.51,400.85,0.58,185.0,0.5,399.0,0.59,155.0,0.49,479.0,0.6,252.72,0.43,103.07,0.46,367.21,0.42,185.0,0.47,809.0,0.41,155.0,0.48,267.0,0.4,252.72,0.49,400.85,0.39,745.85,0.5,399.0
2026-01-07 11:01:45.552000+00:00,2026-01-07 11:01:43.226357+00:00,105.552,0.555,0.55,0.56,0.445,0.44,0.45,110.0,10.0,10.0,110.0,0.54,322.21,0.57,113.07,0.53,829.0,0.58,185.0,0.52,297.0,0.59,155.0,0.51,400.85,0.6,252.72,0.5,419.0,0.61,745.85,0.43,113.07,0.46,322.21,0.42,185.0,0.47,829.0,0.41,155.0,0.48,297.0,0.4,252.72,0.49,400.85,0.39,745.85,0.5,419.0
2026-01-07 11:01:46.705000+00:00,2026-01-07 11:01:44.230479+00:00,106.705,0.555,0.55,0.56,0.445,0.44,0.45,69.89,5.0,5.0,84.89,0.54,322.21,0.57,118.07,0.53,829.0,0.58,185.0,0.52,297.0,0.59,175.0,0.51,400.85,0.6,252.72,0.5,419.0,0.61,745.85,0.43,118.07,0.46,322.21,0.42,185.0,0.47,829.0,0.41,175.0,0.48,297.0,0.4,252.72,0.49,400.85,0.39,745.85,0.5,419.0
2026-01-07 11:01:47.557000+00:00,2026-01-07 11:01:45.231291+00:00,107.557,0.555,0.55,0.56,0.445,0.44,0.45,64.89,27.72,27.72,64.89,0.54,292.21,0.57,85.0,0.53,410.0,0.58,210.0,0.52,297.0,0.59,150.0,0.51,400.85,0.6,252.72,0.5,419.0,0.61,745.85,0.43,85.0,0.46,292.21,0.42,210.0,0.47,410.0,0.41,150.0,0.48,297.0,0.4,252.72,0.49,400.85,0.39,745.85,0.5,419.0
2026-01-07 11:01:48.648000+00:00,2026-01-07 11:01:46.240203+00:00,108.648,0.555,0.55,0.56,0.445,0.44,0.45,30.0,32.72,32.72,30.0,0.54,317.21,0.57,215.0,0.53,400.0,0.58,110.0,0.52,297.0,0.59,205.0,0.51,420.85,0.6,222.72,0.5,419.0,0.61,745.85,0.43,200.0,0.46,317.21,0.42,110.0,0.47,400.0,0.41,205.0,0.48,297.0,0.4,222.72,0.49,420.85,0.39,745.85,0.5,419.0
2026-01-07 11:01:49.501000+00:00,2026-01-07 11:01:47.243441+00:00,109.501,0.555,0.55,0.56,0.445,0.44,0.45,30.0,29.74,28.55,30.0,0.54,317.21,0.57,226.62,0.53,400.0,0.58,124.99,0.52,297.0,0.59,239.0,0.51,414.75,0.6,222.72,0.5,419.0,0.61,745.85,0.43,226.62,0.46,317.21,0.42,124.99,0.47,353.0,0.41,239.0,0.48,345.0,0.4,222.72,0.49,414.75,0.39,745.85,0.5,419.0
2026-01-07 11:01:50.682000+00:00,2026-01-07 11:01:48.250432+00:00,110.682,0.525,0.52,0.53,0.475,0.47,0.48,30.0,18.81,83.81,30.0,0.51,469.75,0.54,45.0,0.5,248.0,0.55,224.99,0.49,426.64,0.56,330.55,0.48,525.23,0.57,334.62,0.47,546.64,0.58,918.0,0.46,135.0,0.49,469.75,0.45,204.99,0.5,248.0,0.44,416.55,0.51,436.64,0.43,334.62,0.52,505.23,0.42,853.0,0.53,536.64
2026-01-07 11:01:51.701000+00:00,2026-01-07 11:01:49.270536+00:00,111.701,0.535,0.53,0.54,0.46499999999999997,0.46,0.47,63.0,40.0,40.0,45.0,0.52,184.0,0.55,70.0,0.51,266.75,0.56,164.91,0.5,238.0,0.57,374.61,0.49,534.28,0.58,918.0,0.48,410.23,0.59,409.0,0.45,60.0,0.48,157.0,0.44,204.91,0.49,266.75,0.43,374.61,0.5,238.0,0.42,888.0,0.51,554.28,0.41,409.0,0.52,410.23
2026-01-07 11:01:52.720000+00:00,2026-01-07 11:01:50.277035+00:00,112.72,0.535,0.53,0.54,0.455,0.45,0.46,44.43,35.0,5.0,30.0,0.52,263.0,0.55,60.0,0.51,322.75,0.56,214.91,0.5,228.0,0.57,141.61,0.49,600.68,0.58,584.0,0.48,480.23,0.59,439.0,0.44,199.91,0.47,44.43,0.43,96.62,0.48,263.0,0.42,559.0,0.49,392.75,0.41,369.0,0.5,298.0,0.4,491.72,0.51,600.68
2026-01-07 11:01:53.719000+00:00,2026-01-07 11:01:51.285682+00:00,113.719,0.545,0.54,0.55,0.455,0.45,0.46,35.0,35.0,35.0,35.0,0.53,302.43,0.56,219.91,0.52,827.0,0.57,121.61,0.51,362.75,0.58,95.0,0.5,287.1,0.59,404.0,0.49,594.28,0.6,491.72,0.44,219.91,0.47,302.43,0.43,121.61,0.48,827.0,0.42,95.0,0.49,362.75,0.41,404.0,0.5,287.1,0.4,491.72,0.51,594.28
2026-01-07 11:01:54.733000+00:00,2026-01-07 11:01:52.305640+00:00,114.733,0.545,0.54,0.55,0.455,0.45,0.46,70.0,8.98,8.98,70.0,0.53,312.43,0.56,209.91,0.52,792.0,0.57,96.61,0.51,293.75,0.58,95.0,0.5,337.1,0.59,404.0,0.49,594.28,0.6,491.72,0.44,234.91,0.47,312.43,0.43,96.61,0.48,792.0,0.42,95.0,0.49,293.75,0.41,404.0,0.5,337.1,0.4,526.72,0.51,584.28
2026-01-07 11:01:55.745000+00:00,2026-01-07 11:01:53.314198+00:00,115.745,0.54,0.53,0.55,0.45999999999999996,0.45,0.47,188.17,196.7,162.78,188.17,0.52,807.0,0.56,144.91,0.51,333.75,0.57,161.61,0.5,337.1,0.58,135.0,0.49,594.28,0.59,474.0,0.48,480.23,0.6,491.72,0.44,189.91,0.48,807.0,0.43,116.62,0.49,333.75,0.42,135.0,0.5,287.1,0.41,474.0,0.51,594.28,0.4,491.72,0.52,480.23
2026-01-07 11:01:56.752000+00:00,2026-01-07 11:01:54.323353+00:00,116.752,0.545,0.54,0.55,0.455,0.45,0.46,30.0,36.7,36.7,30.0,0.53,124.43,0.56,234.91,0.52,614.0,0.57,211.61,0.51,362.75,0.58,135.0,0.5,278.0,0.59,474.0,0.49,603.28,0.6,491.72,0.44,234.91,0.47,124.43,0.43,211.61,0.48,644.0,0.42,135.0,0.49,362.75,0.41,474.0,0.5,278.0,0.4,491.72,0.51,603.28
2026-01-07 11:01:57.768000+00:00,2026-01-07 11:01:55.328501+00:00,117.768,0.545,0.54,0.55,0.455,0.45,0.46,30.0,36.7,36.7,55.0,0.53,129.43,0.56,214.91,0.52,195.0,0.57,231.61,0.51,362.75,0.58,135.0,0.5,278.0,0.59,474.0,0.49,603.28,0.6,940.72,0.44,214.91,0.47,129.43,0.43,231.61,0.48,195.0,0.42,135.0,0.49,362.75,0.41,474.0,0.5,278.0,0.4,940.72,0.51,603.28
2026-01-07 11:01:58.726000+00:00,2026-01-07 11:01:56.332474+00:00,118.726,0.545,0.54,0.55,0.455,0.45,0.46,30.0,27.61,27.61,30.0,0.53,129.43,0.56,234.91,0.52,205.0,0.57,211.61,0.51,352.75,0.58,135.0,0.5,278.0,0.59,444.0,0.49,603.28,0.6,970.72,0.44,234.91,0.47,129.43,0.43,211.61,0.48,205.0,0.42,135.0,0.49,352.75,0.41,444.0,0.5,278.0,0.4,970.72,0.51,603.28
2026-01-07 11:01:59.594000+00:00,2026-01-07 11:01:57.356958+00:00,119.594,0.54,0.53,0.55,0.45999999999999996,0.45,0.47,129.43,170.79,170.79,129.43,0.52,624.0,0.56,119.91,0.51,362.75,0.57,211.61,0.5,308.7,0.58,135.0,0.49,594.28,0.59,444.0,0.48,480.23,0.6,970.72,0.44,119.91,0.48,624.0,0.43,211.61,0.49,362.75,0.42,135.0,0.5,308.7,0.41,444.0,0.51,594.28,0.4,940.72,0.52,480.23
2026-01-07 11:02:00.795000+00:00,2026-01-07 11:01:58.361541+00:00,120.795,0.545,0.54,0.55,0.455,0.45,0.46,30.0,45.79,35.79,30.0,0.53,144.43,0.56,169.91,0.52,624.0,0.57,236.62,0.51,342.75,0.58,135.0,0.5,278.0,0.59,489.0,0.49,594.28,0.6,989.72,0.44,194.91,0.47,144.43,0.43,236.62,0.48,644.0,0.42,135.0,0.49,313.75,0.41,489.0,0.5,278.0,0.4,989.72,0.51,594.28
2026-01-07 11:02:01.756000+00:00,2026-01-07 11:01:59.366805+00:00,121.756,0.545,0.54,0.55,0.455,0.45,0.46,30.0,133.97,133.97,30.0,0.53,139.43,0.56,214.91,0.52,589.0,0.57,211.62,0.51,343.75,0.58,318.0,0.5,348.0,0.59,444.0,0.49,584.28,0.6,989.72,0.44,214.91,0.47,139.43,0.43,211.62,0.48,589.0,0.42,318.0,0.49,343.75,0.41,474.0,0.5,348.0,0.4,989.72,0.51,584.28
2026-01-07 11:02:02.822000+00:00,2026-01-07 11:02:00.385844+00:00,122.822,0.545,0.54,0.55,0.455,0.45,0.46,30.0,83.97,23.97,30.0,0.53,142.3,0.56,144.91,0.52,584.0,0.57,216.62,0.51,333.75,0.58,332.99,0.5,278.0,0.59,504.0,0.49,574.28,0.6,989.72,0.44,219.91,0.47,147.3,0.43,216.62,0.48,672.0,0.42,332.99,0.49,333.75,0.41,504.0,0.5,278.0,0.4,989.72,0.51,594.28
2026-01-07 11:02:03.794000+00:00,2026-01-07 11:02:01.393348+00:00,123.794,0.555,0.55,0.56,0.445,0.44,0.45,218.0,89.91,89.91,218.0,0.54,222.25,0.57,36.62,0.53,400.3,0.58,219.99,0.52,464.0,0.59,170.0,0.51,443.75,0.6,720.72,0.5,419.0,0.61,382.85,0.43,36.62,0.46,222.25,0.42,219.99,0.47,400.3,0.41,170.0,0.48,464.0,0.4,720.72,0.49,443.75,0.39,412.85,0.5,419.0
2026-01-07 11:02:04.782000+00:00,2026-01-07 11:02:02.398306+00:00,124.782,0.555,0.55,0.56,0.445,0.44,0.45,259.1,32.73,32.73,254.65,0.54,726.25,0.57,66.62,0.53,437.3,0.58,94.99,0.52,414.0,0.59,140.0,0.51,414.75,0.6,671.72,0.5,404.6,0.61,447.85,0.43,66.62,0.46,726.25,0.42,94.99,0.47,437.3,0.41,140.0,0.48,414.0,0.4,671.72,0.49,414.75,0.39,447.85,0.5,404.6
2026-01-07 11:02:05.837000+00:00,2026-01-07 11:02:03.400394+00:00,125.837,0.555,0.55,0.56,0.445,0.44,0.45,314.65,32.73,32.73,379.65,0.54,322.25,0.57,16.62,0.53,498.3,0.58,49.99,0.52,414.0,0.59,75.0,0.51,394.75,0.6,182.72,0.5,404.6,0.61,108.84,0.43,16.62,0.46,368.25,0.42,49.99,0.47,451.3,0.41,75.0,0.48,414.0,0.4,197.72,0.49,394.75,0.39,108.84,0.5,404.6
2026-01-07 11:02:06.811000+00:00,2026-01-07 11:02:04.403843+00:00,126.811,0.565,0.56,0.57,0.435,0.43,0.44,220.27,9.86,9.86,220.27,0.55,324.65,0.58,54.99,0.54,368.25,0.59,70.0,0.53,461.3,0.6,222.72,0.52,424.0,0.61,143.85,0.51,394.75,0.62,184.0,0.42,54.99,0.45,324.65,0.41,100.0,0.46,368.25,0.4,222.72,0.47,461.3,0.39,143.85,0.48,424.0,0.38,184.0,0.49,394.75
2026-01-07 11:02:07.819000+00:00,2026-01-07 11:02:05.407499+00:00,127.819,0.565,0.56,0.57,0.435,0.43,0.44,218.27,9.86,9.86,218.27,0.55,364.65,0.58,69.99,0.54,322.25,0.59,85.0,0.53,461.3,0.6,157.72,0.52,424.0,0.61,178.85,0.51,405.55,0.62,165.0,0.42,69.99,0.45,364.65,0.41,85.0,0.46,322.25,0.4,157.72,0.47,461.3,0.39,178.85,0.48,424.0,0.38,165.0,0.49,405.55
2026-01-07 11:02:08.430000+00:00,2026-01-07 11:02:06.427341+00:00,128.43,0.565,0.56,0.57,0.435,0.43,0.44,217.65,9.86,7.86,217.55,0.55,364.65,0.58,69.99,0.54,322.25,0.59,155.0,0.53,461.3,0.6,227.72,0.52,424.0,0.61,178.85,0.51,405.55,0.62,165.0,0.42,69.99,0.45,319.65,0.41,155.0,0.46,322.25,0.4,227.72,0.47,461.3,0.39,178.85,0.48,424.0,0.38,135.0,0.49,405.55
2026-01-07 11:02:09.785000+00:00,2026-01-07 11:02:07.447847+00:00,129.785,0.565,0.56,0.57,0.435,0.43,0.44,227.55,11.36,11.36,227.55,0.55,798.65,0.58,69.99,0.54,332.25,0.59,155.0,0.53,461.3,0.6,227.72,0.52,424.0,0.61,178.85,0.51,394.75,0.62,135.0,0.42,69.99,0.45,798.65,0.41,155.0,0.46,332.25,0.4,227.72,0.47,461.3,0.39,178.85,0.48,424.0,0.38,135.0,0.49,394.75
2026-01-07 11:02:10.871000+00:00,2026-01-07 11:02:08.457746+00:00,130.871,0.565,0.56,0.57,0.415,0.41,0.42,402.55,2.56,110.0,164.01,0.55,279.65,0.58,19.99,0.54,433.25,0.59,110.0,0.53,448.8,0.6,202.72,0.52,404.0,0.61,168.85,0.51,394.75,0.62,105.0,0.4,212.72,0.43,149.44,0.39,153.85,0.44,371.55,0.38,105.0,0.45,299.65,0.37,618.99,0.46,423.25,0.36,251.0,0.47,448.8
2026-01-07 11:02:11.754000+00:00,2026-01-07 11:02:09.476613+00:00,131.754,0.585,0.58,0.59,0.415,0.41,0.42,243.01,95.0,95.0,243.01,0.57,215.44,0.6,177.72,0.56,267.55,0.61,113.85,0.55,354.65,0.62,205.0,0.54,448.25,0.63,614.0,0.53,448.8,0.64,221.0,0.4,182.72,0.43,220.44,0.39,113.85,0.44,267.55,0.38,205.0,0.45,354.65,0.37,614.0,0.46,448.25,0.36,221.0,0.47,448.8
2026-01-07 11:02:12.912000+00:00,2026-01-07 11:02:10.498541+00:00,132.912,0.585,0.58,0.59,0.415,0.41,0.42,228.4,60.0,60.0,228.4,0.57,230.44,0.6,207.72,0.56,267.55,0.61,113.85,0.55,364.65,0.62,205.0,0.54,418.25,0.63,584.0,0.53,441.3,0.64,270.0,0.4,207.72,0.43,230.44,0.39,113.85,0.44,267.55,0.38,205.0,0.45,374.65,0.37,584.0,0.46,418.25,0.36,270.0,0.47,441.3
2026-01-07 11:02:13.932000+00:00,2026-01-07 11:02:11.505840+00:00,133.932,0.585,0.58,0.59,0.415,0.41,0.42,208.4,155.0,165.0,208.4,0.57,290.44,0.6,187.72,0.56,287.55,0.61,213.85,0.55,329.65,0.62,214.0,0.54,438.25,0.63,614.0,0.53,421.3,0.64,191.0,0.4,257.72,0.43,290.44,0.39,158.85,0.44,331.55,0.38,214.0,0.45,299.65,0.37,614.0,0.46,438.25,0.36,191.0,0.47,421.3
2026-01-07 11:02:14.940000+00:00,2026-01-07 11:02:12.527889+00:00,134.94,0.585,0.58,0.59,0.415,0.41,0.42,208.4,150.0,55.0,208.4,0.57,295.44,0.6,272.72,0.56,726.55,0.61,143.85,0.55,289.65,0.62,244.0,0.54,514.25,0.63,827.0,0.53,441.3,0.64,313.0,0.4,207.72,0.43,300.44,0.39,213.85,0.44,736.55,0.38,244.0,0.45,289.65,0.37,827.0,0.46,494.25,0.36,313.0,0.47,441.3
2026-01-07 11:02:15.851000+00:00,2026-01-07 11:02:13.533895+00:00,135.851,0.585,0.58,0.59,0.415,0.41,0.42,60.39,40.0,40.0,60.39,0.57,115.0,0.6,257.72,0.56,746.55,0.61,213.85,0.55,344.65,0.62,195.0,0.54,327.25,0.63,957.0,0.53,441.3,0.64,374.0,0.4,257.72,0.43,115.0,0.39,213.85,0.44,746.55,0.38,195.0,0.45,299.65,0.37,957.0,0.46,373.25,0.36,374.0,0.47,441.3
2026-01-07 11:02:16.881000+00:00,2026-01-07 11:02:14.538228+00:00,136.881,0.585,0.58,0.59,0.415,0.41,0.42,40.39,55.0,55.0,40.39,0.57,298.0,0.6,357.72,0.56,746.55,0.61,143.85,0.55,299.65,0.62,195.0,0.54,368.25,0.63,653.0,0.53,441.3,0.64,374.0,0.4,357.72,0.43,298.0,0.39,143.85,0.44,746.55,0.38,195.0,0.45,299.65,0.37,653.0,0.46,368.25,0.36,374.0,0.47,441.3
2026-01-07 11:02:17.971000+00:00,2026-01-07 11:02:15.559044+00:00,137.971,0.585,0.58,0.59,0.415,0.41,0.42,33.49,40.0,40.0,33.49,0.57,308.0,0.6,172.72,0.56,746.55,0.61,298.85,0.55,324.65,0.62,184.0,0.54,312.25,0.63,664.0,0.53,421.3,0.64,374.0,0.4,172.72,0.43,308.0,0.39,298.85,0.44,746.55,0.38,184.0,0.45,354.65,0.37,664.0,0.46,312.25,0.36,374.0,0.47,421.3
2026-01-07 11:02:18.922000+00:00,2026-01-07 11:02:16.562736+00:00,138.922,0.585,0.58,0.59,0.415,0.41,0.42,53.62,30.0,30.0,53.62,0.57,381.0,0.6,172.72,0.56,731.55,0.61,113.85,0.55,279.65,0.62,250.0,0.54,292.25,0.63,678.99,0.53,421.3,0.64,404.0,0.4,172.72,0.43,338.0,0.39,113.85,0.44,776.55,0.38,260.0,0.45,279.65,0.37,678.99,0.46,292.25,0.36,404.0,0.47,421.3
2026-01-07 11:02:19.897000+00:00,2026-01-07 11:02:17.552530+00:00,139.897,0.585,0.58,0.59,0.415,0.41,0.42,26.39,110.0,110.0,26.39,0.57,333.0,0.6,297.56,0.56,691.55,0.61,143.85,0.55,299.65,0.62,165.0,0.54,388.25,0.63,649.0,0.53,421.3,0.64,374.0,0.4,297.56,0.43,333.0,0.39,143.85,0.44,691.55,0.38,165.0,0.45,299.65,0.37,649.0,0.46,388.25,0.36,374.0,0.47,421.3
2026-01-07 11:02:20.912000+00:00,2026-01-07 11:02:18.572792+00:00,140.912,0.585,0.58,0.59,0.415,0.41,0.42,36.55,85.0,85.0,36.55,0.57,328.0,0.6,307.56,0.56,691.55,0.61,173.85,0.55,299.65,0.62,155.0,0.54,378.25,0.63,614.0,0.53,421.3,0.64,423.0,0.4,317.56,0.43,323.0,0.39,173.85,0.44,696.55,0.38,155.0,0.45,309.65,0.37,614.0,0.46,388.25,0.36,423.0,0.47,431.3
2026-01-07 11:02:22.035000+00:00,2026-01-07 11:02:19.595552+00:00,142.035,0.585,0.58,0.59,0.415,0.41,0.42,45.52,150.0,135.0,45.52,0.57,293.0,0.6,317.72,0.56,726.55,0.61,173.85,0.55,319.65,0.62,185.0,0.54,378.25,0.63,633.0,0.53,441.3,0.64,374.0,0.4,327.72,0.43,293.0,0.39,173.85,0.44,726.55,0.38,185.0,0.45,319.65,0.37,633.0,0.46,378.25,0.36,374.0,0.47,441.3
2026-01-07 11:02:23.001000+00:00,2026-01-07 11:02:20.602161+00:00,143.001,0.585,0.58,0.59,0.425,0.42,0.43,10.52,165.0,135.0,75.0,0.57,75.0,0.6,237.72,0.56,721.55,0.61,143.85,0.55,324.65,0.62,185.0,0.54,342.25,0.63,937.0,0.53,451.3,0.64,374.0,0.41,110.0,0.44,721.55,0.4,237.72,0.45,324.65,0.39,143.85,0.46,352.25,0.38,185.0,0.47,451.3,0.37,937.0,0.48,404.0
2026-01-07 11:02:24.037000+00:00,2026-01-07 11:02:21.605387+00:00,144.037,0.545,0.54,0.55,0.455,0.45,0.46,14.25,109.84,115.84,14.25,0.53,200.3,0.56,210.0,0.52,233.0,0.57,346.99,0.51,364.75,0.58,797.0,0.5,454.0,0.59,458.0,0.49,559.28,0.6,435.72,0.44,205.0,0.47,200.3,0.43,306.99,0.48,267.99,0.42,832.0,0.49,374.75,0.41,458.0,0.5,454.0,0.4,435.72,0.51,559.28
2026-01-07 11:02:25.043000+00:00,2026-01-07 11:02:22.609183+00:00,145.043,0.545,0.54,0.55,0.45999999999999996,0.45,0.47,9.25,627.84,654.84,17.3,0.53,17.3,0.56,353.0,0.52,34.99,0.57,564.0,0.51,183.0,0.58,444.0,0.5,183.0,0.59,439.0,0.49,278.28,0.6,559.72,0.44,414.0,0.48,34.99,0.43,519.0,0.51,100.28,0.42,444.0,0.52,100.82,0.41,439.0,0.53,621.64,0.4,496.72,0.54,85.0
2026-01-07 11:02:26.024000+00:00,2026-01-07 11:02:23.612612+00:00,146.024,0.475,0.47,0.48,0.525,0.52,0.53,511.64,131.97,123.5,511.64,0.46,105.0,0.49,40.0,0.45,125.0,0.5,313.0,0.44,257.0,0.51,288.0,0.43,388.99,0.52,212.01,0.42,384.0,0.53,334.0,0.51,45.0,0.54,110.0,0.5,313.0,0.55,125.0,0.49,288.0,0.56,200.0,0.48,212.01,0.57,446.99,0.47,334.0,0.58,384.0
2026-01-07 11:02:27.053000+00:00,2026-01-07 11:02:24.619097+00:00,147.053,0.475,0.47,0.48,0.525,0.52,0.53,489.92,157.66,159.99,40.92,0.46,5.0,0.49,55.0,0.45,125.0,0.5,308.0,0.44,172.0,0.51,248.0,0.43,364.6,0.52,212.01,0.42,430.9,0.53,349.0,0.51,207.0,0.54,5.0,0.5,268.0,0.56,182.0,0.49,248.0,0.57,469.6,0.48,333.01,0.58,475.9,0.47,349.0,0.59,367.08
2026-01-07 11:02:28.995000+00:00,2026-01-07 11:02:26.630843+00:00,148.995,0.435,0.43,0.44,0.565,0.56,0.57,40.61,130.0,130.0,40.61,0.42,110.0,0.45,223.0,0.41,105.0,0.46,313.0,0.4,284.99,0.47,268.0,0.39,351.0,0.48,333.0,0.38,449.0,0.49,409.0,0.55,223.0,0.58,110.0,0.54,313.0,0.59,105.0,0.53,268.0,0.6,284.99,0.52,333.0,0.61,351.0,0.51,409.0,0.62,449.0
2026-01-07 11:02:30.073000+00:00,2026-01-07 11:02:27.637405+00:00,150.073,0.435,0.43,0.44,0.565,0.56,0.57,10.61,115.0,115.0,10.61,0.42,120.0,0.45,223.0,0.41,140.0,0.46,313.0,0.4,269.99,0.47,338.0,0.39,321.0,0.48,333.0,0.38,449.0,0.49,458.0,0.55,223.0,0.58,150.0,0.54,313.0,0.59,140.0,0.53,338.0,0.6,269.99,0.52,333.0,0.61,443.0,0.51,458.0,0.62,449.0
2026-01-07 11:02:31.005000+00:00,2026-01-07 11:02:28.641491+00:00,151.005,0.435,0.43,0.44,0.565,0.56,0.57,8.43,107.23,107.23,8.43,0.42,125.0,0.45,130.0,0.41,225.0,0.46,248.0,0.4,215.0,0.47,318.0,0.39,514.0,0.48,333.0,0.38,469.0,0.49,453.0,0.55,150.0,0.58,125.0,0.54,248.0,0.59,205.0,0.53,318.0,0.6,235.0,0.52,333.0,0.61,514.0,0.51,453.0,0.62,469.0
2026-01-07 11:02:32.085000+00:00,2026-01-07 11:02:29.648560+00:00,152.085,0.435,0.43,0.44,0.565,0.56,0.57,457.43,142.23,122.23,457.43,0.42,115.0,0.45,65.0,0.41,265.0,0.46,318.0,0.4,275.0,0.47,318.0,0.39,509.0,0.48,333.0,0.38,449.0,0.49,453.0,0.55,85.0,0.58,115.0,0.54,318.0,0.59,265.0,0.53,318.0,0.6,295.0,0.52,333.0,0.61,519.0,0.51,453.0,0.62,449.0
2026-01-07 11:02:33.079000+00:00,2026-01-07 11:02:30.670176+00:00,153.079,0.435,0.43,0.44,0.565,0.56,0.57,445.25,148.13,163.13,445.25,0.42,115.0,0.45,65.0,0.41,185.0,0.46,318.0,0.4,319.99,0.47,318.0,0.39,529.0,0.48,333.0,0.38,479.0,0.49,453.0,0.55,65.0,0.58,115.0,0.54,318.0,0.59,185.0,0.53,318.0,0.6,319.99,0.52,333.0,0.61,529.0,0.51,453.0,0.62,479.0
2026-01-07 11:02:34.969000+00:00,2026-01-07 11:02:32.682284+00:00,154.969,0.435,0.43,0.44,0.565,0.56,0.57,485.25,47.07,47.07,485.25,0.42,234.99,0.45,140.0,0.41,276.0,0.46,343.0,0.4,393.99,0.47,318.0,0.39,494.0,0.48,333.0,0.38,459.0,0.49,488.0,0.55,140.0,0.58,244.99,0.54,343.0,0.59,266.0,0.53,318.0,0.6,393.99,0.52,333.0,0.61,494.0,0.51,488.0,0.62,459.0
2026-01-07 11:02:36.916000+00:00,2026-01-07 11:02:34.694946+00:00,156.916,0.455,0.45,0.46,0.545,0.54,0.55,155.0,5.0,5.0,155.0,0.44,636.86,0.47,130.0,0.43,180.0,0.48,95.0,0.42,439.0,0.49,263.0,0.41,494.0,0.5,318.0,0.4,511.0,0.51,439.0,0.53,130.0,0.56,579.86,0.52,95.0,0.57,180.0,0.51,263.0,0.58,439.0,0.5,318.0,0.59,494.0,0.49,439.0,0.6,511.0
2026-01-07 11:02:38.111000+00:00,2026-01-07 11:02:35.687236+00:00,158.111,0.455,0.45,0.46,0.545,0.54,0.55,239.99,5.0,5.0,239.99,0.44,641.86,0.47,40.0,0.43,180.0,0.48,40.0,0.42,434.0,0.49,317.99,0.41,479.0,0.5,363.0,0.4,491.0,0.51,439.0,0.53,40.0,0.56,641.86,0.52,40.0,0.57,302.0,0.51,317.99,0.58,434.0,0.5,363.0,0.59,479.0,0.49,439.0,0.6,491.0
2026-01-07 11:02:39.168000+00:00,2026-01-07 11:02:36.692993+00:00,159.168,0.455,0.45,0.46,0.535,0.53,0.54,940.99,5.0,5.0,50.0,0.44,429.86,0.47,5.0,0.43,474.0,0.48,15.0,0.42,419.0,0.49,35.0,0.41,479.0,0.5,45.0,0.4,491.0,0.51,297.0,0.52,15.0,0.55,1102.99,0.5,55.0,0.56,419.86,0.49,228.0,0.57,449.0,0.48,177.01,0.58,419.0,0.47,319.0,0.59,479.0
2026-01-07 11:02:40.131000+00:00,2026-01-07 11:02:37.693175+00:00,160.131,0.525,0.52,0.53,0.475,0.47,0.48,76.23,100.0,115.0,61.23,0.51,50.0,0.54,107.06,0.5,134.99,0.55,180.84,0.49,187.0,0.56,288.0,0.48,207.0,0.57,409.0,0.47,354.0,0.58,404.0,0.46,112.06,0.49,50.0,0.45,110.84,0.5,84.99,0.44,288.0,0.51,248.0,0.43,409.0,0.52,325.0,0.42,404.0,0.53,354.0
2026-01-07 11:02:41.140000+00:00,2026-01-07 11:02:38.711504+00:00,161.14,0.525,0.52,0.53,0.505,0.5,0.51,27.11,263.45,10.0,50.0,0.49,70.0,0.54,446.45,0.48,10.0,0.55,469.84,0.47,100.0,0.56,888.0,0.46,119.0,0.57,453.0,0.45,237.99,0.58,389.0,0.48,15.0,0.52,10.0,0.47,306.78,0.53,120.0,0.46,436.45,0.54,154.0,0.45,499.84,0.55,252.99,0.44,858.0,0.56,354.0
2026-01-07 11:02:42.139000+00:00,2026-01-07 11:02:39.717510+00:00,162.139,0.495,0.49,0.5,0.505,0.5,0.51,45.0,78.78,93.78,45.0,0.48,10.0,0.51,35.0,0.47,135.0,0.52,248.0,0.46,110.0,0.53,357.0,0.45,305.1,0.54,453.98,0.44,354.0,0.55,499.84,0.49,35.0,0.52,10.0,0.48,248.0,0.53,135.0,0.47,357.0,0.54,100.0,0.46,453.98,0.55,322.87,0.45,499.84,0.56,364.0
2026-01-07 11:02:43.110000+00:00,2026-01-07 11:02:40.721175+00:00,163.11,0.495,0.49,0.5,0.505,0.5,0.51,20.33,62.78,47.78,20.33,0.48,35.0,0.51,70.0,0.47,110.0,0.52,223.0,0.46,100.0,0.53,382.0,0.45,350.1,0.54,453.98,0.44,354.0,0.55,514.84,0.49,87.47,0.52,35.0,0.48,223.0,0.53,110.0,0.47,382.0,0.54,115.0,0.46,453.98,0.55,335.11,0.45,514.84,0.56,354.0
2026-01-07 11:02:44.132000+00:00,2026-01-07 11:02:41.743913+00:00,164.132,0.495,0.49,0.5,0.505,0.5,0.51,20.33,33.63,33.63,20.33,0.48,105.0,0.51,192.0,0.47,80.0,0.52,223.0,0.46,232.11,0.53,397.0,0.45,309.11,0.54,483.98,0.44,509.89,0.55,529.84,0.49,192.0,0.52,105.0,0.48,223.0,0.53,80.0,0.47,397.0,0.54,232.11,0.46,483.98,0.55,309.11,0.45,529.84,0.56,509.89
2026-01-07 11:02:45.172000+00:00,2026-01-07 11:02:42.746896+00:00,165.172,0.455,0.45,0.46,0.545,0.54,0.55,21.11,160.43,231.43,21.11,0.44,35.0,0.47,247.0,0.43,47.11,0.48,227.0,0.42,444.0,0.49,454.0,0.41,509.0,0.5,522.63,0.4,540.99,0.51,853.0,0.53,308.0,0.56,35.0,0.52,288.0,0.57,62.11,0.51,454.0,0.58,140.0,0.5,522.63,0.59,205.0,0.49,883.0,0.6,236.99
2026-01-07 11:02:46.188000+00:00,2026-01-07 11:02:43.755300+00:00,166.188,0.425,0.42,0.43,0.575,0.57,0.58,140.0,40.0,30.0,140.0,0.41,40.0,0.45,162.0,0.4,289.11,0.46,200.43,0.39,514.0,0.47,213.0,0.38,459.0,0.48,288.0,0.37,449.0,0.49,439.0,0.56,25.0,0.59,55.0,0.55,122.0,0.6,314.11,0.54,235.43,0.61,514.0,0.53,223.0,0.62,459.0,0.52,288.0,0.63,469.0
2026-01-07 11:02:47.041000+00:00,2026-01-07 11:02:44.758533+00:00,167.041,0.425,0.42,0.43,0.575,0.57,0.58,140.0,30.0,30.0,140.0,0.41,65.0,0.44,25.0,0.4,314.11,0.45,193.0,0.39,190.0,0.46,235.43,0.38,459.0,0.47,223.0,0.37,469.0,0.48,288.0,0.56,25.0,0.59,75.0,0.55,193.0,0.6,314.11,0.54,235.43,0.61,190.0,0.53,223.0,0.62,459.0,0.52,288.0,0.63,469.0
2026-01-07 11:02:48.975000+00:00,2026-01-07 11:02:46.753815+00:00,168.975,0.435,0.43,0.44,0.565,0.56,0.57,494.0,41.0,35.0,494.0,0.42,127.82,0.45,183.0,0.41,195.0,0.46,250.43,0.4,133.1,0.47,303.0,0.39,130.0,0.48,288.0,0.38,449.0,0.49,469.0,0.55,183.0,0.58,127.82,0.54,250.43,0.59,195.0,0.53,303.0,0.6,133.1,0.52,288.0,0.61,130.0,0.51,469.0,0.62,449.0
2026-01-07 11:02:50.215000+00:00,2026-01-07 11:02:47.774033+00:00,170.215,0.435,0.43,0.44,0.565,0.56,0.57,529.0,35.0,35.0,529.0,0.42,102.82,0.45,233.0,0.41,230.0,0.46,305.43,0.4,212.67,0.47,318.0,0.39,100.0,0.48,288.0,0.38,454.5,0.49,469.0,0.55,233.0,0.58,244.93,0.54,325.43,0.59,160.0,0.53,338.0,0.6,159.67,0.52,288.0,0.61,100.0,0.51,469.0,0.62,454.5
2026-01-07 11:02:51.195000+00:00,2026-01-07 11:02:48.795217+00:00,171.195,0.445,0.44,0.45,0.555,0.55,0.56,160.11,218.0,174.87,160.11,0.43,594.0,0.46,290.43,0.42,122.82,0.47,318.0,0.41,160.0,0.48,372.0,0.4,117.4,0.49,498.8,0.39,95.5,0.5,407.63,0.54,290.43,0.57,594.0,0.53,318.0,0.58,122.82,0.52,372.0,0.59,160.0,0.51,498.8,0.6,360.4,0.5,407.63,0.61,338.5
2026-01-07 11:02:52.147000+00:00,2026-01-07 11:02:49.802539+00:00,172.147,0.445,0.44,0.45,0.545,0.54,0.55,65.0,17.66,10.0,75.0,0.43,624.0,0.46,197.43,0.42,143.11,0.47,130.0,0.41,221.4,0.48,288.0,0.4,431.4,0.49,337.6,0.39,404.5,0.5,442.63,0.53,70.0,0.56,122.11,0.52,283.0,0.57,549.0,0.51,337.6,0.58,48.12,0.5,442.63,0.59,308.4,0.49,853.0,0.6,421.4
2026-01-07 11:02:53.241000+00:00,2026-01-07 11:02:50.796816+00:00,173.241,0.46499999999999997,0.46,0.47,0.545,0.54,0.55,15.0,42.92,30.0,35.0,0.45,35.0,0.48,85.0,0.44,122.11,0.49,59.6,0.43,487.15,0.5,251.63,0.42,346.12,0.51,767.0,0.41,424.4,0.52,439.0,0.53,57.92,0.56,192.11,0.52,85.0,0.57,423.29,0.51,59.6,0.58,351.12,0.5,251.63,0.59,424.4,0.49,767.0,0.6,431.4
2026-01-07 11:02:54.309000+00:00,2026-01-07 11:02:51.816885+00:00,174.309,0.455,0.45,0.46,0.545,0.54,0.55,35.0,60.0,60.0,35.0,0.44,80.0,0.47,35.0,0.43,408.0,0.48,65.0,0.42,406.12,0.49,59.6,0.41,525.4,0.5,300.63,0.4,421.4,0.51,767.0,0.53,35.0,0.56,80.0,0.52,65.0,0.57,408.0,0.51,59.6,0.58,366.12,0.5,300.63,0.59,565.39,0.49,767.0,0.6,421.4
2026-01-07 11:02:55.335000+00:00,2026-01-07 11:02:52.837796+00:00,175.335,0.455,0.45,0.46,0.545,0.54,0.55,35.0,65.0,80.0,35.0,0.44,80.0,0.47,35.0,0.43,388.0,0.48,187.0,0.42,381.12,0.49,186.6,0.41,570.39,0.5,300.63,0.4,421.4,0.51,888.0,0.53,35.0,0.56,80.0,0.52,187.0,0.57,353.0,0.51,181.6,0.58,428.23,0.5,300.63,0.59,570.39,0.49,918.0,0.6,421.4
2026-01-07 11:02:56.262000+00:00,2026-01-07 11:02:53.843051+00:00,176.262,0.455,0.45,0.46,0.545,0.54,0.55,20.0,151.02,151.02,20.0,0.44,80.0,0.47,65.0,0.43,150.0,0.48,223.0,0.42,219.93,0.49,267.6,0.41,303.4,0.5,300.63,0.4,514.4,0.51,982.0,0.53,75.0,0.56,80.0,0.52,223.0,0.57,160.0,0.51,267.6,0.58,229.93,0.5,300.63,0.59,303.4,0.49,982.0,0.6,519.4
2026-01-07 11:02:57.085000+00:00,2026-01-07 11:02:54.848683+00:00,177.085,0.445,0.44,0.45,0.555,0.55,0.56,559.0,93.0,88.0,559.0,0.43,110.0,0.46,91.02,0.42,152.82,0.47,318.0,0.41,230.4,0.48,293.0,0.4,519.4,0.49,337.6,0.39,394.5,0.5,370.63,0.54,91.02,0.57,110.0,0.53,318.0,0.58,152.82,0.52,293.0,0.59,230.4,0.51,337.6,0.6,519.4,0.5,370.63,0.61,394.5
2026-01-07 11:02:58.279000+00:00,2026-01-07 11:02:55.852528+00:00,178.279,0.445,0.44,0.45,0.555,0.55,0.56,559.0,88.0,88.0,559.0,0.43,135.0,0.46,111.02,0.42,209.93,0.47,328.0,0.41,211.4,0.48,293.0,0.4,456.4,0.49,337.6,0.39,394.5,0.5,370.63,0.54,111.02,0.57,135.0,0.53,328.0,0.58,209.93,0.52,293.0,0.59,211.4,0.51,337.6,0.6,456.4,0.5,370.63,0.61,394.5
2026-01-07 11:02:59.333000+00:00,2026-01-07 11:02:56.871837+00:00,179.333,0.45,0.44,0.46,0.555,0.55,0.56,15.0,213.02,85.0,15.0,0.43,72.11,0.47,313.0,0.42,67.82,0.48,458.0,0.41,130.4,0.49,468.6,0.4,441.4,0.5,442.63,0.39,419.5,0.51,448.4,0.54,283.02,0.57,55.0,0.53,378.0,0.58,72.82,0.52,488.0,0.59,261.4,0.51,458.6,0.6,486.39,0.5,407.63,0.61,404.5
2026-01-07 11:03:00.278000+00:00,2026-01-07 11:02:57.877741+00:00,180.278,0.445,0.44,0.45,0.555,0.55,0.56,20.0,243.0,238.0,70.0,0.43,65.0,0.46,329.02,0.42,174.93,0.47,378.0,0.41,226.4,0.48,488.0,0.4,152.4,0.49,458.6,0.39,100.5,0.5,437.63,0.54,324.02,0.57,30.0,0.53,378.0,0.58,174.93,0.52,498.0,0.59,241.4,0.51,458.6,0.6,152.4,0.5,407.63,0.61,90.5
2026-01-07 11:03:01.295000+00:00,2026-01-07 11:02:58.883207+00:00,181.295,0.445,0.44,0.45,0.555,0.55,0.56,20.0,225.0,230.0,25.25,0.43,20.0,0.46,319.02,0.42,144.93,0.47,368.0,0.41,246.4,0.48,488.0,0.4,152.4,0.49,458.6,0.39,90.5,0.5,407.63,0.54,339.02,0.57,35.0,0.53,358.0,0.58,174.93,0.52,488.0,0.59,246.4,0.51,458.6,0.6,152.4,0.5,407.63,0.61,100.5
2026-01-07 11:03:02.304000+00:00,2026-01-07 11:02:59.876820+00:00,182.304,0.455,0.45,0.46,0.54,0.53,0.55,130.0,176.69,263.0,141.11,0.44,100.25,0.47,263.0,0.43,549.0,0.48,302.0,0.42,259.82,0.49,498.6,0.41,378.4,0.5,442.63,0.4,360.4,0.51,439.0,0.52,302.0,0.56,100.25,0.51,498.6,0.57,549.0,0.5,442.63,0.58,259.82,0.49,439.0,0.59,378.4,0.48,404.0,0.6,360.4
2026-01-07 11:03:03.307000+00:00,2026-01-07 11:03:00.893795+00:00,183.307,0.45999999999999996,0.45,0.47,0.54,0.53,0.55,102.91,268.0,268.0,102.91,0.44,190.25,0.48,327.0,0.43,619.0,0.49,478.6,0.42,336.12,0.5,442.63,0.41,500.4,0.51,439.0,0.4,421.4,0.52,452.0,0.52,327.0,0.56,220.24,0.51,478.6,0.57,589.0,0.5,442.63,0.58,336.12,0.49,439.0,0.59,500.4,0.48,452.0,0.6,421.4
2026-01-07 11:03:04.326000+00:00,2026-01-07 11:03:01.918205+00:00,184.326,0.45999999999999996,0.45,0.47,0.54,0.53,0.55,112.91,278.0,288.0,112.91,0.44,210.24,0.48,327.0,0.43,594.3,0.49,458.6,0.42,401.12,0.5,442.63,0.41,434.4,0.51,439.0,0.4,421.4,0.52,404.0,0.52,327.0,0.56,210.24,0.51,458.6,0.57,594.3,0.5,442.63,0.58,401.12,0.49,439.0,0.59,434.4,0.48,404.0,0.6,421.4
2026-01-07 11:03:05.338000+00:00,2026-01-07 11:03:02.923325+00:00,185.338,0.45999999999999996,0.45,0.47,0.545,0.54,0.55,99.41,303.0,30.0,6.5,0.44,174.99,0.48,312.0,0.43,594.3,0.49,458.6,0.42,401.12,0.5,442.63,0.41,430.26,0.51,439.0,0.4,431.4,0.52,404.0,0.53,277.43,0.56,202.11,0.52,342.0,0.57,614.3,0.51,458.6,0.58,411.12,0.5,442.63,0.59,424.4,0.49,439.0,0.6,421.4
2026-01-07 11:03:06.364000+00:00,2026-01-07 11:03:03.929108+00:00,186.364,0.445,0.44,0.45,0.555,0.55,0.56,203.61,45.0,35.0,203.61,0.43,145.0,0.46,60.0,0.42,386.11,0.47,262.43,0.41,530.4,0.48,342.0,0.4,421.4,0.49,458.6,0.39,394.5,0.5,442.63,0.54,60.0,0.57,150.3,0.53,262.43,0.58,386.11,0.52,342.0,0.59,530.4,0.51,458.6,0.6,421.4,0.5,442.63,0.61,394.5
2026-01-07 11:03:07.370000+00:00,2026-01-07 11:03:04.946456+00:00,187.37,0.445,0.44,0.45,0.555,0.55,0.56,203.61,23.88,38.88,203.61,0.43,166.62,0.46,65.0,0.42,406.11,0.47,267.43,0.41,500.4,0.48,347.0,0.4,421.4,0.49,458.6,0.39,394.5,0.5,442.63,0.54,65.0,0.57,151.62,0.53,337.43,0.58,421.11,0.52,342.0,0.59,500.4,0.51,458.6,0.6,421.4,0.5,442.63,0.61,394.5
2026-01-07 11:03:08.335000+00:00,2026-01-07 11:03:05.952575+00:00,188.335,0.445,0.44,0.45,0.555,0.55,0.56,203.61,12.07,22.07,203.61,0.43,156.92,0.46,65.0,0.42,416.11,0.47,337.43,0.41,429.4,0.48,342.0,0.4,484.4,0.49,458.6,0.39,394.5,0.5,442.63,0.54,65.0,0.57,171.92,0.53,337.43,0.58,416.11,0.52,342.0,0.59,429.4,0.51,458.6,0.6,484.4,0.5,442.63,0.61,394.5
2026-01-07 11:03:09.397000+00:00,2026-01-07 11:03:06.958641+00:00,189.397,0.445,0.44,0.45,0.55,0.54,0.56,210.66,5.0,110.0,205.66,0.43,181.92,0.46,55.0,0.42,376.11,0.47,356.86,0.41,429.4,0.48,293.0,0.4,484.4,0.49,507.6,0.39,404.5,0.5,442.63,0.53,366.86,0.57,186.92,0.52,293.0,0.58,376.11,0.51,507.6,0.59,429.4,0.5,442.63,0.6,484.4,0.49,937.0,0.61,394.5
2026-01-07 11:03:10.245000+00:00,2026-01-07 11:03:07.979587+00:00,190.245,0.45,0.44,0.46,0.55,0.54,0.56,684.66,152.77,152.77,684.66,0.43,191.92,0.47,356.86,0.42,376.11,0.48,313.0,0.41,490.4,0.49,507.6,0.4,421.4,0.5,442.63,0.39,394.5,0.51,888.0,0.53,356.86,0.57,191.92,0.52,313.0,0.58,376.11,0.51,507.6,0.59,490.4,0.5,442.63,0.6,421.4,0.49,888.0,0.61,394.5
2026-01-07 11:03:11.365000+00:00,2026-01-07 11:03:08.972136+00:00,191.365,0.455,0.45,0.46,0.545,0.54,0.55,130.0,80.0,80.0,134.41,0.44,601.12,0.47,356.86,0.43,234.62,0.48,293.0,0.42,336.12,0.49,542.6,0.41,429.4,0.5,482.63,0.4,421.4,0.51,888.0,0.53,356.86,0.56,601.12,0.52,293.0,0.57,234.62,0.51,552.6,0.58,336.12,0.5,482.63,0.59,429.4,0.49,888.0,0.6,421.4
2026-01-07 11:03:12.266000+00:00,2026-01-07 11:03:09.978880+00:00,192.266,0.455,0.45,0.46,0.545,0.54,0.55,51.41,40.0,40.0,51.41,0.44,668.23,0.47,361.86,0.43,171.62,0.48,293.0,0.42,336.12,0.49,552.6,0.41,490.4,0.5,482.63,0.4,421.4,0.51,888.0,0.53,361.86,0.56,668.23,0.52,293.0,0.57,171.62,0.51,552.6,0.58,336.12,0.5,482.63,0.59,490.4,0.49,888.0,0.6,421.4
2026-01-07 11:03:13.373000+00:00,2026-01-07 11:03:10.968664+00:00,193.373,0.45,0.44,0.46,0.55,0.54,0.56,708.23,95.0,95.0,708.23,0.43,161.62,0.47,411.86,0.42,376.11,0.48,323.0,0.41,490.4,0.49,458.6,0.4,428.7,0.5,442.63,0.39,394.5,0.51,888.0,0.53,411.86,0.57,161.62,0.52,323.0,0.58,376.11,0.51,458.6,0.59,490.4,0.5,442.63,0.6,428.7,0.49,888.0,0.61,394.5
2026-01-07 11:03:14.420000+00:00,2026-01-07 11:03:11.971613+00:00,194.42,0.46499999999999997,0.46,0.47,0.535,0.53,0.54,55.0,331.36,331.36,157.11,0.45,146.11,0.48,293.0,0.44,638.94,0.49,458.6,0.43,161.62,0.5,467.63,0.42,336.12,0.51,898.0,0.41,429.4,0.52,404.0,0.52,263.0,0.55,76.11,0.51,458.6,0.56,612.37,0.5,457.63,0.57,146.62,0.49,898.0,0.58,336.12,0.48,404.0,0.59,429.4
2026-01-07 11:03:15.401000+00:00,2026-01-07 11:03:12.969012+00:00,195.401,0.45999999999999996,0.45,0.47,0.54,0.53,0.55,154.11,356.36,356.36,154.11,0.44,667.66,0.48,348.0,0.43,229.92,0.49,488.6,0.42,336.12,0.5,442.63,0.41,429.4,0.51,888.0,0.4,433.1,0.52,453.0,0.52,348.0,0.56,667.66,0.51,488.6,0.57,224.92,0.5,442.63,0.58,336.12,0.49,888.0,0.59,429.4,0.48,453.0,0.6,433.1
2026-01-07 11:03:16.396000+00:00,2026-01-07 11:03:13.971180+00:00,196.396,0.46499999999999997,0.46,0.47,0.535,0.53,0.54,112.11,321.36,321.36,112.11,0.45,76.11,0.48,353.0,0.44,667.66,0.49,488.6,0.43,166.92,0.5,491.63,0.42,351.12,0.51,888.0,0.41,424.4,0.52,404.0,0.52,353.0,0.55,76.11,0.51,488.6,0.56,667.66,0.5,491.63,0.57,346.92,0.49,888.0,0.58,472.12,0.48,404.0,0.59,424.4
2026-01-07 11:03:17.408000+00:00,2026-01-07 11:03:14.974989+00:00,197.408,0.46499999999999997,0.46,0.47,0.535,0.53,0.54,65.93,108.36,138.36,175.75,0.45,248.11,0.48,25.0,0.44,288.3,0.49,94.6,0.43,450.92,0.5,216.63,0.42,487.12,0.51,318.0,0.41,439.66,0.52,404.0,0.52,70.0,0.55,333.11,0.51,124.6,0.56,338.29,0.5,236.63,0.57,508.92,0.49,318.0,0.58,427.12,0.48,439.0,0.59,433.8
2026-01-07 11:03:18.435000+00:00,2026-01-07 11:03:15.998346+00:00,198.435,0.475,0.47,0.48,0.525,0.52,0.53,10.0,5.0,5.0,224.0,0.46,926.58,0.49,19.6,0.45,525.41,0.5,3.63,0.44,460.3,0.51,35.0,0.43,440.92,0.52,25.0,0.42,427.12,0.53,125.0,0.51,19.6,0.54,816.61,0.49,35.0,0.55,475.41,0.48,75.0,0.56,425.3,0.47,110.0,0.57,440.92,0.46,426.76,0.58,433.82
2026-01-07 11:03:19.382000+00:00,2026-01-07 11:03:17.003616+00:00,199.382,0.485,0.48,0.49,0.515,0.51,0.52,229.51,4.6,4.6,245.42,0.47,303.0,0.5,5.0,0.46,801.06,0.51,35.0,0.45,435.41,0.52,75.0,0.44,425.3,0.53,65.0,0.43,429.32,0.54,292.76,0.5,5.0,0.53,313.0,0.49,60.0,0.54,821.06,0.48,125.0,0.55,445.41,0.47,75.0,0.56,425.3,0.46,292.76,0.57,429.32
2026-01-07 11:03:20.428000+00:00,2026-01-07 11:03:17.994805+00:00,200.428,0.53,0.52,0.54,0.46499999999999997,0.46,0.47,10.0,14.78,14.78,30.0,0.49,697.0,0.55,40.0,0.48,440.51,0.56,193.0,0.47,414.2,0.57,304.0,0.46,542.88,0.58,460.96,0.45,435.41,0.59,354.0,0.45,25.0,0.48,45.0,0.44,233.0,0.49,10.0,0.43,314.0,0.5,162.0,0.42,427.1,0.51,908.0,0.41,803.0,0.52,471.51
2026-01-07 11:03:21.439000+00:00,2026-01-07 11:03:18.999710+00:00,201.439,0.535,0.53,0.54,0.46499999999999997,0.46,0.47,115.51,15.0,97.1,55.0,0.52,208.0,0.55,65.0,0.51,267.0,0.56,109.1,0.5,213.0,0.57,73.48,0.49,858.2,0.58,114.0,0.48,436.2,0.59,667.0,0.45,45.0,0.48,253.4,0.44,65.0,0.49,233.0,0.43,180.48,0.5,283.0,0.42,236.0,0.51,434.2,0.41,788.0,0.52,446.2
2026-01-07 11:03:22.365000+00:00,2026-01-07 11:03:20.004930+00:00,202.365,0.535,0.53,0.54,0.46499999999999997,0.46,0.47,15.0,89.1,89.1,15.0,0.52,286.65,0.55,85.0,0.51,223.0,0.56,40.0,0.5,268.2,0.57,266.48,0.49,409.2,0.58,297.0,0.48,506.2,0.59,830.0,0.45,85.0,0.48,286.65,0.44,40.0,0.49,223.0,0.43,266.48,0.5,268.2,0.42,297.0,0.51,409.2,0.41,830.0,0.52,516.2
2026-01-07 11:03:23.447000+00:00,2026-01-07 11:03:21.025362+00:00,203.447,0.535,0.53,0.54,0.46499999999999997,0.46,0.47,15.0,139.1,139.1,15.0,0.52,8.25,0.55,167.0,0.51,509.51,0.56,187.0,0.5,70.2,0.57,387.48,0.49,268.2,0.58,910.0,0.48,404.2,0.59,304.0,0.45,167.0,0.48,8.25,0.44,187.0,0.49,509.51,0.43,387.48,0.5,70.2,0.42,980.0,0.51,288.2,0.41,374.0,0.52,414.2
2026-01-07 11:03:24.239000+00:00,2026-01-07 11:03:22.031865+00:00,204.239,0.525,0.52,0.53,0.475,0.47,0.48,8.25,170.98,172.98,28.25,0.51,509.51,0.54,60.0,0.5,90.2,0.55,253.0,0.49,155.2,0.56,248.0,0.48,343.2,0.57,387.48,0.47,429.2,0.58,945.0,0.46,55.0,0.49,509.51,0.45,253.0,0.5,90.2,0.44,248.0,0.51,225.2,0.43,387.48,0.52,343.2,0.42,945.0,0.53,429.2
2026-01-07 11:03:25.483000+00:00,2026-01-07 11:03:23.044212+00:00,205.483,0.525,0.52,0.53,0.475,0.47,0.48,93.65,50.0,50.0,78.65,0.51,524.0,0.54,119.1,0.5,165.2,0.55,293.0,0.49,125.2,0.56,248.0,0.48,395.2,0.57,436.48,0.47,419.2,0.58,853.0,0.46,119.1,0.49,594.0,0.45,293.0,0.5,165.2,0.44,248.0,0.51,125.2,0.43,436.48,0.52,395.2,0.42,853.0,0.53,419.2
2026-01-07 11:03:26.494000+00:00,2026-01-07 11:03:24.052862+00:00,206.494,0.535,0.53,0.54,0.46499999999999997,0.46,0.47,791.19,5.0,5.0,1059.51,0.52,345.25,0.55,183.0,0.51,257.0,0.56,183.0,0.5,222.0,0.57,357.48,0.49,237.6,0.58,359.0,0.48,409.2,0.59,363.98,0.43,221.48,0.48,456.25,0.42,304.0,0.49,378.0,0.41,304.0,0.5,343.0,0.4,431.72,0.51,358.6,0.39,351.95,0.52,409.2
2026-01-07 11:03:27.501000+00:00,2026-01-07 11:03:25.074259+00:00,207.501,0.595,0.59,0.6,0.405,0.4,0.41,20.0,247.7,247.7,20.0,0.58,58.88,0.61,98.85,0.57,225.88,0.62,90.0,0.56,253.0,0.63,667.0,0.55,363.0,0.64,339.0,0.54,424.0,0.65,409.42,0.39,88.85,0.42,58.88,0.38,90.0,0.43,210.88,0.37,667.0,0.44,258.0,0.36,339.0,0.45,318.0,0.35,447.42,0.46,460.0
2026-01-07 11:03:28.454000+00:00,2026-01-07 11:03:26.081316+00:00,208.454,0.595,0.59,0.6,0.405,0.4,0.41,85.51,127.72,160.55,80.51,0.58,65.0,0.61,122.95,0.57,224.52,0.62,139.0,0.56,223.0,0.63,667.0,0.55,383.0,0.64,339.0,0.54,404.0,0.65,409.42,0.39,142.95,0.42,55.0,0.38,129.0,0.43,214.52,0.37,667.0,0.44,233.0,0.36,339.0,0.45,383.0,0.35,409.42,0.46,404.0
2026-01-07 11:03:29.473000+00:00,2026-01-07 11:03:27.071058+00:00,209.473,0.595,0.59,0.6,0.405,0.4,0.41,20.0,220.53,220.53,20.0,0.58,14.85,0.61,68.85,0.57,240.03,0.62,114.0,0.56,238.0,0.63,667.0,0.55,373.0,0.64,339.0,0.54,460.0,0.65,447.42,0.39,68.85,0.42,14.85,0.38,114.0,0.43,240.03,0.37,667.0,0.44,238.0,0.36,339.0,0.45,373.0,0.35,447.42,0.46,460.0
2026-01-07 11:03:30.496000+00:00,2026-01-07 11:03:28.061145+00:00,210.496,0.565,0.56,0.57,0.435,0.43,0.44,25.4,30.0,15.0,40.4,0.55,110.0,0.58,155.0,0.54,514.0,0.59,268.0,0.53,343.2,0.6,338.55,0.52,346.2,0.61,382.85,0.51,409.2,0.62,418.0,0.42,149.98,0.45,180.0,0.41,268.0,0.46,584.0,0.4,338.55,0.47,343.2,0.39,382.85,0.48,346.2,0.38,418.0,0.49,409.2
2026-01-07 11:03:31.444000+00:00,2026-01-07 11:03:29.070391+00:00,211.444,0.5700000000000001,0.56,0.58,0.43,0.42,0.44,68.4,169.98,149.98,35.0,0.55,190.0,0.59,253.0,0.54,569.0,0.6,402.55,0.53,328.0,0.61,382.85,0.52,341.0,0.62,369.0,0.51,409.2,0.63,414.0,0.41,268.0,0.45,190.0,0.4,387.55,0.46,584.0,0.39,382.85,0.47,328.0,0.38,369.0,0.48,346.2,0.37,414.0,0.49,409.2
2026-01-07 11:03:32.486000+00:00,2026-01-07 11:03:30.093426+00:00,212.486,0.575,0.57,0.58,0.425,0.42,0.43,12.39,159.72,159.72,7.39,0.56,115.4,0.59,105.0,0.55,155.0,0.6,387.55,0.54,609.0,0.61,377.85,0.53,375.0,0.62,369.0,0.52,308.2,0.63,374.0,0.41,105.0,0.44,115.4,0.4,387.55,0.45,155.0,0.39,377.85,0.46,609.0,0.38,369.0,0.47,375.0,0.37,374.0,0.48,303.0
2026-01-07 11:03:33.441000+00:00,2026-01-07 11:03:31.099820+00:00,213.441,0.575,0.57,0.58,0.425,0.42,0.43,7.39,157.54,157.54,7.39,0.56,115.4,0.59,105.0,0.55,155.0,0.6,387.55,0.54,609.0,0.61,377.85,0.53,328.0,0.62,369.0,0.52,351.0,0.63,414.0,0.41,105.0,0.44,115.4,0.4,387.55,0.45,155.0,0.39,377.85,0.46,609.0,0.38,369.0,0.47,328.0,0.37,414.0,0.48,351.0
2026-01-07 11:03:34.422000+00:00,2026-01-07 11:03:32.121314+00:00,214.422,0.575,0.57,0.58,0.425,0.42,0.43,77.39,173.32,168.32,77.39,0.56,75.0,0.59,90.0,0.55,180.51,0.6,387.55,0.54,594.0,0.61,826.85,0.53,343.0,0.62,409.0,0.52,303.0,0.63,374.0,0.41,90.0,0.44,75.0,0.4,387.55,0.45,165.51,0.39,826.85,0.46,594.0,0.38,409.0,0.47,343.0,0.37,374.0,0.48,303.0
2026-01-07 11:03:35.525000+00:00,2026-01-07 11:03:33.128253+00:00,215.525,0.575,0.57,0.58,0.425,0.42,0.43,66.76,167.32,172.32,72.3,0.56,90.0,0.59,110.0,0.55,215.51,0.6,397.55,0.54,569.0,0.61,826.85,0.53,343.0,0.62,409.0,0.52,293.0,0.63,374.0,0.41,110.0,0.44,90.0,0.4,397.55,0.45,215.51,0.39,826.85,0.46,569.0,0.38,409.0,0.47,343.0,0.37,374.0,0.48,293.0
2026-01-07 11:03:36.501000+00:00,2026-01-07 11:03:34.142925+00:00,216.501,0.575,0.57,0.58,0.425,0.42,0.43,5.54,142.32,142.32,5.54,0.56,95.0,0.59,125.0,0.55,215.51,0.6,397.55,0.54,584.0,0.61,826.85,0.53,145.0,0.62,439.0,0.52,341.0,0.63,414.0,0.41,125.0,0.44,95.0,0.4,397.55,0.45,215.51,0.39,826.85,0.46,584.0,0.38,439.0,0.47,145.0,0.37,414.0,0.48,341.0
2026-01-07 11:03:37.512000+00:00,2026-01-07 11:03:35.135287+00:00,217.512,0.565,0.56,0.57,0.43,0.42,0.44,110.0,64.1,82.32,170.4,0.55,185.51,0.58,87.34,0.54,584.0,0.59,125.0,0.53,155.0,0.6,338.55,0.52,331.0,0.61,896.85,0.51,409.2,0.62,439.0,0.41,140.0,0.45,190.0,0.4,363.55,0.46,569.0,0.39,896.85,0.47,145.0,0.38,439.0,0.48,331.0,0.37,414.0,0.49,409.2
2026-01-07 11:03:38.462000+00:00,2026-01-07 11:03:36.140535+00:00,218.462,0.575,0.57,0.58,0.425,0.42,0.43,20.0,102.32,37.34,75.51,0.56,185.4,0.59,90.0,0.55,165.0,0.6,373.55,0.54,615.0,0.61,926.85,0.53,145.0,0.62,449.0,0.52,283.0,0.63,374.0,0.41,139.1,0.44,155.0,0.4,373.55,0.45,165.0,0.39,926.85,0.46,615.0,0.38,449.0,0.47,145.0,0.37,374.0,0.48,283.0
2026-01-07 11:03:39.541000+00:00,2026-01-07 11:03:37.147188+00:00,219.541,0.575,0.57,0.58,0.425,0.42,0.43,90.51,37.34,37.34,140.51,0.56,170.0,0.59,139.1,0.55,150.0,0.6,358.55,0.54,747.0,0.61,941.85,0.53,257.0,0.62,449.0,0.52,409.2,0.63,423.0,0.41,119.1,0.44,145.0,0.4,378.55,0.45,150.0,0.39,941.85,0.46,747.0,0.38,449.0,0.47,257.0,0.37,423.0,0.48,409.2
2026-01-07 11:03:40.588000+00:00,2026-01-07 11:03:38.167933+00:00,220.588,0.595,0.59,0.6,0.405,0.4,0.41,120.4,90.55,90.55,105.4,0.58,90.0,0.61,58.85,0.57,150.0,0.62,94.98,0.56,841.0,0.63,453.0,0.55,288.0,0.64,429.0,0.54,288.2,0.65,514.42,0.39,63.85,0.42,90.0,0.38,94.98,0.43,120.0,0.37,453.0,0.44,797.0,0.36,429.0,0.45,283.0,0.35,524.42,0.46,288.2
2026-01-07 11:03:41.560000+00:00,2026-01-07 11:03:39.175578+00:00,221.56,0.585,0.58,0.59,0.415,0.41,0.42,75.51,75.0,129.1,40.0,0.57,150.41,0.6,210.53,0.56,808.36,0.61,113.85,0.55,293.0,0.62,50.0,0.54,354.2,0.63,267.0,0.53,409.2,0.64,409.0,0.4,130.55,0.43,145.81,0.39,93.85,0.44,797.0,0.38,40.0,0.45,298.0,0.37,267.0,0.46,334.2,0.36,409.0,0.47,419.2
2026-01-07 11:03:42.647000+00:00,2026-01-07 11:03:40.180875+00:00,222.647,0.585,0.58,0.59,0.415,0.41,0.42,37.95,149.1,149.1,37.95,0.57,145.81,0.6,140.55,0.56,802.0,0.61,93.85,0.55,328.0,0.62,40.0,0.54,293.0,0.63,337.0,0.53,466.2,0.64,448.0,0.4,140.55,0.43,150.81,0.39,98.85,0.44,802.0,0.38,40.0,0.45,328.0,0.37,337.0,0.46,293.0,0.36,448.0,0.47,466.2
2026-01-07 11:03:43.593000+00:00,2026-01-07 11:03:41.189078+00:00,223.593,0.585,0.58,0.59,0.415,0.41,0.42,48.87,30.0,30.0,48.87,0.57,145.0,0.6,215.53,0.56,802.0,0.61,108.85,0.55,293.0,0.62,40.0,0.54,339.0,0.63,337.0,0.53,409.2,0.64,409.0,0.4,225.53,0.43,190.0,0.39,108.85,0.44,802.0,0.38,40.0,0.45,293.0,0.37,337.0,0.46,349.0,0.36,409.0,0.47,409.2
2026-01-07 11:03:44.626000+00:00,2026-01-07 11:03:42.194539+00:00,224.626,0.585,0.58,0.59,0.415,0.41,0.42,43.36,109.1,114.1,38.36,0.57,200.4,0.6,175.55,0.56,802.0,0.61,108.85,0.55,293.0,0.62,110.0,0.54,349.0,0.63,337.0,0.53,409.2,0.64,858.0,0.4,175.55,0.43,200.4,0.39,108.85,0.44,802.0,0.38,110.0,0.45,293.0,0.37,337.0,0.46,303.0,0.36,897.0,0.47,456.2
2026-01-07 11:03:45.618000+00:00,2026-01-07 11:03:43.186250+00:00,225.618,0.585,0.58,0.59,0.415,0.41,0.42,38.36,139.1,149.1,35.97,0.57,145.4,0.6,155.55,0.56,857.0,0.61,88.85,0.55,293.0,0.62,110.0,0.54,339.0,0.63,337.0,0.53,414.0,0.64,858.0,0.4,170.55,0.43,145.4,0.39,73.85,0.44,842.0,0.38,110.0,0.45,308.0,0.37,337.0,0.46,293.0,0.36,897.0,0.47,461.0
2026-01-07 11:03:46.611000+00:00,2026-01-07 11:03:44.192563+00:00,226.611,0.585,0.58,0.59,0.415,0.41,0.42,76.48,30.0,94.1,35.97,0.57,160.0,0.6,215.53,0.56,812.0,0.61,118.85,0.55,293.0,0.62,110.0,0.54,293.0,0.63,337.0,0.53,451.0,0.64,897.0,0.4,135.55,0.43,145.4,0.39,98.85,0.44,802.0,0.38,110.0,0.45,293.0,0.37,337.0,0.46,329.0,0.36,858.0,0.47,404.0
2026-01-07 11:03:47.601000+00:00,2026-01-07 11:03:45.215945+00:00,227.601,0.595,0.59,0.6,0.405,0.4,0.41,45.0,175.53,110.55,55.4,0.58,101.48,0.61,88.85,0.57,140.0,0.62,165.0,0.56,807.0,0.63,367.0,0.55,283.0,0.64,858.0,0.54,329.0,0.65,552.42,0.39,122.95,0.42,65.97,0.38,125.0,0.43,130.0,0.37,337.0,0.44,797.0,0.36,858.0,0.45,283.0,0.35,552.42,0.46,329.0
2026-01-07 11:03:48.649000+00:00,2026-01-07 11:03:46.218439+00:00,228.649,0.595,0.59,0.6,0.405,0.4,0.41,120.4,80.55,80.55,100.4,0.58,95.97,0.61,122.95,0.57,120.0,0.62,40.0,0.56,303.0,0.63,348.0,0.55,283.0,0.64,898.0,0.54,329.0,0.65,552.42,0.39,63.85,0.42,85.56,0.38,89.98,0.43,110.0,0.37,303.0,0.44,348.0,0.36,878.0,0.45,283.0,0.35,514.42,0.46,283.0
2026-01-07 11:03:49.640000+00:00,2026-01-07 11:03:47.222628+00:00,229.64,0.595,0.59,0.6,0.405,0.4,0.41,170.4,100.55,100.55,135.4,0.58,247.0,0.61,13.85,0.57,671.0,0.62,35.0,0.56,303.0,0.63,258.0,0.55,404.0,0.64,832.98,0.54,404.0,0.65,539.42,0.39,13.85,0.42,247.0,0.38,35.0,0.43,671.0,0.37,272.1,0.44,303.0,0.36,848.0,0.45,404.0,0.35,569.42,0.46,404.0
2026-01-07 11:03:50.686000+00:00,2026-01-07 11:03:48.245705+00:00,230.686,0.595,0.59,0.6,0.405,0.4,0.41,170.4,7.03,3.14,110.4,0.58,308.0,0.61,13.85,0.57,742.0,0.62,80.0,0.56,357.0,0.63,149.1,0.55,409.3,0.64,499.0,0.54,409.2,0.65,472.41,0.39,13.85,0.42,288.0,0.38,75.0,0.43,732.0,0.37,119.1,0.44,347.0,0.36,499.0,0.45,409.3,0.35,472.41,0.46,409.2
2026-01-07 11:03:51.667000+00:00,2026-01-07 11:03:49.249495+00:00,231.667,0.605,0.6,0.61,0.395,0.39,0.4,115.0,28.85,28.85,115.0,0.59,105.4,0.62,100.0,0.58,303.0,0.63,119.1,0.57,752.0,0.64,499.0,0.56,293.0,0.65,472.41,0.55,419.3,0.66,409.0,0.38,100.0,0.41,105.4,0.37,119.1,0.42,303.0,0.36,499.0,0.43,752.0,0.35,472.41,0.44,337.0,0.34,409.0,0.45,419.3
2026-01-07 11:03:52.627000+00:00,2026-01-07 11:03:50.256495+00:00,232.627,0.605,0.6,0.61,0.395,0.39,0.4,169.24,13.85,13.85,124.24,0.59,273.4,0.62,75.0,0.58,345.0,0.63,45.0,0.57,752.0,0.64,669.0,0.56,283.0,0.65,289.41,0.55,409.3,0.66,409.0,0.38,20.0,0.41,273.4,0.36,50.0,0.42,335.0,0.35,239.42,0.43,404.0,0.34,339.76,0.44,283.0,0.33,419.0,0.45,409.3
2026-01-07 11:03:53.693000+00:00,2026-01-07 11:03:51.264460+00:00,233.693,0.615,0.61,0.62,0.385,0.38,0.39,434.0,5.0,5.0,444.0,0.6,871.24,0.64,15.0,0.59,459.4,0.65,180.42,0.58,404.0,0.66,166.0,0.57,404.0,0.67,427.83,0.56,409.3,0.68,329.0,0.36,15.0,0.4,871.24,0.35,180.42,0.41,459.4,0.34,216.0,0.42,404.0,0.33,392.84,0.43,404.0,0.32,329.0,0.44,409.3
2026-01-07 11:03:54.734000+00:00,2026-01-07 11:03:52.266915+00:00,234.734,0.645,0.64,0.65,0.355,0.35,0.36,40.0,105.42,105.42,107.81,0.63,265.81,0.66,10.0,0.62,233.0,0.67,55.0,0.61,293.0,0.68,165.0,0.6,443.24,0.69,146.0,0.59,439.4,0.7,823.0,0.34,10.0,0.37,290.81,0.33,55.0,0.38,233.0,0.32,165.0,0.39,293.0,0.31,146.0,0.4,443.24,0.3,823.0,0.41,439.4
2026-01-07 11:03:55.717000+00:00,2026-01-07 11:03:53.287539+00:00,235.717,0.655,0.65,0.66,0.345,0.34,0.35,202.58,5.0,20.0,152.58,0.64,282.41,0.67,10.0,0.63,336.81,0.68,50.0,0.62,414.0,0.69,135.0,0.61,404.0,0.7,134.0,0.6,433.24,0.71,161.0,0.33,50.0,0.36,248.41,0.32,35.0,0.37,386.81,0.31,115.0,0.38,424.0,0.3,104.0,0.39,414.0,0.29,161.0,0.4,433.24
2026-01-07 11:03:56.730000+00:00,2026-01-07 11:03:54.291576+00:00,236.73,0.655,0.65,0.66,0.345,0.34,0.35,63.02,75.0,25.0,63.02,0.64,233.41,0.67,165.0,0.63,321.81,0.68,60.0,0.62,359.0,0.69,167.0,0.61,359.5,0.7,796.0,0.6,433.64,0.71,278.0,0.33,230.0,0.36,268.41,0.32,70.0,0.37,331.81,0.31,202.0,0.38,394.0,0.3,796.0,0.39,364.5,0.29,278.0,0.4,433.64
2026-01-07 11:03:57.730000+00:00,2026-01-07 11:03:55.301095+00:00,237.73,0.65,0.64,0.66,0.345,0.34,0.35,145.0,30.0,50.0,65.0,0.63,611.0,0.67,85.0,0.62,263.0,0.68,110.0,0.61,223.0,0.69,348.0,0.6,408.24,0.7,908.0,0.59,453.7,0.71,458.0,0.33,95.0,0.36,80.0,0.32,110.0,0.37,656.0,0.31,363.0,0.38,253.0,0.3,893.0,0.39,233.0,0.29,458.0,0.4,418.24
2026-01-07 11:03:58.708000+00:00,2026-01-07 11:03:56.306356+00:00,238.708,0.655,0.65,0.66,0.345,0.34,0.35,30.0,15.0,40.0,15.0,0.64,75.0,0.67,85.0,0.63,717.0,0.68,110.0,0.62,233.0,0.69,110.0,0.61,264.0,0.7,893.0,0.6,418.24,0.71,458.0,0.33,190.0,0.36,80.04,0.32,55.0,0.37,717.0,0.31,95.0,0.38,233.0,0.3,893.0,0.39,264.0,0.29,458.0,0.4,418.24
2026-01-07 11:03:59.739000+00:00,2026-01-07 11:03:57.296945+00:00,239.739,0.655,0.65,0.66,0.345,0.34,0.35,15.0,30.0,10.0,105.0,0.64,160.04,0.67,170.0,0.63,777.0,0.68,50.0,0.62,343.0,0.69,110.0,0.61,293.0,0.7,893.0,0.6,418.24,0.71,458.0,0.33,50.0,0.36,155.04,0.32,130.0,0.37,767.0,0.31,110.0,0.38,333.0,0.3,908.0,0.39,283.0,0.29,458.0,0.4,408.24
2026-01-07 11:04:00.749000+00:00,2026-01-07 11:03:58.320421+00:00,240.749,0.665,0.66,0.67,0.335,0.33,0.34,130.0,50.0,50.0,85.0,0.65,40.0,0.68,110.0,0.64,145.04,0.69,110.0,0.63,747.0,0.7,938.0,0.62,323.0,0.71,458.0,0.61,404.0,0.72,374.0,0.32,110.0,0.35,50.0,0.31,110.0,0.36,145.04,0.3,624.0,0.37,757.0,0.29,458.0,0.38,333.0,0.28,374.0,0.39,409.5
2026-01-07 11:04:01.753000+00:00,2026-01-07 11:03:59.326962+00:00,241.753,0.665,0.66,0.67,0.335,0.33,0.34,20.0,180.0,180.0,20.0,0.65,30.0,0.68,60.0,0.64,373.04,0.69,110.0,0.63,757.0,0.7,574.0,0.62,298.5,0.71,458.0,0.61,460.5,0.72,409.0,0.32,90.0,0.35,30.0,0.31,80.0,0.36,373.04,0.3,574.0,0.37,757.0,0.29,458.0,0.38,298.5,0.28,409.0,0.39,460.5
2026-01-07 11:04:02.756000+00:00,2026-01-07 11:04:00.333404+00:00,242.756,0.655,0.64,0.67,0.355,0.35,0.36,145.04,173.41,5.0,145.04,0.63,747.0,0.68,70.0,0.62,338.0,0.69,80.0,0.61,334.0,0.7,817.0,0.6,423.64,0.71,458.0,0.59,463.7,0.72,409.0,0.34,110.0,0.37,747.0,0.33,103.41,0.38,338.0,0.32,70.0,0.39,334.0,0.31,80.0,0.4,423.64,0.3,878.0,0.41,463.7
2026-01-07 11:04:03.787000+00:00,2026-01-07 11:04:01.357288+00:00,243.787,0.645,0.64,0.65,0.355,0.35,0.36,150.04,10.0,124.6,15.04,0.63,802.0,0.66,125.0,0.62,293.0,0.67,138.41,0.61,334.0,0.68,50.0,0.6,423.64,0.69,80.0,0.59,453.7,0.7,878.0,0.34,65.0,0.37,223.0,0.33,88.41,0.38,193.0,0.32,30.0,0.39,264.0,0.31,201.0,0.4,343.64,0.3,394.0,0.41,453.7
2026-01-07 11:04:04.791000+00:00,2026-01-07 11:04:02.365385+00:00,244.791,0.615,0.61,0.62,0.385,0.38,0.39,20.0,85.0,85.0,20.0,0.6,277.24,0.63,40.0,0.59,318.4,0.64,115.0,0.58,368.0,0.65,85.0,0.57,567.0,0.66,65.0,0.56,479.0,0.67,496.41,0.37,40.0,0.4,277.24,0.36,115.0,0.41,318.4,0.35,85.0,0.42,368.0,0.34,65.0,0.43,567.0,0.33,496.41,0.44,479.0
2026-01-07 11:04:05.758000+00:00,2026-01-07 11:04:03.371803+00:00,245.758,0.62,0.61,0.63,0.38,0.37,0.39,70.41,85.0,85.0,70.41,0.6,237.24,0.64,45.0,0.59,318.0,0.65,105.0,0.58,368.0,0.66,95.0,0.57,557.0,0.67,496.41,0.56,479.0,0.68,404.0,0.36,45.0,0.4,237.24,0.35,105.0,0.41,318.0,0.34,95.0,0.42,368.0,0.33,496.41,0.43,557.0,0.32,404.0,0.44,479.0
2026-01-07 11:04:06.661000+00:00,2026-01-07 11:04:04.378210+00:00,246.661,0.625,0.62,0.63,0.375,0.37,0.38,20.0,125.0,125.0,20.0,0.61,110.41,0.64,60.0,0.6,347.24,0.65,130.0,0.59,328.0,0.66,105.0,0.58,410.0,0.67,496.41,0.57,514.0,0.68,404.0,0.36,60.0,0.39,110.41,0.35,130.0,0.4,347.24,0.34,105.0,0.41,328.0,0.33,496.41,0.42,410.0,0.32,404.0,0.43,514.0
2026-01-07 11:04:07.794000+00:00,2026-01-07 11:04:05.384510+00:00,247.794,0.625,0.62,0.63,0.375,0.37,0.38,116.0,5.0,1.82,103.0,0.61,182.0,0.64,75.0,0.6,322.24,0.65,35.0,0.59,308.0,0.66,130.0,0.58,400.0,0.67,415.41,0.57,514.0,0.68,414.0,0.36,75.0,0.39,243.0,0.35,35.0,0.4,808.24,0.34,130.0,0.41,308.0,0.33,232.41,0.42,358.0,0.32,414.0,0.43,519.3
2026-01-07 11:04:08.824000+00:00,2026-01-07 11:04:06.392361+00:00,248.824,0.625,0.62,0.63,0.375,0.37,0.38,21.0,91.82,111.82,21.0,0.61,358.0,0.64,115.0,0.6,808.24,0.65,40.0,0.59,343.0,0.66,135.0,0.58,494.3,0.67,192.41,0.57,524.3,0.68,439.0,0.36,115.0,0.39,358.0,0.35,40.0,0.4,808.24,0.34,135.0,0.41,353.0,0.33,192.41,0.42,489.0,0.32,439.0,0.43,524.3
2026-01-07 11:04:09.797000+00:00,2026-01-07 11:04:07.396795+00:00,249.797,0.625,0.62,0.63,0.375,0.37,0.38,11.0,108.34,108.34,11.0,0.61,378.0,0.64,90.0,0.6,823.24,0.65,80.0,0.59,318.0,0.66,135.0,0.58,484.3,0.67,192.41,0.57,539.3,0.68,439.0,0.36,90.0,0.39,378.0,0.35,80.0,0.4,843.24,0.34,135.0,0.41,318.0,0.33,192.41,0.42,484.3,0.32,439.0,0.43,539.3
2026-01-07 11:04:10.833000+00:00,2026-01-07 11:04:08.419303+00:00,250.833,0.615,0.61,0.62,0.385,0.38,0.39,355.11,65.0,25.0,410.11,0.6,873.24,0.63,69.99,0.59,308.0,0.64,85.0,0.58,484.3,0.65,75.0,0.57,544.3,0.66,110.0,0.56,494.3,0.67,192.41,0.37,69.99,0.4,838.24,0.36,85.0,0.41,308.0,0.35,75.0,0.42,484.3,0.34,110.0,0.43,544.3,0.33,192.41,0.44,494.3
2026-01-07 11:04:11.859000+00:00,2026-01-07 11:04:09.424941+00:00,251.859,0.615,0.61,0.62,0.385,0.38,0.39,410.11,15.0,15.0,480.11,0.6,838.24,0.63,69.99,0.59,308.0,0.64,65.0,0.58,479.0,0.65,105.0,0.57,544.3,0.66,120.0,0.56,484.3,0.67,192.41,0.37,69.99,0.4,813.24,0.36,45.0,0.41,288.0,0.35,125.0,0.42,489.0,0.34,110.0,0.43,534.3,0.33,651.41,0.44,484.3
2026-01-07 11:04:12.871000+00:00,2026-01-07 11:04:10.434035+00:00,252.871,0.615,0.61,0.62,0.385,0.38,0.39,475.11,15.0,15.0,475.11,0.6,813.24,0.63,74.99,0.59,288.0,0.64,65.0,0.58,494.3,0.65,125.0,0.57,534.3,0.66,110.0,0.56,484.3,0.67,651.41,0.37,74.99,0.4,813.24,0.36,65.0,0.41,288.0,0.35,135.0,0.42,494.3,0.34,110.0,0.43,534.3,0.33,651.41,0.44,484.3
2026-01-07 11:04:13.866000+00:00,2026-01-07 11:04:11.436953+00:00,253.866,0.615,0.61,0.62,0.385,0.38,0.39,450.11,15.0,5.0,451.11,0.6,793.24,0.64,75.0,0.59,298.0,0.65,75.0,0.58,479.0,0.66,140.0,0.57,541.4,0.67,642.41,0.56,484.3,0.68,439.0,0.36,75.0,0.4,741.24,0.35,75.0,0.41,288.0,0.34,155.0,0.42,484.3,0.33,642.41,0.43,541.4,0.32,439.0,0.44,484.3
2026-01-07 11:04:14.841000+00:00,2026-01-07 11:04:12.439965+00:00,254.841,0.635,0.63,0.64,0.365,0.36,0.37,43.0,75.0,75.0,43.0,0.62,165.0,0.65,75.0,0.61,354.0,0.66,165.0,0.6,741.24,0.67,642.41,0.59,306.54,0.68,449.0,0.58,484.3,0.69,464.0,0.35,75.0,0.38,165.0,0.34,165.0,0.39,354.0,0.33,642.41,0.4,741.24,0.32,449.0,0.41,306.54,0.31,464.0,0.42,484.3
2026-01-07 11:04:15.846000+00:00,2026-01-07 11:04:13.426378+00:00,255.846,0.63,0.62,0.64,0.37,0.36,0.38,170.0,80.0,80.0,165.61,0.61,348.0,0.65,135.0,0.6,778.24,0.66,145.0,0.59,296.54,0.67,612.41,0.58,494.3,0.68,449.0,0.57,542.7,0.69,503.0,0.35,135.0,0.39,348.0,0.34,145.0,0.4,736.24,0.33,612.41,0.41,296.54,0.32,449.0,0.42,494.3,0.31,503.0,0.43,542.7
2026-01-07 11:04:16.840000+00:00,2026-01-07 11:04:14.432337+00:00,256.84,0.625,0.62,0.63,0.375,0.37,0.38,40.61,94.99,94.99,40.61,0.61,433.0,0.64,75.0,0.6,359.24,0.65,110.0,0.59,296.54,0.66,115.0,0.58,484.3,0.67,173.41,0.57,552.7,0.68,439.0,0.36,90.0,0.39,403.0,0.35,80.0,0.4,399.24,0.34,115.0,0.41,296.54,0.33,173.41,0.42,484.3,0.32,439.0,0.43,552.7
2026-01-07 11:04:17.869000+00:00,2026-01-07 11:04:15.438354+00:00,257.869,0.605,0.6,0.61,0.395,0.39,0.4,45.0,69.99,99.99,40.0,0.59,662.54,0.62,70.0,0.58,358.0,0.63,80.0,0.57,457.76,0.64,115.0,0.56,373.3,0.65,439.0,0.55,454.3,0.66,454.0,0.38,90.0,0.41,587.54,0.37,85.0,0.42,458.0,0.36,130.0,0.43,457.76,0.35,449.0,0.44,363.3,0.34,444.0,0.45,464.3
2026-01-07 11:04:18.887000+00:00,2026-01-07 11:04:16.457715+00:00,258.887,0.605,0.6,0.61,0.395,0.39,0.4,25.0,52.49,52.49,50.0,0.59,674.0,0.62,95.0,0.58,368.0,0.63,55.0,0.57,467.76,0.64,170.0,0.56,358.0,0.65,459.0,0.55,449.0,0.66,444.0,0.38,95.0,0.41,664.0,0.37,45.0,0.42,368.0,0.36,150.0,0.43,467.76,0.35,459.0,0.44,358.0,0.34,444.0,0.45,449.0
2026-01-07 11:04:19.895000+00:00,2026-01-07 11:04:17.466474+00:00,259.895,0.605,0.6,0.61,0.395,0.39,0.4,145.0,5.0,5.0,145.0,0.59,726.0,0.62,75.0,0.58,368.0,0.63,60.0,0.57,457.76,0.64,90.0,0.56,479.0,0.65,449.0,0.55,449.0,0.66,523.0,0.38,75.0,0.41,726.0,0.37,60.0,0.42,368.0,0.36,90.0,0.43,457.76,0.35,454.0,0.44,479.0,0.34,533.0,0.45,449.0
2026-01-07 11:04:20.897000+00:00,2026-01-07 11:04:18.473411+00:00,260.897,0.615,0.61,0.62,0.39,0.38,0.4,35.0,130.0,140.0,140.0,0.6,105.0,0.63,70.0,0.59,777.0,0.64,70.0,0.58,368.0,0.65,145.0,0.57,457.76,0.66,372.0,0.56,479.0,0.67,412.41,0.37,115.0,0.41,797.0,0.36,70.0,0.42,388.0,0.35,145.0,0.43,467.76,0.34,382.0,0.44,479.0,0.33,412.41,0.45,454.3
2026-01-07 11:04:21.926000+00:00,2026-01-07 11:04:19.495579+00:00,261.926,0.595,0.59,0.6,0.405,0.4,0.41,712.0,65.0,90.0,642.0,0.58,388.0,0.61,95.0,0.57,494.76,0.62,85.0,0.56,539.3,0.63,30.0,0.55,464.3,0.64,313.0,0.54,475.2,0.65,378.0,0.39,115.0,0.42,443.0,0.38,85.0,0.43,444.76,0.37,75.0,0.44,534.0,0.36,373.0,0.45,454.3,0.35,388.0,0.46,475.2
2026-01-07 11:04:22.936000+00:00,2026-01-07 11:04:20.502098+00:00,262.936,0.605,0.6,0.61,0.395,0.39,0.4,20.0,90.0,90.0,15.0,0.59,523.26,0.62,110.0,0.58,150.0,0.63,160.0,0.57,477.76,0.64,474.0,0.56,358.0,0.65,439.0,0.55,328.0,0.66,458.0,0.38,120.0,0.41,458.26,0.37,190.0,0.42,220.0,0.36,444.0,0.43,434.76,0.35,439.0,0.44,412.0,0.34,468.0,0.45,328.0
2026-01-07 11:04:23.975000+00:00,2026-01-07 11:04:21.508500+00:00,263.975,0.595,0.59,0.6,0.405,0.4,0.41,515.77,5.0,5.0,540.77,0.58,140.0,0.61,40.0,0.57,424.76,0.62,98.86,0.56,412.0,0.63,150.0,0.55,328.0,0.64,434.0,0.54,460.0,0.65,449.0,0.39,40.0,0.42,150.0,0.38,78.86,0.43,467.76,0.37,175.0,0.44,358.0,0.36,459.0,0.45,328.0,0.35,479.0,0.46,460.0
2026-01-07 11:04:24.948000+00:00,2026-01-07 11:04:22.515247+00:00,264.948,0.615,0.61,0.62,0.385,0.38,0.39,277.0,20.0,20.0,262.0,0.6,187.0,0.63,55.0,0.59,167.0,0.64,314.0,0.58,385.0,0.65,436.86,0.57,535.76,0.66,374.0,0.56,479.0,0.67,377.41,0.37,55.0,0.4,268.0,0.36,10.0,0.41,298.0,0.35,83.86,0.42,404.0,0.34,246.0,0.43,535.76,0.33,417.41,0.44,487.8
2026-01-07 11:04:25.947000+00:00,2026-01-07 11:04:23.520381+00:00,265.947,0.625,0.62,0.63,0.375,0.37,0.38,115.0,20.0,25.0,125.0,0.61,268.0,0.64,35.0,0.6,360.0,0.65,58.86,0.59,283.0,0.66,135.0,0.58,404.0,0.67,103.41,0.57,535.76,0.68,369.0,0.36,35.0,0.39,268.0,0.35,58.86,0.4,360.0,0.34,135.0,0.41,283.0,0.33,113.41,0.42,404.0,0.32,369.0,0.43,535.76
2026-01-07 11:04:26.908000+00:00,2026-01-07 11:04:24.524452+00:00,266.908,0.625,0.62,0.63,0.375,0.37,0.38,170.0,25.0,25.0,170.0,0.61,258.0,0.64,35.0,0.6,360.0,0.65,83.86,0.59,293.0,0.66,130.0,0.58,404.0,0.67,83.41,0.57,535.76,0.68,369.0,0.35,25.0,0.39,223.0,0.34,85.0,0.4,350.0,0.33,103.41,0.41,293.0,0.32,418.0,0.42,404.0,0.31,359.0,0.43,535.76
2026-01-07 11:04:27.962000+00:00,2026-01-07 11:04:25.530057+00:00,267.962,0.645,0.64,0.65,0.355,0.35,0.36,105.11,15.0,15.0,97.11,0.63,232.0,0.66,154.59,0.62,241.78,0.67,97.41,0.61,298.0,0.68,95.0,0.6,752.0,0.69,211.0,0.59,414.0,0.7,359.0,0.34,154.59,0.37,293.0,0.33,97.41,0.38,241.78,0.32,95.0,0.39,339.0,0.31,211.0,0.4,752.0,0.3,429.0,0.41,414.0
2026-01-07 11:04:28.959000+00:00,2026-01-07 11:04:26.536851+00:00,268.959,0.655,0.65,0.66,0.345,0.34,0.35,350.0,19.59,19.59,350.0,0.64,243.0,0.67,8.41,0.63,233.0,0.68,35.0,0.62,417.78,0.69,149.0,0.61,404.0,0.7,680.0,0.6,404.0,0.71,379.0,0.33,13.41,0.36,248.0,0.32,35.0,0.37,233.0,0.31,149.0,0.38,417.78,0.3,559.0,0.39,404.0,0.29,196.0,0.4,409.4
2026-01-07 11:04:29.960000+00:00,2026-01-07 11:04:27.557131+00:00,269.96,0.665,0.66,0.67,0.335,0.33,0.34,115.0,18.75,33.75,100.0,0.65,331.0,0.68,50.0,0.64,238.0,0.69,193.6,0.63,293.0,0.7,549.0,0.62,427.78,0.71,45.0,0.61,419.5,0.72,339.0,0.32,85.0,0.35,293.0,0.31,203.6,0.36,238.0,0.3,519.0,0.37,333.0,0.29,45.0,0.38,433.28,0.28,339.0,0.39,419.5
2026-01-07 11:04:30.974000+00:00,2026-01-07 11:04:28.565583+00:00,270.974,0.665,0.66,0.67,0.335,0.33,0.34,105.0,31.29,31.29,90.0,0.65,248.0,0.68,125.0,0.64,312.0,0.69,153.6,0.63,293.0,0.7,529.0,0.62,433.28,0.71,35.0,0.61,429.5,0.72,339.0,0.32,125.0,0.35,248.0,0.31,153.6,0.36,312.0,0.3,529.0,0.37,293.0,0.29,35.0,0.38,433.28,0.28,339.0,0.39,429.5
2026-01-07 11:04:31.860000+00:00,2026-01-07 11:04:29.587534+00:00,271.86,0.655,0.65,0.66,0.345,0.34,0.35,294.13,40.0,35.0,299.13,0.64,342.0,0.67,100.0,0.63,323.0,0.68,85.0,0.62,433.28,0.69,123.6,0.61,419.5,0.7,529.0,0.6,429.4,0.71,35.0,0.33,95.0,0.36,372.0,0.32,95.0,0.37,303.0,0.31,123.6,0.38,413.28,0.3,599.0,0.39,419.5,0.29,105.0,0.4,419.4
2026-01-07 11:04:32.942000+00:00,2026-01-07 11:04:30.595066+00:00,272.942,0.655,0.65,0.66,0.345,0.34,0.35,233.0,115.01,120.01,198.0,0.64,802.0,0.67,80.0,0.63,318.0,0.68,55.0,0.62,457.78,0.69,133.6,0.61,409.5,0.7,140.0,0.6,429.4,0.71,105.0,0.33,115.0,0.36,827.0,0.32,30.0,0.37,328.0,0.31,158.6,0.38,457.78,0.3,140.0,0.39,409.5,0.29,105.0,0.4,419.4
2026-01-07 11:04:34.028000+00:00,2026-01-07 11:04:31.601997+00:00,274.028,0.655,0.65,0.66,0.345,0.34,0.35,137.14,180.0,130.0,137.14,0.64,637.0,0.67,40.0,0.63,288.0,0.68,135.0,0.62,430.11,0.69,218.6,0.61,424.0,0.7,444.0,0.6,414.0,0.71,838.0,0.33,40.0,0.36,637.0,0.32,135.0,0.37,288.0,0.31,218.6,0.38,390.11,0.3,444.0,0.39,444.0,0.29,838.0,0.4,424.0
2026-01-07 11:04:35.043000+00:00,2026-01-07 11:04:32.611103+00:00,275.043,0.655,0.65,0.66,0.355,0.35,0.36,122.14,147.94,30.0,697.0,0.64,697.0,0.67,65.0,0.63,365.16,0.68,165.0,0.62,303.0,0.69,218.6,0.61,455.0,0.7,454.0,0.6,404.0,0.71,838.0,0.34,167.94,0.37,380.16,0.33,65.0,0.38,311.21,0.32,165.0,0.39,470.0,0.31,218.6,0.4,404.0,0.3,454.0,0.41,404.0
2026-01-07 11:04:36.946000+00:00,2026-01-07 11:04:34.637748+00:00,276.946,0.635,0.63,0.64,0.365,0.36,0.37,45.0,65.0,80.0,15.0,0.62,303.0,0.65,60.0,0.61,358.0,0.66,222.94,0.6,466.0,0.67,155.0,0.59,404.0,0.68,125.0,0.58,484.3,0.69,376.6,0.35,55.0,0.38,243.0,0.34,222.94,0.39,388.0,0.33,155.0,0.4,495.96,0.32,125.0,0.41,414.0,0.31,376.6,0.42,484.3
2026-01-07 11:04:38.073000+00:00,2026-01-07 11:04:35.645951+00:00,278.073,0.59,0.58,0.6,0.415,0.41,0.42,217.0,45.0,15.0,215.0,0.57,379.1,0.61,70.0,0.56,524.29,0.62,35.0,0.55,454.3,0.63,65.0,0.54,454.2,0.64,149.06,0.53,454.2,0.65,318.0,0.4,60.0,0.43,404.1,0.39,100.0,0.44,552.99,0.38,55.0,0.45,459.0,0.37,65.0,0.46,464.2,0.36,79.06,0.47,454.2
2026-01-07 11:04:39.058000+00:00,2026-01-07 11:04:36.667106+00:00,279.058,0.6,0.59,0.61,0.4,0.39,0.41,155.0,65.0,65.0,155.0,0.58,80.0,0.62,50.0,0.57,442.07,0.63,105.0,0.56,489.0,0.64,69.06,0.55,449.0,0.65,323.0,0.54,454.2,0.66,461.94,0.38,50.0,0.42,80.0,0.37,105.0,0.43,442.07,0.36,69.06,0.44,489.0,0.35,323.0,0.45,449.0,0.34,461.94,0.46,454.2
2026-01-07 11:04:40.820000+00:00,2026-01-07 11:04:38.670297+00:00,280.82,0.595,0.59,0.6,0.405,0.4,0.41,140.0,4.1,4.1,140.0,0.58,70.0,0.61,65.0,0.57,500.97,0.62,50.0,0.56,489.0,0.63,135.0,0.55,449.0,0.64,59.06,0.54,454.2,0.65,318.0,0.39,65.0,0.42,70.0,0.38,50.0,0.43,425.97,0.37,135.0,0.44,489.0,0.36,59.06,0.45,449.0,0.35,318.0,0.46,454.2
2026-01-07 11:04:42.089000+00:00,2026-01-07 11:04:39.672700+00:00,282.089,0.595,0.59,0.6,0.405,0.4,0.41,569.0,4.1,4.1,569.0,0.58,127.0,0.61,65.0,0.57,382.97,0.62,40.0,0.56,489.0,0.63,135.0,0.55,455.1,0.64,139.06,0.54,454.2,0.65,318.0,0.39,65.0,0.42,127.0,0.38,40.0,0.43,382.97,0.37,135.0,0.44,489.0,0.36,139.06,0.45,455.1,0.35,318.0,0.46,454.2
2026-01-07 11:04:43.838000+00:00,2026-01-07 11:04:41.687025+00:00,283.838,0.605,0.6,0.61,0.395,0.39,0.4,10.0,65.0,65.0,10.0,0.59,584.0,0.62,40.0,0.58,140.0,0.63,115.0,0.57,415.97,0.64,129.06,0.56,479.0,0.65,367.0,0.55,449.0,0.66,451.94,0.38,40.0,0.41,584.0,0.37,115.0,0.42,140.0,0.36,129.06,0.43,415.97,0.35,367.0,0.44,479.0,0.34,451.94,0.45,449.0
2026-01-07 11:04:45.048000+00:00,2026-01-07 11:04:42.693495+00:00,285.048,0.605,0.6,0.61,0.395,0.39,0.4,42.09,65.0,65.0,42.09,0.59,584.0,0.62,40.0,0.58,150.0,0.63,85.0,0.57,425.97,0.64,159.06,0.56,479.0,0.65,367.0,0.55,449.0,0.66,461.94,0.38,40.0,0.41,584.0,0.37,85.0,0.42,145.0,0.36,159.06,0.43,425.97,0.35,367.0,0.44,479.0,0.34,461.94,0.45,449.0
2026-01-07 11:04:46.029000+00:00,2026-01-07 11:04:43.685852+00:00,286.029,0.605,0.6,0.61,0.395,0.39,0.4,2.09,65.0,65.0,2.09,0.59,574.0,0.62,45.0,0.58,135.0,0.63,115.0,0.57,425.97,0.64,149.06,0.56,489.0,0.65,367.0,0.55,449.0,0.66,910.94,0.38,45.0,0.41,574.0,0.37,115.0,0.42,135.0,0.36,149.06,0.43,425.97,0.35,367.0,0.44,489.0,0.34,910.94,0.45,449.0
2026-01-07 11:04:47.117000+00:00,2026-01-07 11:04:44.692856+00:00,287.117,0.605,0.6,0.61,0.395,0.39,0.4,12.09,105.0,110.0,2.09,0.59,584.0,0.62,55.0,0.58,205.0,0.63,125.0,0.57,353.0,0.64,149.06,0.56,562.99,0.65,367.0,0.55,449.0,0.66,900.94,0.38,40.0,0.41,534.0,0.37,85.0,0.42,205.0,0.36,149.06,0.43,343.0,0.35,488.0,0.44,538.0,0.34,900.94,0.45,449.0
2026-01-07 11:04:48.148000+00:00,2026-01-07 11:04:45.716095+00:00,288.148,0.595,0.59,0.6,0.405,0.4,0.41,115.63,35.0,35.0,293.0,0.58,111.0,0.61,50.0,0.57,856.97,0.62,131.0,0.56,298.0,0.63,136.0,0.55,449.0,0.64,194.06,0.54,449.0,0.65,150.0,0.39,25.0,0.42,265.0,0.38,126.0,0.43,791.97,0.37,141.0,0.44,298.0,0.36,229.06,0.45,449.0,0.35,100.0,0.46,449.0
2026-01-07 11:04:49.909000+00:00,2026-01-07 11:04:47.734699+00:00,289.909,0.605,0.6,0.61,0.395,0.39,0.4,120.0,55.0,55.0,120.0,0.59,248.0,0.62,40.0,0.58,292.99,0.63,110.0,0.57,421.0,0.64,148.06,0.56,358.0,0.65,65.0,0.55,449.0,0.66,900.94,0.38,40.0,0.41,243.0,0.37,110.0,0.42,292.99,0.36,148.06,0.43,421.0,0.35,65.0,0.44,358.0,0.34,900.94,0.45,449.0
2026-01-07 11:04:51.195000+00:00,2026-01-07 11:04:48.756800+00:00,291.195,0.605,0.6,0.61,0.395,0.39,0.4,165.0,40.0,40.0,165.0,0.59,262.97,0.62,40.0,0.58,263.0,0.63,90.0,0.57,373.0,0.64,148.06,0.56,358.0,0.65,65.0,0.55,449.0,0.66,900.94,0.38,40.0,0.41,262.97,0.37,90.0,0.42,263.0,0.36,168.06,0.43,416.0,0.35,65.0,0.44,358.0,0.34,900.94,0.45,449.0
2026-01-07 11:04:52.194000+00:00,2026-01-07 11:04:49.774783+00:00,292.194,0.605,0.6,0.61,0.395,0.39,0.4,140.0,40.0,55.0,120.0,0.59,303.0,0.62,40.0,0.58,362.99,0.63,85.0,0.57,416.0,0.64,89.06,0.56,358.0,0.65,65.0,0.55,449.0,0.66,900.94,0.38,55.0,0.41,313.0,0.37,115.0,0.42,352.99,0.36,59.06,0.43,373.0,0.35,65.0,0.44,358.0,0.34,900.94,0.45,449.0
2026-01-07 11:04:53.150000+00:00,2026-01-07 11:04:50.779857+00:00,293.15,0.605,0.6,0.61,0.395,0.39,0.4,91.78,40.0,35.0,91.78,0.59,338.0,0.62,90.0,0.58,352.99,0.63,115.0,0.57,373.0,0.64,149.06,0.56,412.0,0.65,135.0,0.55,449.0,0.66,900.94,0.38,90.0,0.41,787.0,0.37,115.0,0.42,347.99,0.36,149.06,0.43,373.0,0.35,135.0,0.44,412.0,0.34,900.94,0.45,449.0
2026-01-07 11:04:54.031000+00:00,2026-01-07 11:04:51.784124+00:00,294.031,0.6,0.59,0.61,0.4,0.39,0.41,864.11,65.0,65.0,864.11,0.58,347.99,0.62,95.0,0.57,416.0,0.63,115.0,0.56,368.0,0.64,149.06,0.55,449.0,0.65,184.0,0.54,454.2,0.66,900.94,0.38,95.0,0.42,347.99,0.37,115.0,0.43,416.0,0.36,149.06,0.44,368.0,0.35,184.0,0.45,449.0,0.34,900.94,0.46,454.2
