timestamp,collected_at,seconds,mid,bid,ask,asset
2026-01-06 06:30:00+00:00,2026-01-06 06:34:23.984921+00:00,0.0,3226.622,3226.4,3226.78,ETH
2026-01-06 06:30:01+00:00,2026-01-06 06:34:24.995686+00:00,1.0,3226.842,3226.51,3226.92,ETH
2026-01-06 06:30:02+00:00,2026-01-06 06:34:26.004693+00:00,2.0,3226.632,3226.49,3226.67,ETH
2026-01-06 06:30:03+00:00,2026-01-06 06:34:27.017802+00:00,3.0,3226.492,3226.39,3226.86,ETH
2026-01-06 06:30:04+00:00,2026-01-06 06:34:28.005153+00:00,4.0,3226.492,3226.38,3226.86,ETH
2026-01-06 06:30:05+00:00,2026-01-06 06:34:29.028418+00:00,5.0,3226.802,3226.49,3226.9,ETH
2026-01-06 06:30:06+00:00,2026-01-06 06:34:30.019304+00:00,6.0,3226.862,3226.56,3227.06,ETH
2026-01-06 06:30:07+00:00,2026-01-06 06:34:31.018508+00:00,7.0,3226.872,3226.57,3227.08,ETH
2026-01-06 06:30:08+00:00,2026-01-06 06:34:32.035140+00:00,8.0,3226.902,3226.63,3227.17,ETH
2026-01-06 06:30:09+00:00,2026-01-06 06:34:33.050642+00:00,9.0,3227.142,3226.82,3227.43,ETH
2026-01-06 06:30:10+00:00,2026-01-06 06:34:34.032730+00:00,10.0,3227.382,3227.11,3227.66,ETH
2026-01-06 06:30:11+00:00,2026-01-06 06:34:35.050578+00:00,11.0,3227.642,3227.43,3227.9,ETH
2026-01-06 06:30:12+00:00,2026-01-06 06:34:36.047296+00:00,12.0,3227.952,3227.67,3228.15,ETH
2026-01-06 06:30:13+00:00,2026-01-06 06:34:37.055444+00:00,13.0,3227.952,3227.71,3228.36,ETH
2026-01-06 06:30:14+00:00,2026-01-06 06:34:38.050215+00:00,14.0,3227.952,3227.71,3228.3,ETH
2026-01-06 06:30:15+00:00,2026-01-06 06:34:39.063574+00:00,15.0,3227.952,3227.71,3228.22,ETH
2026-01-06 06:30:16+00:00,2026-01-06 06:34:40.078809+00:00,16.0,3227.952,3227.71,3228.21,ETH
2026-01-06 06:30:17+00:00,2026-01-06 06:34:41.101808+00:00,17.0,3227.992,3227.83,3228.12,ETH
2026-01-06 06:30:18+00:00,2026-01-06 06:34:42.105856+00:00,18.0,3228.012,3227.85,3228.12,ETH
2026-01-06 06:30:19+00:00,2026-01-06 06:34:43.119716+00:00,19.0,3228.122,3227.82,3228.18,ETH
2026-01-06 06:30:20+00:00,2026-01-06 06:34:44.138987+00:00,20.0,3228.102,3227.82,3228.14,ETH
2026-01-06 06:30:21+00:00,2026-01-06 06:34:45.139887+00:00,21.0,3228.142,3227.84,3228.27,ETH
2026-01-06 06:30:22+00:00,2026-01-06 06:34:46.143195+00:00,22.0,3228.172,3227.84,3228.27,ETH
2026-01-06 06:30:23+00:00,2026-01-06 06:34:47.144375+00:00,23.0,3228.172,3227.95,3228.27,ETH
2026-01-06 06:30:24+00:00,2026-01-06 06:34:48.153315+00:00,24.0,3228.262,3227.95,3228.37,ETH
2026-01-06 06:30:25+00:00,2026-01-06 06:34:49.166451+00:00,25.0,3228.262,3227.94,3228.36,ETH
2026-01-06 06:30:26+00:00,2026-01-06 06:34:50.189082+00:00,26.0,3227.962,3227.94,3228.24,ETH
2026-01-06 06:30:27+00:00,2026-01-06 06:34:51.184463+00:00,27.0,3227.862,3227.68,3228.0,ETH
2026-01-06 06:30:28+00:00,2026-01-06 06:34:52.207917+00:00,28.0,3227.862,3227.69,3227.95,ETH
2026-01-06 06:30:29+00:00,2026-01-06 06:34:53.197143+00:00,29.0,3227.632,3227.43,3227.63,ETH
2026-01-06 06:30:30+00:00,2026-01-06 06:34:54.199022+00:00,30.0,3227.632,3227.39,3227.77,ETH
2026-01-06 06:30:31+00:00,2026-01-06 06:34:55.201091+00:00,31.0,3227.412,3227.21,3227.67,ETH
2026-01-06 06:30:32+00:00,2026-01-06 06:34:56.241839+00:00,32.0,3227.412,3227.23,3227.52,ETH
2026-01-06 06:30:33+00:00,2026-01-06 06:34:57.258806+00:00,33.0,3227.452,3227.22,3227.54,ETH
2026-01-06 06:30:34+00:00,2026-01-06 06:34:58.286602+00:00,34.0,3227.432,3227.23,3227.55,ETH
2026-01-06 06:30:35+00:00,2026-01-06 06:34:59.244709+00:00,35.0,3227.392,3227.23,3227.51,ETH
2026-01-06 06:30:36+00:00,2026-01-06 06:35:00.289457+00:00,36.0,3227.332,3227.16,3227.46,ETH
2026-01-06 06:30:37+00:00,2026-01-06 06:35:01.251093+00:00,37.0,3227.292,3227.1,3227.45,ETH
2026-01-06 06:30:38+00:00,2026-01-06 06:35:02.259420+00:00,38.0,3227.292,3227.12,3227.46,ETH
2026-01-06 06:30:39+00:00,2026-01-06 06:35:03.281548+00:00,39.0,3227.292,3227.13,3227.52,ETH
2026-01-06 06:30:40+00:00,2026-01-06 06:35:04.282569+00:00,40.0,3227.292,3227.13,3227.49,ETH
2026-01-06 06:30:41+00:00,2026-01-06 06:35:05.282867+00:00,41.0,3227.292,3227.12,3227.51,ETH
2026-01-06 06:30:42+00:00,2026-01-06 06:35:06.306920+00:00,42.0,3227.282,3227.12,3227.56,ETH
2026-01-06 06:30:43+00:00,2026-01-06 06:35:07.311020+00:00,43.0,3227.112,3227.0,3227.47,ETH
2026-01-06 06:30:44+00:00,2026-01-06 06:35:08.333606+00:00,44.0,3226.942,3226.84,3227.27,ETH
2026-01-06 06:30:45+00:00,2026-01-06 06:35:09.324975+00:00,45.0,3226.942,3226.81,3227.15,ETH
2026-01-06 06:30:46+00:00,2026-01-06 06:35:10.330517+00:00,46.0,3226.942,3226.81,3227.14,ETH
2026-01-06 06:30:47+00:00,2026-01-06 06:35:11.357678+00:00,47.0,3226.942,3226.83,3227.15,ETH
2026-01-06 06:30:48+00:00,2026-01-06 06:35:12.357140+00:00,48.0,3226.942,3226.84,3227.14,ETH
2026-01-06 06:30:49+00:00,2026-01-06 06:35:13.372020+00:00,49.0,3226.942,3226.85,3227.15,ETH
2026-01-06 06:30:50+00:00,2026-01-06 06:35:14.383930+00:00,50.0,3226.942,3226.85,3227.15,ETH
2026-01-06 06:30:51+00:00,2026-01-06 06:35:15.406063+00:00,51.0,3226.942,3226.85,3227.12,ETH
2026-01-06 06:30:52+00:00,2026-01-06 06:35:16.402556+00:00,52.0,3227.112,3226.98,3227.27,ETH
2026-01-06 06:30:53+00:00,2026-01-06 06:35:17.419953+00:00,53.0,3227.112,3226.95,3227.28,ETH
2026-01-06 06:30:54+00:00,2026-01-06 06:35:18.416777+00:00,54.0,3227.112,3226.95,3227.25,ETH
2026-01-06 06:30:55+00:00,2026-01-06 06:35:19.433868+00:00,55.0,3227.102,3226.94,3227.24,ETH
2026-01-06 06:30:56+00:00,2026-01-06 06:35:20.437069+00:00,56.0,3227.102,3226.94,3227.23,ETH
2026-01-06 06:30:57+00:00,2026-01-06 06:35:21.451378+00:00,57.0,3227.112,3226.94,3227.22,ETH
2026-01-06 06:30:58+00:00,2026-01-06 06:35:22.449052+00:00,58.0,3227.102,3226.94,3227.18,ETH
2026-01-06 06:30:59+00:00,2026-01-06 06:35:23.451872+00:00,59.0,3226.912,3226.85,3226.96,ETH
2026-01-06 06:31:00+00:00,2026-01-06 06:35:24.464698+00:00,60.0,3226.942,3226.79,3227.0,ETH
2026-01-06 06:31:01+00:00,2026-01-06 06:35:25.472820+00:00,61.0,3226.942,3226.78,3227.01,ETH
2026-01-06 06:31:02+00:00,2026-01-06 06:35:26.473119+00:00,62.0,3226.742,3226.47,3226.79,ETH
2026-01-06 06:31:03+00:00,2026-01-06 06:35:27.466895+00:00,63.0,3226.862,3226.61,3226.91,ETH
2026-01-06 06:31:04+00:00,2026-01-06 06:35:28.490139+00:00,64.0,3226.902,3226.68,3226.98,ETH
2026-01-06 06:31:05+00:00,2026-01-06 06:35:29.488665+00:00,65.0,3226.902,3226.68,3227.06,ETH
2026-01-06 06:31:06+00:00,2026-01-06 06:35:30.486081+00:00,66.0,3226.902,3226.68,3227.03,ETH
2026-01-06 06:31:07+00:00,2026-01-06 06:35:31.483261+00:00,67.0,3226.902,3226.67,3227.0,ETH
2026-01-06 06:31:08+00:00,2026-01-06 06:35:32.488905+00:00,68.0,3226.902,3226.67,3227.0,ETH
2026-01-06 06:31:09+00:00,2026-01-06 06:35:33.503898+00:00,69.0,3226.822,3226.65,3227.0,ETH
2026-01-06 06:31:10+00:00,2026-01-06 06:35:35.502349+00:00,70.0,3226.822,3226.66,3227.01,ETH
2026-01-06 06:31:11+00:00,2026-01-06 06:35:36.505609+00:00,71.0,3226.822,3226.66,3226.99,ETH
2026-01-06 06:31:12+00:00,2026-01-06 06:35:37.514862+00:00,72.0,3226.862,3226.67,3226.99,ETH
2026-01-06 06:31:13+00:00,2026-01-06 06:35:38.514347+00:00,73.0,3227.032,3226.75,3227.14,ETH
2026-01-06 06:31:14+00:00,2026-01-06 06:35:39.525133+00:00,74.0,3227.222,3226.96,3227.35,ETH
2026-01-06 06:31:15+00:00,2026-01-06 06:35:40.533086+00:00,75.0,3227.252,3227.14,3227.49,ETH
2026-01-06 06:31:16+00:00,2026-01-06 06:35:41.548620+00:00,76.0,3227.362,3227.22,3227.56,ETH
2026-01-06 06:31:17+00:00,2026-01-06 06:35:42.565172+00:00,77.0,3227.522,3227.27,3227.63,ETH
2026-01-06 06:31:18+00:00,2026-01-06 06:35:43.578939+00:00,78.0,3227.562,3227.26,3227.68,ETH
2026-01-06 06:31:19+00:00,2026-01-06 06:35:44.582460+00:00,79.0,3227.562,3227.26,3227.68,ETH
2026-01-06 06:31:20+00:00,2026-01-06 06:35:45.580145+00:00,80.0,3227.562,3227.26,3227.66,ETH
2026-01-06 06:31:21+00:00,2026-01-06 06:35:46.576979+00:00,81.0,3227.562,3227.26,3227.64,ETH
2026-01-06 06:31:22+00:00,2026-01-06 06:35:47.579946+00:00,82.0,3227.572,3227.27,3227.63,ETH
2026-01-06 06:31:23+00:00,2026-01-06 06:35:48.582035+00:00,83.0,3227.402,3227.22,3227.53,ETH
2026-01-06 06:31:24+00:00,2026-01-06 06:35:49.597874+00:00,84.0,3227.242,3227.1,3227.38,ETH
2026-01-06 06:31:25+00:00,2026-01-06 06:35:50.603499+00:00,85.0,3227.312,3227.09,3227.41,ETH
2026-01-06 06:31:26+00:00,2026-01-06 06:35:51.616168+00:00,86.0,3227.382,3227.15,3227.52,ETH
2026-01-06 06:31:27+00:00,2026-01-06 06:35:52.617507+00:00,87.0,3227.412,3227.15,3227.58,ETH
2026-01-06 06:31:28+00:00,2026-01-06 06:35:53.615334+00:00,88.0,3227.482,3227.2,3227.64,ETH
2026-01-06 06:31:29+00:00,2026-01-06 06:35:54.611828+00:00,89.0,3227.542,3227.24,3227.63,ETH
2026-01-06 06:31:30+00:00,2026-01-06 06:35:55.613936+00:00,90.0,3227.542,3227.23,3227.6,ETH
2026-01-06 06:31:31+00:00,2026-01-06 06:35:56.628618+00:00,91.0,3227.542,3227.23,3227.61,ETH
2026-01-06 06:31:32+00:00,2026-01-06 06:35:57.647556+00:00,92.0,3227.542,3227.23,3227.61,ETH
2026-01-06 06:31:33+00:00,2026-01-06 06:35:58.646478+00:00,93.0,3227.542,3227.23,3227.66,ETH
2026-01-06 06:31:34+00:00,2026-01-06 06:35:59.648240+00:00,94.0,3227.742,3227.58,3227.89,ETH
2026-01-06 06:31:35+00:00,2026-01-06 06:36:00.650726+00:00,95.0,3227.922,3227.58,3227.99,ETH
2026-01-06 06:31:36+00:00,2026-01-06 06:36:01.656843+00:00,96.0,3227.922,3227.58,3228.01,ETH
2026-01-06 06:31:37+00:00,2026-01-06 06:36:02.657910+00:00,97.0,3227.922,3227.59,3228.01,ETH
2026-01-06 06:31:38+00:00,2026-01-06 06:36:03.664052+00:00,98.0,3227.962,3227.63,3228.11,ETH
2026-01-06 06:31:39+00:00,2026-01-06 06:36:04.667978+00:00,99.0,3228.082,3227.74,3228.28,ETH
2026-01-06 06:31:40+00:00,2026-01-06 06:36:05.674137+00:00,100.0,3228.092,3227.75,3228.27,ETH
2026-01-06 06:31:41+00:00,2026-01-06 06:36:06.732488+00:00,101.0,3227.942,3227.74,3228.19,ETH
2026-01-06 06:31:42+00:00,2026-01-06 06:36:07.731045+00:00,102.0,3227.792,3227.61,3227.98,ETH
2026-01-06 06:31:43+00:00,2026-01-06 06:36:08.732942+00:00,103.0,3227.792,3227.47,3227.89,ETH
2026-01-06 06:31:44+00:00,2026-01-06 06:36:09.733194+00:00,104.0,3227.792,3227.47,3227.89,ETH
2026-01-06 06:31:45+00:00,2026-01-06 06:36:10.742510+00:00,105.0,3227.902,3227.6,3228.05,ETH
2026-01-06 06:31:46+00:00,2026-01-06 06:36:11.733566+00:00,106.0,3228.032,3227.73,3228.23,ETH
2026-01-06 06:31:47+00:00,2026-01-06 06:36:12.742159+00:00,107.0,3228.052,3227.73,3228.23,ETH
2026-01-06 06:31:48+00:00,2026-01-06 06:36:13.741196+00:00,108.0,3228.062,3227.72,3228.23,ETH
2026-01-06 06:31:49+00:00,2026-01-06 06:36:14.736263+00:00,109.0,3228.062,3227.73,3228.24,ETH
2026-01-06 06:31:50+00:00,2026-01-06 06:36:15.750235+00:00,110.0,3228.072,3227.74,3228.23,ETH
2026-01-06 06:31:51+00:00,2026-01-06 06:36:16.761677+00:00,111.0,3228.062,3227.74,3228.26,ETH
2026-01-06 06:31:52+00:00,2026-01-06 06:36:17.766534+00:00,112.0,3228.072,3227.74,3228.29,ETH
2026-01-06 06:31:53+00:00,2026-01-06 06:36:18.757828+00:00,113.0,3228.072,3227.75,3228.27,ETH
2026-01-06 06:31:54+00:00,2026-01-06 06:36:19.759772+00:00,114.0,3228.072,3227.74,3228.28,ETH
2026-01-06 06:31:55+00:00,2026-01-06 06:36:20.777453+00:00,115.0,3228.172,3227.83,3228.4,ETH
2026-01-06 06:31:56+00:00,2026-01-06 06:36:21.793358+00:00,116.0,3228.272,3227.93,3228.47,ETH
2026-01-06 06:31:57+00:00,2026-01-06 06:36:22.813608+00:00,117.0,3228.302,3227.96,3228.53,ETH
2026-01-06 06:31:58+00:00,2026-01-06 06:36:23.834091+00:00,118.0,3228.342,3227.99,3228.59,ETH
2026-01-06 06:31:59+00:00,2026-01-06 06:36:24.818017+00:00,119.0,3228.472,3228.16,3228.63,ETH
2026-01-06 06:32:00+00:00,2026-01-06 06:36:25.829928+00:00,120.0,3228.562,3228.23,3228.73,ETH
2026-01-06 06:32:01+00:00,2026-01-06 06:36:26.846728+00:00,121.0,3228.612,3228.32,3228.93,ETH
2026-01-06 06:32:02+00:00,2026-01-06 06:36:27.847857+00:00,122.0,3229.162,3228.81,3229.3,ETH
2026-01-06 06:32:03+00:00,2026-01-06 06:36:28.851530+00:00,123.0,3229.192,3228.84,3229.3,ETH
2026-01-06 06:32:04+00:00,2026-01-06 06:36:29.865451+00:00,124.0,3229.112,3228.87,3229.46,ETH
2026-01-06 06:32:05+00:00,2026-01-06 06:36:30.866078+00:00,125.0,3229.592,3229.29,3229.88,ETH
2026-01-06 06:32:06+00:00,2026-01-06 06:36:31.862949+00:00,126.0,3229.942,3229.74,3230.14,ETH
2026-01-06 06:32:07+00:00,2026-01-06 06:36:32.862114+00:00,127.0,3230.262,3229.91,3230.56,ETH
2026-01-06 06:32:08+00:00,2026-01-06 06:36:33.878867+00:00,128.0,3230.402,3230.23,3230.66,ETH
2026-01-06 06:32:09+00:00,2026-01-06 06:36:34.896556+00:00,129.0,3230.472,3230.23,3230.66,ETH
2026-01-06 06:32:10+00:00,2026-01-06 06:36:35.913186+00:00,130.0,3230.412,3230.04,3230.55,ETH
2026-01-06 06:32:11+00:00,2026-01-06 06:36:36.916371+00:00,131.0,3230.412,3230.04,3230.55,ETH
2026-01-06 06:32:12+00:00,2026-01-06 06:36:37.931192+00:00,132.0,3230.402,3230.04,3230.55,ETH
2026-01-06 06:32:13+00:00,2026-01-06 06:36:38.929039+00:00,133.0,3230.422,3230.15,3230.64,ETH
2026-01-06 06:32:14+00:00,2026-01-06 06:36:39.945675+00:00,134.0,3230.592,3230.25,3230.81,ETH
2026-01-06 06:32:15+00:00,2026-01-06 06:36:40.949287+00:00,135.0,3230.612,3230.3,3230.81,ETH
2026-01-06 06:32:16+00:00,2026-01-06 06:36:41.962934+00:00,136.0,3230.602,3230.3,3230.81,ETH
2026-01-06 06:32:17+00:00,2026-01-06 06:36:42.987707+00:00,137.0,3230.272,3230.14,3230.28,ETH
2026-01-06 06:32:18+00:00,2026-01-06 06:36:44.016145+00:00,138.0,3229.992,3229.7,3230.05,ETH
2026-01-06 06:32:19+00:00,2026-01-06 06:36:45.013863+00:00,139.0,3229.992,3229.7,3229.99,ETH
2026-01-06 06:32:20+00:00,2026-01-06 06:36:46.012888+00:00,140.0,3230.002,3229.73,3230.23,ETH
2026-01-06 06:32:21+00:00,2026-01-06 06:36:47.024553+00:00,141.0,3229.902,3229.73,3230.0,ETH
2026-01-06 06:32:22+00:00,2026-01-06 06:36:48.040893+00:00,142.0,3230.032,3229.71,3230.27,ETH
2026-01-06 06:32:23+00:00,2026-01-06 06:36:50.056981+00:00,143.0,3229.992,3229.7,3230.17,ETH
2026-01-06 06:32:24+00:00,2026-01-06 06:36:51.063554+00:00,144.0,3229.982,3229.7,3230.06,ETH
2026-01-06 06:32:25+00:00,2026-01-06 06:36:52.085409+00:00,145.0,3229.982,3229.7,3230.07,ETH
2026-01-06 06:32:26+00:00,2026-01-06 06:36:53.084454+00:00,146.0,3229.992,3229.69,3230.12,ETH
2026-01-06 06:32:27+00:00,2026-01-06 06:36:54.081706+00:00,147.0,3229.832,3229.68,3230.06,ETH
2026-01-06 06:32:28+00:00,2026-01-06 06:36:55.091457+00:00,148.0,3229.662,3229.59,3229.99,ETH
2026-01-06 06:32:29+00:00,2026-01-06 06:36:56.092489+00:00,149.0,3229.762,3229.62,3229.98,ETH
2026-01-06 06:32:30+00:00,2026-01-06 06:36:57.107715+00:00,150.0,3229.862,3229.71,3230.03,ETH
2026-01-06 06:32:31+00:00,2026-01-06 06:36:58.115501+00:00,151.0,3229.852,3229.69,3230.08,ETH
2026-01-06 06:32:32+00:00,2026-01-06 06:36:59.114606+00:00,152.0,3229.832,3229.65,3230.01,ETH
2026-01-06 06:32:33+00:00,2026-01-06 06:37:00.131048+00:00,153.0,3229.822,3229.63,3229.91,ETH
2026-01-06 06:32:34+00:00,2026-01-06 06:37:01.141961+00:00,154.0,3229.822,3229.62,3229.86,ETH
2026-01-06 06:32:35+00:00,2026-01-06 06:37:02.156580+00:00,155.0,3229.822,3229.64,3229.89,ETH
2026-01-06 06:32:37+00:00,2026-01-06 06:37:03.199456+00:00,157.0,3229.822,3229.63,3229.95,ETH
2026-01-06 06:32:38+00:00,2026-01-06 06:37:04.225745+00:00,158.0,3229.832,3229.65,3229.88,ETH
2026-01-06 06:32:39+00:00,2026-01-06 06:37:05.188332+00:00,159.0,3229.832,3229.63,3229.9,ETH
2026-01-06 06:32:40+00:00,2026-01-06 06:37:06.238276+00:00,160.0,3229.832,3229.61,3229.91,ETH
2026-01-06 06:32:41+00:00,2026-01-06 06:37:07.209426+00:00,161.0,3229.832,3229.61,3229.94,ETH
2026-01-06 06:32:42+00:00,2026-01-06 06:37:08.220853+00:00,162.0,3229.832,3229.6,3229.98,ETH
2026-01-06 06:32:43+00:00,2026-01-06 06:37:09.229671+00:00,163.0,3229.942,3229.61,3230.16,ETH
2026-01-06 06:32:44+00:00,2026-01-06 06:37:10.264287+00:00,164.0,3229.902,3229.7,3229.99,ETH
2026-01-06 06:32:45+00:00,2026-01-06 06:37:11.261325+00:00,165.0,3229.912,3229.68,3229.99,ETH
2026-01-06 06:32:46+00:00,2026-01-06 06:37:12.276118+00:00,166.0,3229.892,3229.69,3229.99,ETH
2026-01-06 06:32:47+00:00,2026-01-06 06:37:13.261312+00:00,167.0,3229.872,3229.7,3229.99,ETH
2026-01-06 06:32:48+00:00,2026-01-06 06:37:14.279978+00:00,168.0,3229.792,3229.63,3229.91,ETH
2026-01-06 06:32:49+00:00,2026-01-06 06:37:15.289312+00:00,169.0,3229.792,3229.62,3229.91,ETH
2026-01-06 06:32:50+00:00,2026-01-06 06:37:16.294230+00:00,170.0,3229.612,3229.55,3229.66,ETH
2026-01-06 06:32:51+00:00,2026-01-06 06:37:17.313440+00:00,171.0,3229.632,3229.47,3229.66,ETH
2026-01-06 06:32:52+00:00,2026-01-06 06:37:18.314277+00:00,172.0,3229.652,3229.38,3229.66,ETH
2026-01-06 06:32:53+00:00,2026-01-06 06:37:19.314230+00:00,173.0,3229.492,3229.38,3229.67,ETH
2026-01-06 06:32:54+00:00,2026-01-06 06:37:20.327187+00:00,174.0,3229.492,3229.36,3229.61,ETH
2026-01-06 06:32:55+00:00,2026-01-06 06:37:21.343625+00:00,175.0,3229.492,3229.36,3229.61,ETH
2026-01-06 06:32:56+00:00,2026-01-06 06:37:22.355888+00:00,176.0,3229.492,3229.36,3229.61,ETH
2026-01-06 06:32:57+00:00,2026-01-06 06:37:23.366147+00:00,177.0,3229.492,3229.36,3229.58,ETH
2026-01-06 06:32:58+00:00,2026-01-06 06:37:24.367461+00:00,178.0,3229.492,3229.36,3229.59,ETH
2026-01-06 06:32:59+00:00,2026-01-06 06:37:25.359008+00:00,179.0,3229.492,3229.36,3229.64,ETH
2026-01-06 06:33:00+00:00,2026-01-06 06:37:26.378249+00:00,180.0,3229.492,3229.37,3229.72,ETH
2026-01-06 06:33:01+00:00,2026-01-06 06:37:27.383146+00:00,181.0,3229.492,3229.25,3229.56,ETH
2026-01-06 06:33:02+00:00,2026-01-06 06:37:28.405567+00:00,182.0,3229.482,3229.25,3229.52,ETH
2026-01-06 06:33:03+00:00,2026-01-06 06:37:29.434952+00:00,183.0,3229.482,3229.23,3229.57,ETH
2026-01-06 06:33:04+00:00,2026-01-06 06:37:30.427194+00:00,184.0,3229.482,3229.23,3229.52,ETH
2026-01-06 06:33:05+00:00,2026-01-06 06:37:31.427399+00:00,185.0,3229.482,3229.23,3229.53,ETH
2026-01-06 06:33:06+00:00,2026-01-06 06:37:32.408096+00:00,186.0,3229.482,3229.21,3229.58,ETH
2026-01-06 06:33:07+00:00,2026-01-06 06:37:33.422844+00:00,187.0,3229.482,3229.21,3229.57,ETH
2026-01-06 06:33:08+00:00,2026-01-06 06:37:34.432965+00:00,188.0,3229.482,3229.22,3229.61,ETH
2026-01-06 06:33:09+00:00,2026-01-06 06:37:35.430569+00:00,189.0,3229.482,3229.22,3229.61,ETH
2026-01-06 06:33:10+00:00,2026-01-06 06:37:36.429897+00:00,190.0,3229.482,3229.22,3229.6,ETH
2026-01-06 06:33:11+00:00,2026-01-06 06:37:37.430330+00:00,191.0,3229.412,3229.22,3229.59,ETH
2026-01-06 06:33:12+00:00,2026-01-06 06:37:38.448487+00:00,192.0,3229.422,3229.21,3229.61,ETH
2026-01-06 06:33:13+00:00,2026-01-06 06:37:39.444768+00:00,193.0,3229.422,3229.21,3229.6,ETH
2026-01-06 06:33:14+00:00,2026-01-06 06:37:40.442179+00:00,194.0,3229.472,3229.24,3229.64,ETH
2026-01-06 06:33:15+00:00,2026-01-06 06:37:41.441433+00:00,195.0,3229.582,3229.3,3229.68,ETH
2026-01-06 06:33:16+00:00,2026-01-06 06:37:42.445435+00:00,196.0,3229.582,3229.3,3229.64,ETH
2026-01-06 06:33:17+00:00,2026-01-06 06:37:43.439131+00:00,197.0,3229.422,3229.27,3229.58,ETH
2026-01-06 06:33:18+00:00,2026-01-06 06:37:44.465597+00:00,198.0,3229.422,3229.27,3229.53,ETH
2026-01-06 06:33:19+00:00,2026-01-06 06:37:45.496768+00:00,199.0,3229.442,3229.24,3229.62,ETH
2026-01-06 06:33:20+00:00,2026-01-06 06:37:46.509362+00:00,200.0,3229.532,3229.24,3229.63,ETH
2026-01-06 06:33:21+00:00,2026-01-06 06:37:47.539557+00:00,201.0,3229.532,3229.24,3229.64,ETH
2026-01-06 06:33:22+00:00,2026-01-06 06:37:48.545739+00:00,202.0,3229.452,3229.23,3229.64,ETH
2026-01-06 06:33:23+00:00,2026-01-06 06:37:49.567305+00:00,203.0,3229.462,3229.23,3229.63,ETH
2026-01-06 06:33:24+00:00,2026-01-06 06:37:50.563429+00:00,204.0,3229.462,3229.24,3229.63,ETH
2026-01-06 06:33:25+00:00,2026-01-06 06:37:51.575721+00:00,205.0,3229.452,3229.24,3229.63,ETH
2026-01-06 06:33:26+00:00,2026-01-06 06:37:52.582066+00:00,206.0,3229.462,3229.24,3229.66,ETH
2026-01-06 06:33:27+00:00,2026-01-06 06:37:53.578432+00:00,207.0,3229.462,3229.24,3229.65,ETH
2026-01-06 06:33:28+00:00,2026-01-06 06:37:54.593193+00:00,208.0,3229.472,3229.25,3229.65,ETH
2026-01-06 06:33:29+00:00,2026-01-06 06:37:55.595895+00:00,209.0,3229.472,3229.25,3229.67,ETH
2026-01-06 06:33:30+00:00,2026-01-06 06:37:56.612596+00:00,210.0,3229.472,3229.26,3229.7,ETH
2026-01-06 06:33:31+00:00,2026-01-06 06:37:57.612908+00:00,211.0,3229.542,3229.26,3229.7,ETH
2026-01-06 06:33:32+00:00,2026-01-06 06:37:58.614817+00:00,212.0,3229.542,3229.26,3229.73,ETH
2026-01-06 06:33:33+00:00,2026-01-06 06:37:59.612125+00:00,213.0,3229.562,3229.28,3229.73,ETH
2026-01-06 06:33:34+00:00,2026-01-06 06:38:00.635926+00:00,214.0,3229.562,3229.28,3229.7,ETH
2026-01-06 06:33:35+00:00,2026-01-06 06:38:01.659835+00:00,215.0,3229.552,3229.26,3229.65,ETH
2026-01-06 06:33:36+00:00,2026-01-06 06:38:02.696423+00:00,216.0,3229.552,3229.26,3229.66,ETH
2026-01-06 06:33:37+00:00,2026-01-06 06:38:03.684322+00:00,217.0,3229.542,3229.26,3229.65,ETH
2026-01-06 06:33:38+00:00,2026-01-06 06:38:04.708531+00:00,218.0,3229.442,3229.23,3229.62,ETH
2026-01-06 06:33:39+00:00,2026-01-06 06:38:05.686947+00:00,219.0,3229.442,3229.24,3229.53,ETH
2026-01-06 06:33:40+00:00,2026-01-06 06:38:06.704432+00:00,220.0,3229.442,3229.24,3229.54,ETH
2026-01-06 06:33:41+00:00,2026-01-06 06:38:07.724916+00:00,221.0,3229.222,3229.2,3229.47,ETH
2026-01-06 06:33:42+00:00,2026-01-06 06:38:08.719286+00:00,222.0,3229.302,3229.1,3229.35,ETH
2026-01-06 06:33:43+00:00,2026-01-06 06:38:09.744184+00:00,223.0,3229.172,3229.12,3229.35,ETH
2026-01-06 06:33:44+00:00,2026-01-06 06:38:10.765931+00:00,224.0,3229.172,3229.07,3229.34,ETH
2026-01-06 06:33:45+00:00,2026-01-06 06:38:11.775784+00:00,225.0,3229.172,3229.07,3229.37,ETH
2026-01-06 06:33:46+00:00,2026-01-06 06:38:12.789836+00:00,226.0,3229.162,3229.07,3229.37,ETH
2026-01-06 06:33:47+00:00,2026-01-06 06:38:13.777960+00:00,227.0,3229.002,3228.99,3229.09,ETH
2026-01-06 06:33:48+00:00,2026-01-06 06:38:14.775970+00:00,228.0,3229.152,3228.83,3229.15,ETH
2026-01-06 06:33:49+00:00,2026-01-06 06:38:15.778716+00:00,229.0,3229.192,3228.91,3229.25,ETH
2026-01-06 06:33:50+00:00,2026-01-06 06:38:16.792840+00:00,230.0,3229.212,3228.92,3229.3,ETH
2026-01-06 06:33:51+00:00,2026-01-06 06:38:17.794789+00:00,231.0,3229.242,3228.93,3229.39,ETH
2026-01-06 06:33:52+00:00,2026-01-06 06:38:18.797709+00:00,232.0,3229.242,3228.96,3229.4,ETH
2026-01-06 06:33:53+00:00,2026-01-06 06:38:19.808266+00:00,233.0,3229.242,3228.95,3229.4,ETH
2026-01-06 06:33:54+00:00,2026-01-06 06:38:20.810602+00:00,234.0,3229.262,3228.95,3229.31,ETH
2026-01-06 06:33:55+00:00,2026-01-06 06:38:21.811437+00:00,235.0,3229.452,3229.21,3229.78,ETH
2026-01-06 06:33:56+00:00,2026-01-06 06:38:22.826296+00:00,236.0,3229.662,3229.4,3229.79,ETH
2026-01-06 06:33:57+00:00,2026-01-06 06:38:23.842744+00:00,237.0,3229.922,3229.63,3229.98,ETH
2026-01-06 06:33:58+00:00,2026-01-06 06:38:24.832093+00:00,238.0,3229.812,3229.66,3229.96,ETH
2026-01-06 06:33:59+00:00,2026-01-06 06:38:25.841324+00:00,239.0,3229.902,3229.63,3230.12,ETH
2026-01-06 06:34:00+00:00,2026-01-06 06:38:26.844034+00:00,240.0,3229.932,3229.63,3230.12,ETH
2026-01-06 06:34:01+00:00,2026-01-06 06:38:27.860585+00:00,241.0,3229.852,3229.63,3229.96,ETH
2026-01-06 06:34:02+00:00,2026-01-06 06:38:28.879988+00:00,242.0,3229.542,3229.44,3229.64,ETH
2026-01-06 06:34:03+00:00,2026-01-06 06:38:29.873102+00:00,243.0,3229.322,3229.29,3229.5,ETH
2026-01-06 06:34:04+00:00,2026-01-06 06:38:30.876269+00:00,244.0,3227.762,3227.49,3227.82,ETH
2026-01-06 06:34:05+00:00,2026-01-06 06:38:31.880335+00:00,245.0,3227.312,3227.21,3227.58,ETH
2026-01-06 06:34:06+00:00,2026-01-06 06:38:32.877973+00:00,246.0,3227.292,3227.12,3227.49,ETH
2026-01-06 06:34:07+00:00,2026-01-06 06:38:33.893201+00:00,247.0,3227.402,3227.13,3227.65,ETH
2026-01-06 06:34:08+00:00,2026-01-06 06:38:34.894361+00:00,248.0,3227.552,3227.24,3227.68,ETH
2026-01-06 06:34:09+00:00,2026-01-06 06:38:35.895913+00:00,249.0,3227.552,3227.24,3227.59,ETH
2026-01-06 06:34:10+00:00,2026-01-06 06:38:36.910171+00:00,250.0,3227.542,3227.26,3227.63,ETH
2026-01-06 06:34:11+00:00,2026-01-06 06:38:37.918932+00:00,251.0,3227.542,3227.25,3227.64,ETH
2026-01-06 06:34:12+00:00,2026-01-06 06:38:38.937670+00:00,252.0,3227.442,3227.21,3227.56,ETH
2026-01-06 06:34:13+00:00,2026-01-06 06:38:39.943486+00:00,253.0,3227.442,3227.19,3227.56,ETH
2026-01-06 06:34:14+00:00,2026-01-06 06:38:40.929821+00:00,254.0,3227.442,3227.18,3227.51,ETH
2026-01-06 06:34:15+00:00,2026-01-06 06:38:41.928938+00:00,255.0,3227.442,3227.18,3227.51,ETH
2026-01-06 06:34:16+00:00,2026-01-06 06:38:42.951204+00:00,256.0,3227.442,3227.19,3227.52,ETH
2026-01-06 06:34:17+00:00,2026-01-06 06:38:43.940122+00:00,257.0,3227.242,3227.16,3227.5,ETH
2026-01-06 06:34:18+00:00,2026-01-06 06:38:44.942571+00:00,258.0,3227.242,3227.12,3227.51,ETH
2026-01-06 06:34:19+00:00,2026-01-06 06:38:45.946624+00:00,259.0,3227.242,3227.12,3227.51,ETH
2026-01-06 06:34:20+00:00,2026-01-06 06:38:46.958755+00:00,260.0,3227.332,3227.16,3227.57,ETH
2026-01-06 06:34:21+00:00,2026-01-06 06:38:47.960594+00:00,261.0,3227.482,3227.19,3227.79,ETH
2026-01-06 06:34:22+00:00,2026-01-06 06:38:48.974514+00:00,262.0,3227.532,3227.36,3227.69,ETH
2026-01-06 06:34:23+00:00,2026-01-06 06:38:50.976000+00:00,263.0,3227.472,3227.27,3227.67,ETH
2026-01-06 06:34:24+00:00,2026-01-06 06:38:51.992471+00:00,264.0,3227.522,3227.27,3227.67,ETH
2026-01-06 06:34:25+00:00,2026-01-06 06:38:52.988082+00:00,265.0,3227.582,3227.28,3227.73,ETH
2026-01-06 06:34:26+00:00,2026-01-06 06:38:54.014151+00:00,266.0,3227.692,3227.41,3227.89,ETH
2026-01-06 06:34:27+00:00,2026-01-06 06:38:55.008082+00:00,267.0,3227.802,3227.52,3227.99,ETH
2026-01-06 06:34:28+00:00,2026-01-06 06:38:56.005036+00:00,268.0,3227.802,3227.52,3227.96,ETH
2026-01-06 06:34:29+00:00,2026-01-06 06:38:57.009221+00:00,269.0,3227.802,3227.53,3227.94,ETH
2026-01-06 06:34:30+00:00,2026-01-06 06:38:58.006198+00:00,270.0,3227.802,3227.53,3227.99,ETH
2026-01-06 06:34:31+00:00,2026-01-06 06:38:59.010314+00:00,271.0,3227.762,3227.53,3227.96,ETH
2026-01-06 06:34:32+00:00,2026-01-06 06:39:00.010179+00:00,272.0,3227.762,3227.54,3227.89,ETH
2026-01-06 06:34:33+00:00,2026-01-06 06:39:01.028735+00:00,273.0,3227.802,3227.56,3227.98,ETH
2026-01-06 06:34:34+00:00,2026-01-06 06:39:02.049267+00:00,274.0,3227.802,3227.58,3228.02,ETH
2026-01-06 06:34:35+00:00,2026-01-06 06:39:03.044235+00:00,275.0,3227.692,3227.55,3227.82,ETH
2026-01-06 06:34:36+00:00,2026-01-06 06:39:04.054608+00:00,276.0,3227.592,3227.49,3227.7,ETH
2026-01-06 06:34:37+00:00,2026-01-06 06:39:05.073925+00:00,277.0,3227.602,3227.45,3227.78,ETH
2026-01-06 06:34:38+00:00,2026-01-06 06:39:06.095830+00:00,278.0,3227.712,3227.52,3227.82,ETH
2026-01-06 06:34:39+00:00,2026-01-06 06:39:07.095325+00:00,279.0,3227.792,3227.6,3227.84,ETH
2026-01-06 06:34:40+00:00,2026-01-06 06:39:08.099787+00:00,280.0,3227.812,3227.6,3227.91,ETH
2026-01-06 06:34:41+00:00,2026-01-06 06:39:09.100973+00:00,281.0,3227.842,3227.6,3227.96,ETH
2026-01-06 06:34:42+00:00,2026-01-06 06:39:10.106913+00:00,282.0,3227.862,3227.6,3227.95,ETH
2026-01-06 06:34:43+00:00,2026-01-06 06:39:11.130651+00:00,283.0,3227.832,3227.6,3227.88,ETH
2026-01-06 06:34:44+00:00,2026-01-06 06:39:12.138092+00:00,284.0,3227.792,3227.59,3227.84,ETH
2026-01-06 06:34:45+00:00,2026-01-06 06:39:13.136682+00:00,285.0,3227.802,3227.6,3227.9,ETH
2026-01-06 06:34:46+00:00,2026-01-06 06:39:14.166394+00:00,286.0,3227.802,3227.6,3227.94,ETH
2026-01-06 06:34:47+00:00,2026-01-06 06:39:15.171611+00:00,287.0,3227.802,3227.6,3227.93,ETH
2026-01-06 06:34:48+00:00,2026-01-06 06:39:16.223170+00:00,288.0,3227.772,3227.59,3227.83,ETH
2026-01-06 06:34:49+00:00,2026-01-06 06:39:17.207361+00:00,289.0,3227.742,3227.59,3227.82,ETH
2026-01-06 06:34:50+00:00,2026-01-06 06:39:18.209571+00:00,290.0,3227.662,3227.59,3227.79,ETH
2026-01-06 06:34:51+00:00,2026-01-06 06:39:19.200371+00:00,291.0,3227.622,3227.56,3227.82,ETH
2026-01-06 06:34:52+00:00,2026-01-06 06:39:20.241755+00:00,292.0,3227.732,3227.52,3227.97,ETH
2026-01-06 06:34:53+00:00,2026-01-06 06:39:21.209126+00:00,293.0,3227.952,3227.67,3228.09,ETH
2026-01-06 06:34:54+00:00,2026-01-06 06:39:22.206074+00:00,294.0,3228.062,3227.83,3228.1,ETH
2026-01-06 06:34:55+00:00,2026-01-06 06:39:23.217834+00:00,295.0,3228.072,3227.83,3228.11,ETH
2026-01-06 06:34:56+00:00,2026-01-06 06:39:24.221597+00:00,296.0,3228.072,3227.83,3228.11,ETH
2026-01-06 06:34:57+00:00,2026-01-06 06:39:25.218499+00:00,297.0,3228.082,3227.83,3228.18,ETH
2026-01-06 06:34:58+00:00,2026-01-06 06:39:26.237446+00:00,298.0,3228.152,3227.89,3228.26,ETH
2026-01-06 06:34:59+00:00,2026-01-06 06:39:27.232243+00:00,299.0,3228.222,3227.97,3228.36,ETH
2026-01-06 06:35:00+00:00,2026-01-06 06:39:28.241307+00:00,300.0,3228.302,3228.02,3228.47,ETH
2026-01-06 06:35:01+00:00,2026-01-06 06:39:29.237807+00:00,301.0,3228.362,3228.06,3228.49,ETH
2026-01-06 06:35:02+00:00,2026-01-06 06:39:30.239826+00:00,302.0,3228.422,3228.1,3228.61,ETH
2026-01-06 06:35:03+00:00,2026-01-06 06:39:31.237649+00:00,303.0,3228.582,3228.24,3228.78,ETH
2026-01-06 06:35:04+00:00,2026-01-06 06:39:32.236938+00:00,304.0,3228.672,3228.34,3228.83,ETH
2026-01-06 06:35:05+00:00,2026-01-06 06:39:33.236310+00:00,305.0,3228.622,3228.37,3228.8,ETH
2026-01-06 06:35:06+00:00,2026-01-06 06:39:34.257494+00:00,306.0,3228.622,3228.38,3228.82,ETH
2026-01-06 06:35:07+00:00,2026-01-06 06:39:35.247948+00:00,307.0,3228.692,3228.38,3228.86,ETH
2026-01-06 06:35:08+00:00,2026-01-06 06:39:36.273493+00:00,308.0,3228.692,3228.38,3228.86,ETH
2026-01-06 06:35:09+00:00,2026-01-06 06:39:37.275507+00:00,309.0,3228.572,3228.36,3228.86,ETH
2026-01-06 06:35:10+00:00,2026-01-06 06:39:38.291609+00:00,310.0,3228.462,3228.29,3228.83,ETH
2026-01-06 06:35:11+00:00,2026-01-06 06:39:39.286619+00:00,311.0,3228.462,3228.25,3228.8,ETH
2026-01-06 06:35:12+00:00,2026-01-06 06:39:40.307056+00:00,312.0,3228.462,3228.26,3228.72,ETH
2026-01-06 06:35:13+00:00,2026-01-06 06:39:41.312052+00:00,313.0,3228.462,3228.26,3228.7,ETH
2026-01-06 06:35:14+00:00,2026-01-06 06:39:42.306232+00:00,314.0,3228.632,3228.34,3228.69,ETH
2026-01-06 06:35:15+00:00,2026-01-06 06:39:43.323659+00:00,315.0,3228.592,3228.35,3228.62,ETH
2026-01-06 06:35:16+00:00,2026-01-06 06:39:44.324427+00:00,316.0,3228.662,3228.34,3228.81,ETH
2026-01-06 06:35:17+00:00,2026-01-06 06:39:45.341632+00:00,317.0,3228.662,3228.34,3228.83,ETH
2026-01-06 06:35:18+00:00,2026-01-06 06:39:46.339585+00:00,318.0,3228.662,3228.35,3228.82,ETH
2026-01-06 06:35:19+00:00,2026-01-06 06:39:47.339438+00:00,319.0,3228.672,3228.36,3228.81,ETH
2026-01-06 06:35:20+00:00,2026-01-06 06:39:48.353547+00:00,320.0,3228.642,3228.36,3228.7,ETH
2026-01-06 06:35:21+00:00,2026-01-06 06:39:49.360120+00:00,321.0,3228.692,3228.4,3228.82,ETH
2026-01-06 06:35:22+00:00,2026-01-06 06:39:50.367487+00:00,322.0,3228.672,3228.38,3228.82,ETH
2026-01-06 06:35:23+00:00,2026-01-06 06:39:51.373839+00:00,323.0,3228.712,3228.42,3228.77,ETH
2026-01-06 06:35:24+00:00,2026-01-06 06:39:52.398911+00:00,324.0,3228.492,3228.42,3228.7,ETH
2026-01-06 06:35:25+00:00,2026-01-06 06:39:53.389101+00:00,325.0,3228.652,3228.42,3228.82,ETH
2026-01-06 06:35:26+00:00,2026-01-06 06:39:54.385102+00:00,326.0,3228.652,3228.42,3228.81,ETH
2026-01-06 06:35:27+00:00,2026-01-06 06:39:55.390093+00:00,327.0,3228.642,3228.43,3228.81,ETH
2026-01-06 06:35:28+00:00,2026-01-06 06:39:56.404888+00:00,328.0,3228.702,3228.47,3228.78,ETH
2026-01-06 06:35:29+00:00,2026-01-06 06:39:57.402291+00:00,329.0,3228.552,3228.31,3228.79,ETH
2026-01-06 06:35:30+00:00,2026-01-06 06:39:58.408590+00:00,330.0,3228.552,3228.31,3228.79,ETH
2026-01-06 06:35:31+00:00,2026-01-06 06:39:59.397774+00:00,331.0,3228.552,3228.31,3228.78,ETH
2026-01-06 06:35:32+00:00,2026-01-06 06:40:00.435104+00:00,332.0,3228.552,3228.32,3228.73,ETH
2026-01-06 06:35:33+00:00,2026-01-06 06:40:01.425040+00:00,333.0,3228.552,3228.33,3228.74,ETH
2026-01-06 06:35:34+00:00,2026-01-06 06:40:02.521098+00:00,334.0,3228.552,3228.32,3228.74,ETH
2026-01-06 06:35:35+00:00,2026-01-06 06:40:04.553693+00:00,335.0,3228.422,3228.29,3228.71,ETH
2026-01-06 06:35:36+00:00,2026-01-06 06:40:05.538961+00:00,336.0,3228.212,3228.2,3228.59,ETH
2026-01-06 06:35:37+00:00,2026-01-06 06:40:06.543258+00:00,337.0,3228.132,3228.04,3228.47,ETH
2026-01-06 06:35:38+00:00,2026-01-06 06:40:07.554370+00:00,338.0,3228.122,3227.96,3228.39,ETH
2026-01-06 06:35:39+00:00,2026-01-06 06:40:08.552370+00:00,339.0,3228.122,3227.96,3228.32,ETH
2026-01-06 06:35:40+00:00,2026-01-06 06:40:09.565927+00:00,340.0,3228.282,3228.08,3228.52,ETH
2026-01-06 06:35:41+00:00,2026-01-06 06:40:10.584944+00:00,341.0,3228.502,3228.25,3228.77,ETH
2026-01-06 06:35:42+00:00,2026-01-06 06:40:11.583860+00:00,342.0,3228.562,3228.31,3228.82,ETH
2026-01-06 06:35:43+00:00,2026-01-06 06:40:12.576909+00:00,343.0,3228.572,3228.32,3228.82,ETH
2026-01-06 06:35:44+00:00,2026-01-06 06:40:13.583484+00:00,344.0,3228.562,3228.31,3228.81,ETH
2026-01-06 06:35:45+00:00,2026-01-06 06:40:14.596842+00:00,345.0,3228.552,3228.3,3228.79,ETH
2026-01-06 06:35:46+00:00,2026-01-06 06:40:15.606099+00:00,346.0,3228.552,3228.3,3228.79,ETH
2026-01-06 06:35:47+00:00,2026-01-06 06:40:16.619395+00:00,347.0,3228.542,3228.3,3228.78,ETH
2026-01-06 06:35:48+00:00,2026-01-06 06:40:17.641902+00:00,348.0,3228.552,3228.3,3228.78,ETH
2026-01-06 06:35:50+00:00,2026-01-06 06:40:18.707609+00:00,350.0,3228.552,3228.31,3228.78,ETH
2026-01-06 06:35:51+00:00,2026-01-06 06:40:19.693778+00:00,351.0,3228.552,3228.31,3228.78,ETH
2026-01-06 06:35:52+00:00,2026-01-06 06:40:20.692110+00:00,352.0,3228.542,3228.31,3228.78,ETH
2026-01-06 06:35:53+00:00,2026-01-06 06:40:21.704790+00:00,353.0,3228.552,3228.31,3228.78,ETH
2026-01-06 06:35:54+00:00,2026-01-06 06:40:22.707552+00:00,354.0,3228.552,3228.31,3228.78,ETH
2026-01-06 06:35:55+00:00,2026-01-06 06:40:23.702753+00:00,355.0,3228.542,3228.31,3228.78,ETH
2026-01-06 06:35:56+00:00,2026-01-06 06:40:24.695724+00:00,356.0,3228.522,3228.3,3228.72,ETH
2026-01-06 06:35:57+00:00,2026-01-06 06:40:25.701518+00:00,357.0,3228.532,3228.3,3228.75,ETH
2026-01-06 06:35:58+00:00,2026-01-06 06:40:26.714369+00:00,358.0,3228.492,3228.21,3228.72,ETH
2026-01-06 06:35:59+00:00,2026-01-06 06:40:28.714361+00:00,359.0,3228.492,3228.21,3228.67,ETH
2026-01-06 06:36:00+00:00,2026-01-06 06:40:29.725226+00:00,360.0,3228.502,3228.24,3228.7,ETH
2026-01-06 06:36:01+00:00,2026-01-06 06:40:30.716535+00:00,361.0,3228.512,3228.24,3228.7,ETH
2026-01-06 06:36:02+00:00,2026-01-06 06:40:31.718058+00:00,362.0,3228.502,3228.23,3228.65,ETH
2026-01-06 06:36:03+00:00,2026-01-06 06:40:32.730006+00:00,363.0,3228.502,3228.23,3228.65,ETH
2026-01-06 06:36:04+00:00,2026-01-06 06:40:33.718558+00:00,364.0,3228.512,3228.25,3228.67,ETH
2026-01-06 06:36:05+00:00,2026-01-06 06:40:34.722855+00:00,365.0,3228.522,3228.26,3228.68,ETH
2026-01-06 06:36:06+00:00,2026-01-06 06:40:35.715441+00:00,366.0,3228.502,3228.26,3228.66,ETH
2026-01-06 06:36:07+00:00,2026-01-06 06:40:36.733202+00:00,367.0,3228.482,3228.25,3228.64,ETH
2026-01-06 06:36:08+00:00,2026-01-06 06:40:37.731162+00:00,368.0,3228.482,3228.25,3228.68,ETH
2026-01-06 06:36:09+00:00,2026-01-06 06:40:38.741308+00:00,369.0,3228.482,3228.25,3228.72,ETH
2026-01-06 06:36:10+00:00,2026-01-06 06:40:39.744249+00:00,370.0,3228.502,3228.26,3228.72,ETH
2026-01-06 06:36:11+00:00,2026-01-06 06:40:40.750740+00:00,371.0,3228.512,3228.27,3228.73,ETH
2026-01-06 06:36:12+00:00,2026-01-06 06:40:41.767867+00:00,372.0,3228.522,3228.29,3228.73,ETH
2026-01-06 06:36:13+00:00,2026-01-06 06:40:42.772646+00:00,373.0,3228.542,3228.32,3228.74,ETH
2026-01-06 06:36:14+00:00,2026-01-06 06:40:43.768134+00:00,374.0,3228.542,3228.32,3228.75,ETH
2026-01-06 06:36:15+00:00,2026-01-06 06:40:44.772159+00:00,375.0,3228.542,3228.31,3228.73,ETH
2026-01-06 06:36:16+00:00,2026-01-06 06:40:45.772017+00:00,376.0,3228.532,3228.3,3228.71,ETH
2026-01-06 06:36:17+00:00,2026-01-06 06:40:46.767306+00:00,377.0,3228.542,3228.3,3228.74,ETH
2026-01-06 06:36:18+00:00,2026-01-06 06:40:47.767139+00:00,378.0,3228.542,3228.32,3228.76,ETH
2026-01-06 06:36:19+00:00,2026-01-06 06:40:48.768076+00:00,379.0,3228.542,3228.34,3228.76,ETH
2026-01-06 06:36:20+00:00,2026-01-06 06:40:49.783116+00:00,380.0,3228.532,3228.32,3228.77,ETH
2026-01-06 06:36:21+00:00,2026-01-06 06:40:50.783178+00:00,381.0,3228.882,3228.63,3229.13,ETH
2026-01-06 06:36:22+00:00,2026-01-06 06:40:51.784082+00:00,382.0,3229.222,3228.97,3229.48,ETH
2026-01-06 06:36:23+00:00,2026-01-06 06:40:52.799923+00:00,383.0,3229.222,3228.97,3229.48,ETH
2026-01-06 06:36:24+00:00,2026-01-06 06:40:53.811830+00:00,384.0,3229.222,3229.05,3229.47,ETH
2026-01-06 06:36:25+00:00,2026-01-06 06:40:54.821240+00:00,385.0,3229.222,3229.05,3229.47,ETH
2026-01-06 06:36:26+00:00,2026-01-06 06:40:55.815689+00:00,386.0,3229.222,3229.05,3229.47,ETH
2026-01-06 06:36:27+00:00,2026-01-06 06:40:56.838060+00:00,387.0,3229.222,3229.05,3229.48,ETH
2026-01-06 06:36:28+00:00,2026-01-06 06:40:57.851641+00:00,388.0,3229.222,3229.05,3229.47,ETH
2026-01-06 06:36:29+00:00,2026-01-06 06:40:58.854275+00:00,389.0,3229.222,3229.1,3229.47,ETH
2026-01-06 06:36:30+00:00,2026-01-06 06:40:59.863250+00:00,390.0,3229.222,3229.1,3229.47,ETH
2026-01-06 06:36:31+00:00,2026-01-06 06:41:00.878827+00:00,391.0,3229.222,3229.05,3229.47,ETH
2026-01-06 06:36:32+00:00,2026-01-06 06:41:01.853355+00:00,392.0,3229.222,3229.05,3229.47,ETH
2026-01-06 06:36:33+00:00,2026-01-06 06:41:02.855154+00:00,393.0,3229.182,3229.02,3229.42,ETH
2026-01-06 06:36:34+00:00,2026-01-06 06:41:03.872824+00:00,394.0,3229.182,3229.02,3229.38,ETH
2026-01-06 06:36:35+00:00,2026-01-06 06:41:04.849522+00:00,395.0,3229.182,3229.02,3229.36,ETH
2026-01-06 06:36:36+00:00,2026-01-06 06:41:05.851824+00:00,396.0,3229.182,3228.93,3229.36,ETH
2026-01-06 06:36:37+00:00,2026-01-06 06:41:06.851570+00:00,397.0,3229.182,3228.93,3229.36,ETH
2026-01-06 06:36:38+00:00,2026-01-06 06:41:07.854060+00:00,398.0,3229.182,3228.93,3229.36,ETH
2026-01-06 06:36:39+00:00,2026-01-06 06:41:08.869408+00:00,399.0,3229.182,3228.93,3229.36,ETH
2026-01-06 06:36:40+00:00,2026-01-06 06:41:09.870977+00:00,400.0,3229.262,3228.98,3229.46,ETH
2026-01-06 06:36:41+00:00,2026-01-06 06:41:10.884692+00:00,401.0,3229.262,3229.15,3229.46,ETH
2026-01-06 06:36:42+00:00,2026-01-06 06:41:11.894148+00:00,402.0,3229.252,3229.12,3229.49,ETH
2026-01-06 06:36:43+00:00,2026-01-06 06:41:12.892462+00:00,403.0,3229.252,3229.11,3229.5,ETH
2026-01-06 06:36:44+00:00,2026-01-06 06:41:13.886506+00:00,404.0,3229.172,3228.91,3229.41,ETH
2026-01-06 06:36:45+00:00,2026-01-06 06:41:14.934070+00:00,405.0,3229.162,3228.91,3229.37,ETH
2026-01-06 06:36:46+00:00,2026-01-06 06:41:15.953671+00:00,406.0,3229.102,3228.87,3229.27,ETH
2026-01-06 06:36:47+00:00,2026-01-06 06:41:16.957429+00:00,407.0,3229.102,3228.87,3229.27,ETH
2026-01-06 06:36:48+00:00,2026-01-06 06:41:17.970856+00:00,408.0,3229.122,3228.88,3229.36,ETH
2026-01-06 06:36:49+00:00,2026-01-06 06:41:18.980039+00:00,409.0,3229.122,3228.88,3229.32,ETH
2026-01-06 06:36:50+00:00,2026-01-06 06:41:19.983891+00:00,410.0,3228.692,3228.41,3228.9,ETH
2026-01-06 06:36:51+00:00,2026-01-06 06:41:20.988085+00:00,411.0,3228.672,3228.43,3228.9,ETH
2026-01-06 06:36:52+00:00,2026-01-06 06:41:22.004381+00:00,412.0,3228.682,3228.43,3228.9,ETH
2026-01-06 06:36:53+00:00,2026-01-06 06:41:22.989789+00:00,413.0,3228.592,3228.36,3228.82,ETH
2026-01-06 06:36:54+00:00,2026-01-06 06:41:23.983834+00:00,414.0,3228.582,3228.35,3228.81,ETH
2026-01-06 06:36:55+00:00,2026-01-06 06:41:24.991503+00:00,415.0,3228.562,3228.33,3228.8,ETH
2026-01-06 06:36:56+00:00,2026-01-06 06:41:25.989849+00:00,416.0,3228.562,3228.33,3228.8,ETH
2026-01-06 06:36:57+00:00,2026-01-06 06:41:27.020547+00:00,417.0,3228.562,3228.33,3228.8,ETH
2026-01-06 06:36:58+00:00,2026-01-06 06:41:28.019317+00:00,418.0,3228.582,3228.36,3228.8,ETH
2026-01-06 06:36:59+00:00,2026-01-06 06:41:29.011806+00:00,419.0,3228.582,3228.35,3228.81,ETH
2026-01-06 06:37:00+00:00,2026-01-06 06:41:30.022079+00:00,420.0,3228.582,3228.35,3228.81,ETH
2026-01-06 06:37:01+00:00,2026-01-06 06:41:31.015193+00:00,421.0,3228.582,3228.35,3228.81,ETH
2026-01-06 06:37:02+00:00,2026-01-06 06:41:32.022618+00:00,422.0,3228.582,3228.38,3228.92,ETH
2026-01-06 06:37:03+00:00,2026-01-06 06:41:33.015675+00:00,423.0,3228.592,3228.39,3228.99,ETH
2026-01-06 06:37:04+00:00,2026-01-06 06:41:34.048829+00:00,424.0,3228.662,3228.41,3228.99,ETH
2026-01-06 06:37:05+00:00,2026-01-06 06:41:35.049258+00:00,425.0,3228.642,3228.41,3228.99,ETH
2026-01-06 06:37:06+00:00,2026-01-06 06:41:36.069925+00:00,426.0,3228.612,3228.41,3228.84,ETH
2026-01-06 06:37:07+00:00,2026-01-06 06:41:37.070113+00:00,427.0,3228.622,3228.39,3228.84,ETH
2026-01-06 06:37:08+00:00,2026-01-06 06:41:38.069401+00:00,428.0,3228.612,3228.42,3229.0,ETH
2026-01-06 06:37:09+00:00,2026-01-06 06:41:39.070818+00:00,429.0,3228.612,3228.44,3229.0,ETH
2026-01-06 06:37:10+00:00,2026-01-06 06:41:40.083027+00:00,430.0,3228.982,3228.78,3229.15,ETH
2026-01-06 06:37:11+00:00,2026-01-06 06:41:42.116942+00:00,431.0,3228.922,3228.7,3229.11,ETH
2026-01-06 06:37:12+00:00,2026-01-06 06:41:43.113259+00:00,432.0,3228.892,3228.66,3229.1,ETH
2026-01-06 06:37:13+00:00,2026-01-06 06:41:44.110078+00:00,433.0,3228.892,3228.66,3229.13,ETH
2026-01-06 06:37:14+00:00,2026-01-06 06:41:45.134458+00:00,434.0,3228.902,3228.66,3229.17,ETH
2026-01-06 06:37:15+00:00,2026-01-06 06:41:46.130532+00:00,435.0,3228.902,3228.67,3229.18,ETH
2026-01-06 06:37:16+00:00,2026-01-06 06:41:47.143359+00:00,436.0,3228.902,3228.67,3229.18,ETH
2026-01-06 06:37:17+00:00,2026-01-06 06:41:48.147810+00:00,437.0,3228.902,3228.67,3229.18,ETH
2026-01-06 06:37:19+00:00,2026-01-06 06:41:49.193405+00:00,439.0,3228.922,3228.69,3229.18,ETH
2026-01-06 06:37:20+00:00,2026-01-06 06:41:50.203471+00:00,440.0,3228.922,3228.69,3229.18,ETH
2026-01-06 06:37:21+00:00,2026-01-06 06:41:51.185283+00:00,441.0,3228.902,3228.67,3229.1,ETH
2026-01-06 06:37:22+00:00,2026-01-06 06:41:52.194790+00:00,442.0,3228.692,3228.65,3228.95,ETH
2026-01-06 06:37:23+00:00,2026-01-06 06:41:53.202324+00:00,443.0,3228.682,3228.42,3228.88,ETH
2026-01-06 06:37:24+00:00,2026-01-06 06:41:54.285282+00:00,444.0,3228.682,3228.42,3229.13,ETH
2026-01-06 06:37:25+00:00,2026-01-06 06:41:55.288470+00:00,445.0,3228.822,3228.57,3229.18,ETH
2026-01-06 06:37:26+00:00,2026-01-06 06:41:56.286049+00:00,446.0,3228.962,3228.73,3229.23,ETH
2026-01-06 06:37:27+00:00,2026-01-06 06:41:57.288406+00:00,447.0,3228.972,3228.73,3229.23,ETH
2026-01-06 06:37:28+00:00,2026-01-06 06:41:58.282829+00:00,448.0,3228.972,3228.73,3229.21,ETH
2026-01-06 06:37:29+00:00,2026-01-06 06:41:59.284145+00:00,449.0,3228.972,3228.73,3229.21,ETH
2026-01-06 06:37:30+00:00,2026-01-06 06:42:00.291473+00:00,450.0,3228.972,3228.73,3229.2,ETH
2026-01-06 06:37:31+00:00,2026-01-06 06:42:01.303436+00:00,451.0,3228.972,3228.73,3229.2,ETH
2026-01-06 06:37:32+00:00,2026-01-06 06:42:02.321012+00:00,452.0,3228.972,3228.74,3229.2,ETH
2026-01-06 06:37:33+00:00,2026-01-06 06:42:03.305052+00:00,453.0,3228.972,3228.74,3229.2,ETH
2026-01-06 06:37:34+00:00,2026-01-06 06:42:05.324738+00:00,454.0,3228.972,3228.75,3229.19,ETH
2026-01-06 06:37:35+00:00,2026-01-06 06:42:06.334879+00:00,455.0,3228.972,3228.75,3229.17,ETH
2026-01-06 06:37:36+00:00,2026-01-06 06:42:07.332957+00:00,456.0,3228.902,3228.75,3229.13,ETH
2026-01-06 06:37:37+00:00,2026-01-06 06:42:08.329645+00:00,457.0,3228.752,3228.62,3228.93,ETH
2026-01-06 06:37:38+00:00,2026-01-06 06:42:09.348776+00:00,458.0,3228.522,3228.41,3228.76,ETH
2026-01-06 06:37:39+00:00,2026-01-06 06:42:10.347184+00:00,459.0,3228.452,3228.35,3228.78,ETH
2026-01-06 06:37:40+00:00,2026-01-06 06:42:11.398322+00:00,460.0,3228.582,3228.4,3228.79,ETH
2026-01-06 06:37:41+00:00,2026-01-06 06:42:12.391960+00:00,461.0,3228.642,3228.42,3228.81,ETH
2026-01-06 06:37:42+00:00,2026-01-06 06:42:13.387853+00:00,462.0,3228.632,3228.41,3228.8,ETH
2026-01-06 06:37:43+00:00,2026-01-06 06:42:14.399934+00:00,463.0,3228.632,3228.41,3228.78,ETH
2026-01-06 06:37:44+00:00,2026-01-06 06:42:15.406723+00:00,464.0,3228.632,3228.42,3228.76,ETH
2026-01-06 06:37:45+00:00,2026-01-06 06:42:16.414246+00:00,465.0,3228.632,3228.42,3228.75,ETH
2026-01-06 06:37:46+00:00,2026-01-06 06:42:17.417312+00:00,466.0,3228.632,3228.42,3228.74,ETH
2026-01-06 06:37:47+00:00,2026-01-06 06:42:18.421514+00:00,467.0,3228.632,3228.42,3228.73,ETH
2026-01-06 06:37:48+00:00,2026-01-06 06:42:19.430648+00:00,468.0,3228.642,3228.43,3228.74,ETH
2026-01-06 06:37:49+00:00,2026-01-06 06:42:20.434526+00:00,469.0,3228.632,3228.42,3228.76,ETH
2026-01-06 06:37:50+00:00,2026-01-06 06:42:21.434636+00:00,470.0,3228.632,3228.42,3228.75,ETH
2026-01-06 06:37:51+00:00,2026-01-06 06:42:22.454331+00:00,471.0,3228.632,3228.42,3228.73,ETH
2026-01-06 06:37:52+00:00,2026-01-06 06:42:23.517589+00:00,472.0,3228.632,3228.42,3228.73,ETH
2026-01-06 06:37:53+00:00,2026-01-06 06:42:24.514159+00:00,473.0,3228.632,3228.41,3228.74,ETH
2026-01-06 06:37:54+00:00,2026-01-06 06:42:25.531425+00:00,474.0,3228.622,3228.41,3228.74,ETH
2026-01-06 06:37:55+00:00,2026-01-06 06:42:26.531553+00:00,475.0,3228.622,3228.4,3228.74,ETH
2026-01-06 06:37:56+00:00,2026-01-06 06:42:27.543361+00:00,476.0,3228.622,3228.4,3228.8,ETH
2026-01-06 06:37:57+00:00,2026-01-06 06:42:28.547837+00:00,477.0,3228.622,3228.4,3228.75,ETH
2026-01-06 06:37:58+00:00,2026-01-06 06:42:29.564358+00:00,478.0,3228.622,3228.4,3228.66,ETH
2026-01-06 06:37:59+00:00,2026-01-06 06:42:30.569025+00:00,479.0,3228.622,3228.41,3228.68,ETH
2026-01-06 06:38:00+00:00,2026-01-06 06:42:31.579589+00:00,480.0,3228.622,3228.41,3228.68,ETH
2026-01-06 06:38:01+00:00,2026-01-06 06:42:32.600284+00:00,481.0,3228.502,3228.35,3228.64,ETH
2026-01-06 06:38:02+00:00,2026-01-06 06:42:33.600805+00:00,482.0,3228.492,3228.27,3228.77,ETH
2026-01-06 06:38:03+00:00,2026-01-06 06:42:34.594569+00:00,483.0,3228.562,3228.32,3228.75,ETH
2026-01-06 06:38:04+00:00,2026-01-06 06:42:35.604271+00:00,484.0,3228.292,3228.17,3228.44,ETH
2026-01-06 06:38:05+00:00,2026-01-06 06:42:36.616502+00:00,485.0,3228.192,3228.1,3228.48,ETH
2026-01-06 06:38:06+00:00,2026-01-06 06:42:37.619754+00:00,486.0,3228.192,3227.99,3228.47,ETH
2026-01-06 06:38:07+00:00,2026-01-06 06:42:38.620573+00:00,487.0,3227.962,3227.85,3228.14,ETH
2026-01-06 06:38:08+00:00,2026-01-06 06:42:39.698777+00:00,488.0,3227.762,3227.64,3227.91,ETH
2026-01-06 06:38:09+00:00,2026-01-06 06:42:40.677377+00:00,489.0,3227.722,3227.55,3227.77,ETH
2026-01-06 06:38:10+00:00,2026-01-06 06:42:41.701390+00:00,490.0,3227.722,3227.55,3227.86,ETH
2026-01-06 06:38:11+00:00,2026-01-06 06:42:42.698096+00:00,491.0,3227.732,3227.55,3227.98,ETH
2026-01-06 06:38:12+00:00,2026-01-06 06:42:43.704276+00:00,492.0,3227.732,3227.55,3227.97,ETH
2026-01-06 06:38:13+00:00,2026-01-06 06:42:44.701006+00:00,493.0,3227.732,3227.55,3227.96,ETH
2026-01-06 06:38:14+00:00,2026-01-06 06:42:45.718799+00:00,494.0,3227.732,3227.55,3227.96,ETH
2026-01-06 06:38:15+00:00,2026-01-06 06:42:46.709933+00:00,495.0,3227.732,3227.55,3227.96,ETH
2026-01-06 06:38:16+00:00,2026-01-06 06:42:47.712183+00:00,496.0,3227.732,3227.55,3227.96,ETH
2026-01-06 06:38:17+00:00,2026-01-06 06:42:48.710526+00:00,497.0,3227.732,3227.55,3228.0,ETH
2026-01-06 06:38:18+00:00,2026-01-06 06:42:49.714289+00:00,498.0,3227.732,3227.55,3228.03,ETH
2026-01-06 06:38:19+00:00,2026-01-06 06:42:50.726976+00:00,499.0,3227.722,3227.53,3227.97,ETH
2026-01-06 06:38:20+00:00,2026-01-06 06:42:51.726531+00:00,500.0,3227.712,3227.5,3227.92,ETH
2026-01-06 06:38:21+00:00,2026-01-06 06:42:52.736425+00:00,501.0,3227.712,3227.49,3227.94,ETH
2026-01-06 06:38:22+00:00,2026-01-06 06:42:53.724253+00:00,502.0,3227.712,3227.48,3227.95,ETH
2026-01-06 06:38:23+00:00,2026-01-06 06:42:54.728678+00:00,503.0,3227.492,3227.47,3227.87,ETH
2026-01-06 06:38:24+00:00,2026-01-06 06:42:55.735333+00:00,504.0,3227.492,3227.43,3227.7,ETH
2026-01-06 06:38:25+00:00,2026-01-06 06:42:56.741723+00:00,505.0,3227.492,3227.37,3227.86,ETH
2026-01-06 06:38:26+00:00,2026-01-06 06:42:57.731692+00:00,506.0,3227.532,3227.36,3227.81,ETH
2026-01-06 06:38:27+00:00,2026-01-06 06:42:58.749861+00:00,507.0,3228.112,3227.92,3228.12,ETH
2026-01-06 06:38:28+00:00,2026-01-06 06:42:59.761231+00:00,508.0,3228.112,3227.9,3228.33,ETH
2026-01-06 06:38:29+00:00,2026-01-06 06:43:00.763367+00:00,509.0,3228.082,3227.87,3228.3,ETH
2026-01-06 06:38:30+00:00,2026-01-06 06:43:01.785928+00:00,510.0,3227.972,3227.87,3228.32,ETH
2026-01-06 06:38:31+00:00,2026-01-06 06:43:02.786141+00:00,511.0,3227.972,3227.87,3228.32,ETH
2026-01-06 06:38:32+00:00,2026-01-06 06:43:03.797114+00:00,512.0,3228.132,3227.87,3228.38,ETH
2026-01-06 06:38:33+00:00,2026-01-06 06:43:04.820177+00:00,513.0,3228.132,3227.88,3228.38,ETH
2026-01-06 06:38:34+00:00,2026-01-06 06:43:05.831536+00:00,514.0,3228.152,3227.92,3228.38,ETH
2026-01-06 06:38:35+00:00,2026-01-06 06:43:06.846890+00:00,515.0,3228.162,3227.92,3228.37,ETH
2026-01-06 06:38:36+00:00,2026-01-06 06:43:07.866393+00:00,516.0,3228.172,3227.92,3228.4,ETH
2026-01-06 06:38:37+00:00,2026-01-06 06:43:08.883561+00:00,517.0,3228.182,3227.94,3228.42,ETH
2026-01-06 06:38:38+00:00,2026-01-06 06:43:09.884015+00:00,518.0,3228.182,3227.94,3228.42,ETH
2026-01-06 06:38:39+00:00,2026-01-06 06:43:10.921141+00:00,519.0,3229.462,3229.01,3229.9,ETH
2026-01-06 06:38:40+00:00,2026-01-06 06:43:11.898310+00:00,520.0,3230.072,3229.8,3230.18,ETH
2026-01-06 06:38:41+00:00,2026-01-06 06:43:12.908376+00:00,521.0,3229.682,3229.59,3229.97,ETH
2026-01-06 06:38:42+00:00,2026-01-06 06:43:13.901720+00:00,522.0,3229.682,3229.58,3229.92,ETH
2026-01-06 06:38:43+00:00,2026-01-06 06:43:14.914295+00:00,523.0,3229.752,3229.59,3229.81,ETH
2026-01-06 06:38:44+00:00,2026-01-06 06:43:15.912500+00:00,524.0,3229.762,3229.56,3229.81,ETH
2026-01-06 06:38:45+00:00,2026-01-06 06:43:16.912404+00:00,525.0,3229.762,3229.54,3229.81,ETH
2026-01-06 06:38:46+00:00,2026-01-06 06:43:17.914234+00:00,526.0,3229.732,3229.54,3229.81,ETH
2026-01-06 06:38:47+00:00,2026-01-06 06:43:19.916515+00:00,527.0,3229.742,3229.54,3229.81,ETH
2026-01-06 06:38:48+00:00,2026-01-06 06:43:20.927337+00:00,528.0,3229.752,3229.54,3229.81,ETH
2026-01-06 06:38:49+00:00,2026-01-06 06:43:21.915099+00:00,529.0,3229.772,3229.56,3229.81,ETH
2026-01-06 06:38:50+00:00,2026-01-06 06:43:22.914966+00:00,530.0,3229.792,3229.58,3229.82,ETH
2026-01-06 06:38:51+00:00,2026-01-06 06:43:23.915711+00:00,531.0,3229.812,3229.59,3229.91,ETH
2026-01-06 06:38:52+00:00,2026-01-06 06:43:24.929225+00:00,532.0,3229.842,3229.61,3230.05,ETH
2026-01-06 06:38:53+00:00,2026-01-06 06:43:25.929906+00:00,533.0,3229.852,3229.61,3230.12,ETH
2026-01-06 06:38:54+00:00,2026-01-06 06:43:26.930104+00:00,534.0,3229.842,3229.58,3230.08,ETH
2026-01-06 06:38:55+00:00,2026-01-06 06:43:27.929895+00:00,535.0,3229.832,3229.59,3229.99,ETH
2026-01-06 06:38:56+00:00,2026-01-06 06:43:28.929082+00:00,536.0,3229.832,3229.59,3229.97,ETH
2026-01-06 06:38:57+00:00,2026-01-06 06:43:29.930411+00:00,537.0,3229.842,3229.59,3230.0,ETH
2026-01-06 06:38:58+00:00,2026-01-06 06:43:30.943867+00:00,538.0,3229.852,3229.59,3230.04,ETH
2026-01-06 06:38:59+00:00,2026-01-06 06:43:31.944887+00:00,539.0,3229.852,3229.61,3230.06,ETH
2026-01-06 06:39:00+00:00,2026-01-06 06:43:32.925043+00:00,540.0,3229.832,3229.62,3229.96,ETH
2026-01-06 06:39:01+00:00,2026-01-06 06:43:33.929380+00:00,541.0,3229.752,3229.62,3229.97,ETH
2026-01-06 06:39:02+00:00,2026-01-06 06:43:34.955226+00:00,542.0,3229.522,3229.47,3229.8,ETH
2026-01-06 06:39:03+00:00,2026-01-06 06:43:35.978071+00:00,543.0,3229.342,3229.31,3229.45,ETH
2026-01-06 06:39:04+00:00,2026-01-06 06:43:37.001229+00:00,544.0,3229.132,3229.06,3229.29,ETH
2026-01-06 06:39:05+00:00,2026-01-06 06:43:38.010049+00:00,545.0,3228.872,3228.76,3229.09,ETH
2026-01-06 06:39:06+00:00,2026-01-06 06:43:39.027460+00:00,546.0,3228.922,3228.74,3229.12,ETH
2026-01-06 06:39:07+00:00,2026-01-06 06:43:40.045272+00:00,547.0,3229.062,3228.83,3229.29,ETH
2026-01-06 06:39:08+00:00,2026-01-06 06:43:41.050723+00:00,548.0,3229.102,3228.87,3229.33,ETH
2026-01-06 06:39:09+00:00,2026-01-06 06:43:42.057473+00:00,549.0,3229.102,3228.87,3229.33,ETH
2026-01-06 06:39:10+00:00,2026-01-06 06:43:43.080989+00:00,550.0,3229.102,3228.87,3229.33,ETH
2026-01-06 06:39:11+00:00,2026-01-06 06:43:44.084211+00:00,551.0,3229.102,3228.87,3229.33,ETH
2026-01-06 06:39:12+00:00,2026-01-06 06:43:45.082965+00:00,552.0,3229.102,3228.87,3229.33,ETH
2026-01-06 06:39:13+00:00,2026-01-06 06:43:46.094822+00:00,553.0,3229.102,3228.87,3229.33,ETH
2026-01-06 06:39:14+00:00,2026-01-06 06:43:47.093444+00:00,554.0,3229.102,3228.87,3229.4,ETH
2026-01-06 06:39:15+00:00,2026-01-06 06:43:48.109744+00:00,555.0,3230.252,3230.02,3230.61,ETH
2026-01-06 06:39:16+00:00,2026-01-06 06:43:49.113906+00:00,556.0,3231.352,3231.17,3231.58,ETH
2026-01-06 06:39:17+00:00,2026-01-06 06:43:50.129379+00:00,557.0,3231.292,3231.1,3231.4,ETH
2026-01-06 06:39:18+00:00,2026-01-06 06:43:51.124222+00:00,558.0,3231.302,3231.05,3231.4,ETH
2026-01-06 06:39:19+00:00,2026-01-06 06:43:52.128612+00:00,559.0,3231.242,3231.01,3231.31,ETH
2026-01-06 06:39:20+00:00,2026-01-06 06:43:53.130003+00:00,560.0,3231.192,3230.96,3231.27,ETH
2026-01-06 06:39:21+00:00,2026-01-06 06:43:54.126619+00:00,561.0,3231.202,3230.95,3231.3,ETH
2026-01-06 06:39:22+00:00,2026-01-06 06:43:55.125510+00:00,562.0,3231.202,3230.96,3231.27,ETH
2026-01-06 06:39:23+00:00,2026-01-06 06:43:56.126706+00:00,563.0,3233.752,3233.33,3234.06,ETH
2026-01-06 06:39:24+00:00,2026-01-06 06:43:57.150416+00:00,564.0,3236.172,3235.76,3236.71,ETH
2026-01-06 06:39:25+00:00,2026-01-06 06:43:58.143561+00:00,565.0,3235.612,3235.4,3236.14,ETH
2026-01-06 06:39:26+00:00,2026-01-06 06:43:59.154668+00:00,566.0,3234.722,3234.46,3235.13,ETH
2026-01-06 06:39:27+00:00,2026-01-06 06:44:00.166482+00:00,567.0,3234.102,3233.9,3234.39,ETH
2026-01-06 06:39:29+00:00,2026-01-06 06:44:01.411113+00:00,569.0,3235.862,3235.6,3235.98,ETH
2026-01-06 06:39:30+00:00,2026-01-06 06:44:02.399697+00:00,570.0,3235.862,3235.61,3236.0,ETH
2026-01-06 06:39:31+00:00,2026-01-06 06:44:03.411084+00:00,571.0,3235.872,3235.63,3235.98,ETH
2026-01-06 06:39:32+00:00,2026-01-06 06:44:04.412509+00:00,572.0,3235.862,3235.62,3235.98,ETH
2026-01-06 06:39:33+00:00,2026-01-06 06:44:05.419929+00:00,573.0,3235.862,3235.62,3235.98,ETH
2026-01-06 06:39:34+00:00,2026-01-06 06:44:06.433000+00:00,574.0,3235.852,3235.65,3235.98,ETH
2026-01-06 06:39:35+00:00,2026-01-06 06:44:07.425829+00:00,575.0,3235.742,3235.64,3235.79,ETH
2026-01-06 06:39:36+00:00,2026-01-06 06:44:09.425524+00:00,576.0,3235.512,3235.29,3235.67,ETH
2026-01-06 06:39:37+00:00,2026-01-06 06:44:10.427057+00:00,577.0,3235.402,3235.15,3235.65,ETH
2026-01-06 06:39:38+00:00,2026-01-06 06:44:11.422993+00:00,578.0,3235.312,3235.1,3235.55,ETH
2026-01-06 06:39:39+00:00,2026-01-06 06:44:12.417611+00:00,579.0,3235.402,3235.25,3235.63,ETH
2026-01-06 06:39:40+00:00,2026-01-06 06:44:13.427629+00:00,580.0,3235.652,3235.5,3235.9,ETH
2026-01-06 06:39:41+00:00,2026-01-06 06:44:14.420956+00:00,581.0,3235.782,3235.58,3236.06,ETH
2026-01-06 06:39:42+00:00,2026-01-06 06:44:15.425206+00:00,582.0,3235.782,3235.56,3236.06,ETH
2026-01-06 06:39:43+00:00,2026-01-06 06:44:16.415023+00:00,583.0,3235.782,3235.56,3236.06,ETH
2026-01-06 06:39:44+00:00,2026-01-06 06:44:17.409504+00:00,584.0,3235.782,3235.57,3236.06,ETH
2026-01-06 06:39:45+00:00,2026-01-06 06:44:18.413305+00:00,585.0,3235.782,3235.57,3236.06,ETH
2026-01-06 06:39:46+00:00,2026-01-06 06:44:19.399761+00:00,586.0,3235.522,3235.34,3235.8,ETH
2026-01-06 06:39:47+00:00,2026-01-06 06:44:20.413734+00:00,587.0,3235.332,3235.13,3235.58,ETH
2026-01-06 06:39:48+00:00,2026-01-06 06:44:21.431213+00:00,588.0,3235.392,3235.14,3235.63,ETH
2026-01-06 06:39:49+00:00,2026-01-06 06:44:22.429452+00:00,589.0,3235.382,3235.14,3235.64,ETH
2026-01-06 06:39:50+00:00,2026-01-06 06:44:23.427013+00:00,590.0,3235.382,3235.13,3235.63,ETH
2026-01-06 06:39:51+00:00,2026-01-06 06:44:24.428482+00:00,591.0,3235.382,3235.14,3235.63,ETH
2026-01-06 06:39:52+00:00,2026-01-06 06:44:25.441576+00:00,592.0,3235.392,3235.14,3235.63,ETH
2026-01-06 06:39:53+00:00,2026-01-06 06:44:26.446696+00:00,593.0,3235.512,3235.32,3235.78,ETH
2026-01-06 06:39:54+00:00,2026-01-06 06:44:27.482080+00:00,594.0,3235.722,3235.52,3236.02,ETH
2026-01-06 06:39:55+00:00,2026-01-06 06:44:28.494522+00:00,595.0,3235.842,3235.58,3236.11,ETH
2026-01-06 06:39:56+00:00,2026-01-06 06:44:29.513052+00:00,596.0,3235.762,3235.5,3235.95,ETH
2026-01-06 06:39:57+00:00,2026-01-06 06:44:30.513017+00:00,597.0,3235.592,3235.35,3235.78,ETH
2026-01-06 06:39:58+00:00,2026-01-06 06:44:31.532080+00:00,598.0,3235.542,3235.31,3235.78,ETH
2026-01-06 06:39:59+00:00,2026-01-06 06:44:32.536842+00:00,599.0,3235.392,3235.14,3235.65,ETH
2026-01-06 06:40:00+00:00,2026-01-06 06:44:33.543198+00:00,600.0,3235.092,3235.09,3235.56,ETH
2026-01-06 06:40:01+00:00,2026-01-06 06:44:34.541242+00:00,601.0,3234.942,3234.93,3235.32,ETH
2026-01-06 06:40:02+00:00,2026-01-06 06:44:35.537238+00:00,602.0,3234.722,3234.61,3234.77,ETH
2026-01-06 06:40:03+00:00,2026-01-06 06:44:36.544272+00:00,603.0,3234.252,3234.15,3234.53,ETH
2026-01-06 06:40:04+00:00,2026-01-06 06:44:37.557197+00:00,604.0,3233.922,3233.82,3234.27,ETH
2026-01-06 06:40:05+00:00,2026-01-06 06:44:38.577598+00:00,605.0,3233.752,3233.73,3233.95,ETH
2026-01-06 06:40:06+00:00,2026-01-06 06:44:39.589140+00:00,606.0,3233.652,3233.38,3233.88,ETH
2026-01-06 06:40:07+00:00,2026-01-06 06:44:40.608037+00:00,607.0,3233.652,3233.38,3233.91,ETH
2026-01-06 06:40:08+00:00,2026-01-06 06:44:41.615267+00:00,608.0,3233.242,3233.23,3233.51,ETH
2026-01-06 06:40:09+00:00,2026-01-06 06:44:42.623624+00:00,609.0,3233.242,3233.19,3233.51,ETH
2026-01-06 06:40:10+00:00,2026-01-06 06:44:43.622844+00:00,610.0,3233.232,3233.15,3233.37,ETH
2026-01-06 06:40:11+00:00,2026-01-06 06:44:44.625130+00:00,611.0,3233.072,3233.07,3233.29,ETH
2026-01-06 06:40:12+00:00,2026-01-06 06:44:45.645597+00:00,612.0,3233.002,3232.87,3233.07,ETH
2026-01-06 06:40:13+00:00,2026-01-06 06:44:46.643600+00:00,613.0,3232.732,3232.73,3232.99,ETH
2026-01-06 06:40:14+00:00,2026-01-06 06:44:47.644458+00:00,614.0,3232.732,3232.64,3232.85,ETH
2026-01-06 06:40:15+00:00,2026-01-06 06:44:48.650243+00:00,615.0,3232.732,3232.64,3232.83,ETH
2026-01-06 06:40:16+00:00,2026-01-06 06:44:49.701851+00:00,616.0,3232.672,3232.62,3232.77,ETH
2026-01-06 06:40:17+00:00,2026-01-06 06:44:50.685627+00:00,617.0,3232.652,3232.59,3232.76,ETH
2026-01-06 06:40:18+00:00,2026-01-06 06:44:51.726851+00:00,618.0,3232.652,3232.56,3232.77,ETH
2026-01-06 06:40:19+00:00,2026-01-06 06:44:52.696838+00:00,619.0,3232.652,3232.51,3232.8,ETH
2026-01-06 06:40:20+00:00,2026-01-06 06:44:53.697734+00:00,620.0,3232.722,3232.49,3232.89,ETH
2026-01-06 06:40:21+00:00,2026-01-06 06:44:54.710370+00:00,621.0,3232.812,3232.57,3232.97,ETH
2026-01-06 06:40:22+00:00,2026-01-06 06:44:55.712350+00:00,622.0,3232.842,3232.65,3232.97,ETH
2026-01-06 06:40:23+00:00,2026-01-06 06:44:56.771403+00:00,623.0,3232.942,3232.76,3233.09,ETH
2026-01-06 06:40:24+00:00,2026-01-06 06:44:57.777437+00:00,624.0,3232.992,3232.8,3233.19,ETH
2026-01-06 06:40:25+00:00,2026-01-06 06:44:58.780331+00:00,625.0,3233.222,3232.99,3233.42,ETH
2026-01-06 06:40:26+00:00,2026-01-06 06:44:59.805302+00:00,626.0,3233.422,3233.12,3233.53,ETH
2026-01-06 06:40:27+00:00,2026-01-06 06:45:00.778878+00:00,627.0,3233.412,3233.13,3233.51,ETH
2026-01-06 06:40:28+00:00,2026-01-06 06:45:01.810477+00:00,628.0,3233.432,3233.15,3233.54,ETH
2026-01-06 06:40:29+00:00,2026-01-06 06:45:02.806674+00:00,629.0,3234.192,3233.83,3234.67,ETH
2026-01-06 06:40:30+00:00,2026-01-06 06:45:03.800683+00:00,630.0,3235.362,3235.1,3235.9,ETH
2026-01-06 06:40:31+00:00,2026-01-06 06:45:04.811426+00:00,631.0,3235.802,3235.7,3236.05,ETH
2026-01-06 06:40:32+00:00,2026-01-06 06:45:05.827114+00:00,632.0,3235.612,3235.55,3235.76,ETH
2026-01-06 06:40:33+00:00,2026-01-06 06:45:06.843348+00:00,633.0,3235.272,3235.23,3235.36,ETH
2026-01-06 06:40:34+00:00,2026-01-06 06:45:07.847662+00:00,634.0,3234.942,3234.92,3235.13,ETH
2026-01-06 06:40:35+00:00,2026-01-06 06:45:08.864374+00:00,635.0,3234.862,3234.78,3235.02,ETH
2026-01-06 06:40:36+00:00,2026-01-06 06:45:09.878757+00:00,636.0,3235.322,3235.18,3235.37,ETH
2026-01-06 06:40:37+00:00,2026-01-06 06:45:10.877327+00:00,637.0,3235.502,3235.42,3235.81,ETH
2026-01-06 06:40:38+00:00,2026-01-06 06:45:11.892373+00:00,638.0,3235.072,3235.03,3235.55,ETH
2026-01-06 06:40:39+00:00,2026-01-06 06:45:12.891863+00:00,639.0,3234.812,3234.71,3235.15,ETH
2026-01-06 06:40:40+00:00,2026-01-06 06:45:13.910724+00:00,640.0,3235.282,3235.14,3235.6,ETH
2026-01-06 06:40:41+00:00,2026-01-06 06:45:14.911663+00:00,641.0,3235.852,3235.7,3236.06,ETH
2026-01-06 06:40:42+00:00,2026-01-06 06:45:15.925137+00:00,642.0,3235.712,3235.62,3235.95,ETH
2026-01-06 06:40:43+00:00,2026-01-06 06:45:16.942734+00:00,643.0,3235.512,3235.42,3235.82,ETH
2026-01-06 06:40:44+00:00,2026-01-06 06:45:17.947434+00:00,644.0,3235.512,3235.34,3235.76,ETH
2026-01-06 06:40:45+00:00,2026-01-06 06:45:18.956417+00:00,645.0,3235.512,3235.34,3235.79,ETH
2026-01-06 06:40:46+00:00,2026-01-06 06:45:19.964272+00:00,646.0,3235.512,3235.35,3235.78,ETH
2026-01-06 06:40:47+00:00,2026-01-06 06:45:20.974460+00:00,647.0,3235.512,3235.36,3235.76,ETH
2026-01-06 06:40:48+00:00,2026-01-06 06:45:21.973916+00:00,648.0,3235.512,3235.35,3235.61,ETH
2026-01-06 06:40:49+00:00,2026-01-06 06:45:22.977530+00:00,649.0,3235.302,3235.1,3235.44,ETH
2026-01-06 06:40:50+00:00,2026-01-06 06:45:23.965844+00:00,650.0,3235.092,3234.86,3235.28,ETH
2026-01-06 06:40:51+00:00,2026-01-06 06:45:24.976353+00:00,651.0,3234.942,3234.77,3235.08,ETH
2026-01-06 06:40:52+00:00,2026-01-06 06:45:25.982752+00:00,652.0,3234.942,3234.75,3234.99,ETH
2026-01-06 06:40:53+00:00,2026-01-06 06:45:26.987685+00:00,653.0,3235.042,3234.75,3235.11,ETH
2026-01-06 06:40:54+00:00,2026-01-06 06:45:27.991332+00:00,654.0,3235.102,3235.0,3235.32,ETH
2026-01-06 06:40:55+00:00,2026-01-06 06:45:28.975973+00:00,655.0,3235.102,3234.99,3235.32,ETH
2026-01-06 06:40:56+00:00,2026-01-06 06:45:29.991934+00:00,656.0,3235.262,3235.22,3235.6,ETH
2026-01-06 06:40:57+00:00,2026-01-06 06:45:30.995965+00:00,657.0,3235.262,3235.18,3235.64,ETH
2026-01-06 06:40:58+00:00,2026-01-06 06:45:32.007023+00:00,658.0,3235.282,3235.14,3235.68,ETH
2026-01-06 06:40:59+00:00,2026-01-06 06:45:33.010639+00:00,659.0,3235.392,3235.06,3235.65,ETH
2026-01-06 06:41:00+00:00,2026-01-06 06:45:34.011437+00:00,660.0,3235.482,3235.26,3235.67,ETH
2026-01-06 06:41:01+00:00,2026-01-06 06:45:35.022012+00:00,661.0,3235.552,3235.25,3235.67,ETH
2026-01-06 06:41:02+00:00,2026-01-06 06:45:36.024892+00:00,662.0,3235.272,3235.25,3235.59,ETH
2026-01-06 06:41:03+00:00,2026-01-06 06:45:37.035601+00:00,663.0,3234.942,3234.93,3235.19,ETH
2026-01-06 06:41:04+00:00,2026-01-06 06:45:38.033533+00:00,664.0,3235.832,3235.56,3236.08,ETH
2026-01-06 06:41:05+00:00,2026-01-06 06:45:39.044401+00:00,665.0,3235.742,3235.59,3235.99,ETH
2026-01-06 06:41:06+00:00,2026-01-06 06:45:40.044333+00:00,666.0,3235.722,3235.58,3236.01,ETH
2026-01-06 06:41:07+00:00,2026-01-06 06:45:41.058748+00:00,667.0,3235.332,3235.32,3235.56,ETH
2026-01-06 06:41:08+00:00,2026-01-06 06:45:42.070242+00:00,668.0,3235.202,3235.17,3235.43,ETH
2026-01-06 06:41:09+00:00,2026-01-06 06:45:43.072692+00:00,669.0,3235.202,3235.16,3235.56,ETH
2026-01-06 06:41:10+00:00,2026-01-06 06:45:44.088284+00:00,670.0,3235.472,3235.17,3235.76,ETH
2026-01-06 06:41:11+00:00,2026-01-06 06:45:45.085564+00:00,671.0,3235.702,3235.63,3235.83,ETH
2026-01-06 06:41:12+00:00,2026-01-06 06:45:46.072664+00:00,672.0,3235.762,3235.63,3235.87,ETH
2026-01-06 06:41:13+00:00,2026-01-06 06:45:47.075585+00:00,673.0,3235.762,3235.6,3235.94,ETH
2026-01-06 06:41:14+00:00,2026-01-06 06:45:48.073508+00:00,674.0,3235.672,3235.55,3235.88,ETH
2026-01-06 06:41:15+00:00,2026-01-06 06:45:49.076629+00:00,675.0,3235.652,3235.46,3235.79,ETH
2026-01-06 06:41:16+00:00,2026-01-06 06:45:50.095748+00:00,676.0,3235.512,3235.35,3235.72,ETH
2026-01-06 06:41:17+00:00,2026-01-06 06:45:51.106809+00:00,677.0,3235.482,3235.27,3235.67,ETH
2026-01-06 06:41:18+00:00,2026-01-06 06:45:52.122359+00:00,678.0,3235.582,3235.3,3235.7,ETH
2026-01-06 06:41:19+00:00,2026-01-06 06:45:53.125066+00:00,679.0,3235.582,3235.35,3235.73,ETH
2026-01-06 06:41:20+00:00,2026-01-06 06:45:54.122915+00:00,680.0,3235.582,3235.39,3235.86,ETH
2026-01-06 06:41:21+00:00,2026-01-06 06:45:55.135393+00:00,681.0,3235.582,3235.43,3236.01,ETH
2026-01-06 06:41:22+00:00,2026-01-06 06:45:56.155992+00:00,682.0,3235.582,3235.43,3235.98,ETH
2026-01-06 06:41:23+00:00,2026-01-06 06:45:57.153370+00:00,683.0,3235.572,3235.39,3235.87,ETH
2026-01-06 06:41:24+00:00,2026-01-06 06:45:58.172374+00:00,684.0,3235.572,3235.33,3235.78,ETH
2026-01-06 06:41:25+00:00,2026-01-06 06:45:59.173895+00:00,685.0,3235.572,3235.34,3235.74,ETH
2026-01-06 06:41:26+00:00,2026-01-06 06:46:00.244914+00:00,686.0,3235.502,3235.35,3235.78,ETH
2026-01-06 06:41:27+00:00,2026-01-06 06:46:01.228540+00:00,687.0,3235.502,3235.3,3235.71,ETH
2026-01-06 06:41:28+00:00,2026-01-06 06:46:02.225857+00:00,688.0,3235.502,3235.3,3235.72,ETH
2026-01-06 06:41:29+00:00,2026-01-06 06:46:03.242363+00:00,689.0,3235.502,3235.3,3235.72,ETH
2026-01-06 06:41:30+00:00,2026-01-06 06:46:04.232011+00:00,690.0,3235.482,3235.25,3235.56,ETH
2026-01-06 06:41:31+00:00,2026-01-06 06:46:05.218733+00:00,691.0,3235.482,3235.25,3235.56,ETH
2026-01-06 06:41:32+00:00,2026-01-06 06:46:06.229556+00:00,692.0,3235.482,3235.24,3235.58,ETH
2026-01-06 06:41:33+00:00,2026-01-06 06:46:07.223394+00:00,693.0,3235.622,3235.3,3235.77,ETH
2026-01-06 06:41:34+00:00,2026-01-06 06:46:08.226065+00:00,694.0,3235.632,3235.37,3235.79,ETH
2026-01-06 06:41:35+00:00,2026-01-06 06:46:09.231814+00:00,695.0,3235.742,3235.48,3235.93,ETH
2026-01-06 06:41:36+00:00,2026-01-06 06:46:10.247000+00:00,696.0,3235.832,3235.52,3236.06,ETH
2026-01-06 06:41:37+00:00,2026-01-06 06:46:11.250877+00:00,697.0,3235.862,3235.59,3236.12,ETH
2026-01-06 06:41:38+00:00,2026-01-06 06:46:12.259830+00:00,698.0,3235.912,3235.68,3236.14,ETH
2026-01-06 06:41:39+00:00,2026-01-06 06:46:13.268076+00:00,699.0,3235.932,3235.69,3236.14,ETH
2026-01-06 06:41:40+00:00,2026-01-06 06:46:14.274286+00:00,700.0,3235.932,3235.68,3236.11,ETH
2026-01-06 06:41:41+00:00,2026-01-06 06:46:15.288831+00:00,701.0,3235.932,3235.68,3236.06,ETH
2026-01-06 06:41:42+00:00,2026-01-06 06:46:16.289911+00:00,702.0,3235.932,3235.68,3236.06,ETH
2026-01-06 06:41:43+00:00,2026-01-06 06:46:17.289961+00:00,703.0,3235.932,3235.68,3236.06,ETH
2026-01-06 06:41:44+00:00,2026-01-06 06:46:18.289212+00:00,704.0,3235.912,3235.64,3236.04,ETH
2026-01-06 06:41:45+00:00,2026-01-06 06:46:19.294755+00:00,705.0,3235.892,3235.6,3235.99,ETH
2026-01-06 06:41:46+00:00,2026-01-06 06:46:20.300774+00:00,706.0,3235.892,3235.6,3235.93,ETH
2026-01-06 06:41:47+00:00,2026-01-06 06:46:21.305875+00:00,707.0,3235.892,3235.6,3235.93,ETH
2026-01-06 06:41:48+00:00,2026-01-06 06:46:22.323043+00:00,708.0,3235.882,3235.59,3235.93,ETH
2026-01-06 06:41:49+00:00,2026-01-06 06:46:23.322943+00:00,709.0,3235.882,3235.59,3235.93,ETH
2026-01-06 06:41:50+00:00,2026-01-06 06:46:24.342133+00:00,710.0,3235.882,3235.58,3235.93,ETH
2026-01-06 06:41:51+00:00,2026-01-06 06:46:25.357514+00:00,711.0,3235.872,3235.58,3235.93,ETH
2026-01-06 06:41:52+00:00,2026-01-06 06:46:26.369449+00:00,712.0,3235.872,3235.58,3235.93,ETH
2026-01-06 06:41:53+00:00,2026-01-06 06:46:27.355640+00:00,713.0,3235.872,3235.57,3235.93,ETH
2026-01-06 06:41:54+00:00,2026-01-06 06:46:28.359131+00:00,714.0,3235.862,3235.57,3235.93,ETH
2026-01-06 06:41:55+00:00,2026-01-06 06:46:29.358152+00:00,715.0,3235.862,3235.57,3235.93,ETH
2026-01-06 06:41:56+00:00,2026-01-06 06:46:30.368304+00:00,716.0,3235.862,3235.56,3235.92,ETH
2026-01-06 06:41:57+00:00,2026-01-06 06:46:31.371111+00:00,717.0,3235.722,3235.54,3235.8,ETH
2026-01-06 06:41:58+00:00,2026-01-06 06:46:32.374389+00:00,718.0,3235.552,3235.5,3235.69,ETH
2026-01-06 06:41:59+00:00,2026-01-06 06:46:34.394103+00:00,719.0,3235.662,3235.35,3235.71,ETH
2026-01-06 06:42:00+00:00,2026-01-06 06:46:35.390342+00:00,720.0,3235.662,3235.51,3235.71,ETH
2026-01-06 06:42:01+00:00,2026-01-06 06:46:36.394860+00:00,721.0,3235.662,3235.51,3235.78,ETH
2026-01-06 06:42:02+00:00,2026-01-06 06:46:37.388416+00:00,722.0,3235.682,3235.54,3235.87,ETH
2026-01-06 06:42:03+00:00,2026-01-06 06:46:38.388210+00:00,723.0,3235.682,3235.53,3235.87,ETH
2026-01-06 06:42:04+00:00,2026-01-06 06:46:39.406120+00:00,724.0,3235.682,3235.53,3235.84,ETH
2026-01-06 06:42:05+00:00,2026-01-06 06:46:40.420418+00:00,725.0,3235.682,3235.53,3235.82,ETH
2026-01-06 06:42:06+00:00,2026-01-06 06:46:41.436615+00:00,726.0,3235.672,3235.53,3235.83,ETH
2026-01-06 06:42:07+00:00,2026-01-06 06:46:42.453857+00:00,727.0,3235.482,3235.24,3235.77,ETH
2026-01-06 06:42:08+00:00,2026-01-06 06:46:43.441784+00:00,728.0,3235.482,3235.24,3235.71,ETH
2026-01-06 06:42:09+00:00,2026-01-06 06:46:44.440019+00:00,729.0,3235.482,3235.24,3235.64,ETH
2026-01-06 06:42:10+00:00,2026-01-06 06:46:45.453234+00:00,730.0,3235.482,3235.24,3235.58,ETH
2026-01-06 06:42:11+00:00,2026-01-06 06:46:46.455410+00:00,731.0,3235.482,3235.24,3235.61,ETH
2026-01-06 06:42:12+00:00,2026-01-06 06:46:47.459174+00:00,732.0,3235.482,3235.24,3235.6,ETH
2026-01-06 06:42:13+00:00,2026-01-06 06:46:48.470629+00:00,733.0,3235.482,3235.24,3235.61,ETH
2026-01-06 06:42:14+00:00,2026-01-06 06:46:49.471844+00:00,734.0,3235.482,3235.2,3235.56,ETH
2026-01-06 06:42:15+00:00,2026-01-06 06:46:50.504887+00:00,735.0,3235.482,3235.2,3235.55,ETH
2026-01-06 06:42:16+00:00,2026-01-06 06:46:51.507156+00:00,736.0,3235.112,3234.89,3235.45,ETH
2026-01-06 06:42:17+00:00,2026-01-06 06:46:52.520842+00:00,737.0,3235.162,3234.93,3235.25,ETH
2026-01-06 06:42:18+00:00,2026-01-06 06:46:53.521188+00:00,738.0,3235.082,3234.93,3235.45,ETH
2026-01-06 06:42:19+00:00,2026-01-06 06:46:54.524051+00:00,739.0,3235.192,3234.89,3235.45,ETH
2026-01-06 06:42:20+00:00,2026-01-06 06:46:55.574356+00:00,740.0,3235.072,3234.92,3235.44,ETH
2026-01-06 06:42:21+00:00,2026-01-06 06:46:56.579692+00:00,741.0,3235.072,3234.91,3235.43,ETH
2026-01-06 06:42:22+00:00,2026-01-06 06:46:57.576336+00:00,742.0,3235.112,3234.93,3235.43,ETH
2026-01-06 06:42:23+00:00,2026-01-06 06:46:58.582526+00:00,743.0,3235.082,3234.91,3235.43,ETH
2026-01-06 06:42:24+00:00,2026-01-06 06:46:59.603351+00:00,744.0,3235.102,3234.91,3235.43,ETH
2026-01-06 06:42:25+00:00,2026-01-06 06:47:00.604058+00:00,745.0,3235.112,3234.92,3235.43,ETH
2026-01-06 06:42:26+00:00,2026-01-06 06:47:01.621407+00:00,746.0,3236.032,3235.74,3236.31,ETH
2026-01-06 06:42:27+00:00,2026-01-06 06:47:02.624015+00:00,747.0,3236.312,3236.0,3236.49,ETH
2026-01-06 06:42:28+00:00,2026-01-06 06:47:03.624024+00:00,748.0,3236.822,3236.42,3237.14,ETH
2026-01-06 06:42:29+00:00,2026-01-06 06:47:04.640490+00:00,749.0,3237.142,3236.92,3237.56,ETH
2026-01-06 06:42:30+00:00,2026-01-06 06:47:05.656768+00:00,750.0,3237.142,3236.91,3237.49,ETH
2026-01-06 06:42:31+00:00,2026-01-06 06:47:06.667128+00:00,751.0,3236.932,3236.81,3237.11,ETH
2026-01-06 06:42:32+00:00,2026-01-06 06:47:07.675497+00:00,752.0,3236.652,3236.53,3236.97,ETH
2026-01-06 06:42:33+00:00,2026-01-06 06:47:08.685688+00:00,753.0,3236.652,3236.48,3236.74,ETH
2026-01-06 06:42:34+00:00,2026-01-06 06:47:09.698181+00:00,754.0,3239.262,3239.25,3239.28,ETH
2026-01-06 06:42:35+00:00,2026-01-06 06:47:10.693308+00:00,755.0,3241.392,3240.75,3241.43,ETH
2026-01-06 06:42:36+00:00,2026-01-06 06:47:11.684401+00:00,756.0,3242.512,3242.48,3242.87,ETH
2026-01-06 06:42:37+00:00,2026-01-06 06:47:12.686692+00:00,757.0,3242.522,3242.43,3242.61,ETH
2026-01-06 06:42:38+00:00,2026-01-06 06:47:13.701403+00:00,758.0,3243.092,3242.95,3243.28,ETH
2026-01-06 06:42:39+00:00,2026-01-06 06:47:14.707358+00:00,759.0,3243.172,3242.95,3243.59,ETH
2026-01-06 06:42:40+00:00,2026-01-06 06:47:15.706280+00:00,760.0,3243.282,3243.08,3243.34,ETH
2026-01-06 06:42:41+00:00,2026-01-06 06:47:16.728472+00:00,761.0,3243.142,3243.08,3243.45,ETH
2026-01-06 06:42:42+00:00,2026-01-06 06:47:17.768274+00:00,762.0,3242.892,3242.81,3242.98,ETH
2026-01-06 06:42:43+00:00,2026-01-06 06:47:18.765206+00:00,763.0,3242.552,3242.38,3242.68,ETH
2026-01-06 06:42:44+00:00,2026-01-06 06:47:19.769901+00:00,764.0,3242.352,3242.21,3242.5,ETH
2026-01-06 06:42:45+00:00,2026-01-06 06:47:20.784519+00:00,765.0,3242.182,3242.1,3242.34,ETH
2026-01-06 06:42:46+00:00,2026-01-06 06:47:21.780280+00:00,766.0,3241.872,3241.74,3242.02,ETH
2026-01-06 06:42:47+00:00,2026-01-06 06:47:22.792266+00:00,767.0,3241.612,3241.48,3241.68,ETH
2026-01-06 06:42:48+00:00,2026-01-06 06:47:23.788177+00:00,768.0,3241.582,3241.47,3241.62,ETH
2026-01-06 06:42:49+00:00,2026-01-06 06:47:24.811238+00:00,769.0,3241.232,3241.15,3241.32,ETH
2026-01-06 06:42:50+00:00,2026-01-06 06:47:25.821640+00:00,770.0,3241.232,3241.07,3241.23,ETH
2026-01-06 06:42:51+00:00,2026-01-06 06:47:26.843231+00:00,771.0,3241.062,3240.96,3241.14,ETH
2026-01-06 06:42:52+00:00,2026-01-06 06:47:27.854651+00:00,772.0,3241.132,3240.88,3241.32,ETH
2026-01-06 06:42:53+00:00,2026-01-06 06:47:28.860420+00:00,773.0,3241.202,3240.92,3241.32,ETH
2026-01-06 06:42:54+00:00,2026-01-06 06:47:29.854917+00:00,774.0,3241.202,3240.93,3241.36,ETH
2026-01-06 06:42:55+00:00,2026-01-06 06:47:30.872857+00:00,775.0,3240.672,3240.59,3241.01,ETH
2026-01-06 06:42:56+00:00,2026-01-06 06:47:31.872698+00:00,776.0,3240.562,3240.3,3240.77,ETH
2026-01-06 06:42:57+00:00,2026-01-06 06:47:32.907233+00:00,777.0,3240.502,3240.28,3240.56,ETH
2026-01-06 06:42:58+00:00,2026-01-06 06:47:33.889588+00:00,778.0,3240.482,3240.27,3240.53,ETH
2026-01-06 06:42:59+00:00,2026-01-06 06:47:34.887414+00:00,779.0,3240.492,3240.27,3240.54,ETH
2026-01-06 06:43:00+00:00,2026-01-06 06:47:35.891297+00:00,780.0,3240.442,3240.27,3240.54,ETH
2026-01-06 06:43:01+00:00,2026-01-06 06:47:36.904982+00:00,781.0,3240.212,3240.12,3240.44,ETH
2026-01-06 06:43:02+00:00,2026-01-06 06:47:37.902814+00:00,782.0,3240.212,3240.12,3240.37,ETH
2026-01-06 06:43:03+00:00,2026-01-06 06:47:38.921667+00:00,783.0,3240.432,3240.29,3240.49,ETH
2026-01-06 06:43:04+00:00,2026-01-06 06:47:39.910164+00:00,784.0,3240.432,3240.29,3240.65,ETH
2026-01-06 06:43:05+00:00,2026-01-06 06:47:40.902601+00:00,785.0,3240.382,3240.21,3240.61,ETH
2026-01-06 06:43:06+00:00,2026-01-06 06:47:41.905213+00:00,786.0,3240.322,3240.2,3240.53,ETH
2026-01-06 06:43:07+00:00,2026-01-06 06:47:42.917135+00:00,787.0,3240.142,3240.13,3240.36,ETH
2026-01-06 06:43:08+00:00,2026-01-06 06:47:43.937066+00:00,788.0,3240.142,3240.07,3240.34,ETH
2026-01-06 06:43:09+00:00,2026-01-06 06:47:44.952888+00:00,789.0,3240.052,3240.02,3240.27,ETH
2026-01-06 06:43:10+00:00,2026-01-06 06:47:45.970446+00:00,790.0,3240.022,3239.94,3240.17,ETH
2026-01-06 06:43:11+00:00,2026-01-06 06:47:46.972163+00:00,791.0,3239.782,3239.55,3240.02,ETH
2026-01-06 06:43:12+00:00,2026-01-06 06:47:47.982326+00:00,792.0,3239.682,3239.61,3239.87,ETH
2026-01-06 06:43:13+00:00,2026-01-06 06:47:48.985952+00:00,793.0,3239.612,3239.57,3239.83,ETH
2026-01-06 06:43:14+00:00,2026-01-06 06:47:50.005375+00:00,794.0,3239.352,3239.35,3239.57,ETH
2026-01-06 06:43:15+00:00,2026-01-06 06:47:51.004166+00:00,795.0,3239.352,3239.24,3239.54,ETH
2026-01-06 06:43:16+00:00,2026-01-06 06:47:52.003616+00:00,796.0,3239.352,3239.24,3239.57,ETH
2026-01-06 06:43:17+00:00,2026-01-06 06:47:53.007358+00:00,797.0,3239.272,3239.22,3239.44,ETH
2026-01-06 06:43:18+00:00,2026-01-06 06:47:54.020680+00:00,798.0,3239.272,3239.23,3239.55,ETH
2026-01-06 06:43:19+00:00,2026-01-06 06:47:55.020978+00:00,799.0,3239.222,3239.22,3239.35,ETH
2026-01-06 06:43:20+00:00,2026-01-06 06:47:56.020078+00:00,800.0,3238.852,3238.74,3239.07,ETH
2026-01-06 06:43:21+00:00,2026-01-06 06:47:57.017769+00:00,801.0,3238.682,3238.63,3239.06,ETH
2026-01-06 06:43:22+00:00,2026-01-06 06:47:58.021520+00:00,802.0,3238.732,3238.53,3238.81,ETH
2026-01-06 06:43:23+00:00,2026-01-06 06:47:59.021942+00:00,803.0,3238.712,3238.52,3238.77,ETH
2026-01-06 06:43:24+00:00,2026-01-06 06:48:00.035170+00:00,804.0,3238.712,3238.46,3238.76,ETH
2026-01-06 06:43:25+00:00,2026-01-06 06:48:01.031755+00:00,805.0,3238.662,3238.46,3238.7,ETH
2026-01-06 06:43:26+00:00,2026-01-06 06:48:02.100543+00:00,806.0,3238.522,3238.35,3238.59,ETH
2026-01-06 06:43:27+00:00,2026-01-06 06:48:03.108954+00:00,807.0,3238.492,3238.34,3238.61,ETH
2026-01-06 06:43:28+00:00,2026-01-06 06:48:04.120277+00:00,808.0,3238.432,3238.27,3238.48,ETH
2026-01-06 06:43:29+00:00,2026-01-06 06:48:05.119788+00:00,809.0,3238.522,3238.31,3238.53,ETH
2026-01-06 06:43:30+00:00,2026-01-06 06:48:06.119653+00:00,810.0,3242.132,3241.98,3242.27,ETH
2026-01-06 06:43:31+00:00,2026-01-06 06:48:07.120587+00:00,811.0,3242.662,3242.37,3242.68,ETH
2026-01-06 06:43:32+00:00,2026-01-06 06:48:08.150194+00:00,812.0,3242.602,3242.4,3242.68,ETH
2026-01-06 06:43:33+00:00,2026-01-06 06:48:09.150377+00:00,813.0,3242.122,3242.07,3242.37,ETH
2026-01-06 06:43:34+00:00,2026-01-06 06:48:10.165627+00:00,814.0,3242.032,3241.9,3242.32,ETH
2026-01-06 06:43:35+00:00,2026-01-06 06:48:11.171091+00:00,815.0,3247.492,3247.31,3248.02,ETH
2026-01-06 06:43:36+00:00,2026-01-06 06:48:13.163545+00:00,816.0,3248.903,3248.58,3249.13,ETH
2026-01-06 06:43:37+00:00,2026-01-06 06:48:14.166697+00:00,817.0,3249.293,3248.92,3249.61,ETH
2026-01-06 06:43:38+00:00,2026-01-06 06:48:15.180744+00:00,818.0,3249.493,3249.23,3249.89,ETH
2026-01-06 06:43:39+00:00,2026-01-06 06:48:16.178652+00:00,819.0,3249.333,3249.14,3249.64,ETH
2026-01-06 06:43:40+00:00,2026-01-06 06:48:17.183559+00:00,820.0,3248.973,3248.82,3249.07,ETH
2026-01-06 06:43:41+00:00,2026-01-06 06:48:18.214151+00:00,821.0,3248.362,3248.3,3248.65,ETH
2026-01-06 06:43:42+00:00,2026-01-06 06:48:19.211304+00:00,822.0,3247.972,3247.9,3248.24,ETH
2026-01-06 06:43:43+00:00,2026-01-06 06:48:20.203323+00:00,823.0,3247.782,3247.67,3247.94,ETH
2026-01-06 06:43:44+00:00,2026-01-06 06:48:21.219427+00:00,824.0,3247.692,3247.53,3247.84,ETH
2026-01-06 06:43:45+00:00,2026-01-06 06:48:22.221533+00:00,825.0,3247.732,3247.53,3247.8,ETH
2026-01-06 06:43:46+00:00,2026-01-06 06:48:23.223309+00:00,826.0,3247.462,3247.37,3247.73,ETH
2026-01-06 06:43:47+00:00,2026-01-06 06:48:24.217011+00:00,827.0,3247.242,3247.16,3247.54,ETH
2026-01-06 06:43:48+00:00,2026-01-06 06:48:25.223594+00:00,828.0,3247.272,3247.1,3247.38,ETH
2026-01-06 06:43:49+00:00,2026-01-06 06:48:26.221107+00:00,829.0,3246.992,3246.75,3247.11,ETH
2026-01-06 06:43:50+00:00,2026-01-06 06:48:27.231725+00:00,830.0,3246.712,3246.48,3246.86,ETH
2026-01-06 06:43:51+00:00,2026-01-06 06:48:28.215864+00:00,831.0,3246.712,3246.54,3246.85,ETH
2026-01-06 06:43:52+00:00,2026-01-06 06:48:29.212373+00:00,832.0,3246.682,3246.42,3246.83,ETH
2026-01-06 06:43:53+00:00,2026-01-06 06:48:30.214338+00:00,833.0,3246.682,3246.37,3246.81,ETH
2026-01-06 06:43:54+00:00,2026-01-06 06:48:31.236050+00:00,834.0,3246.712,3246.47,3246.8,ETH
2026-01-06 06:43:55+00:00,2026-01-06 06:48:32.245321+00:00,835.0,3246.702,3246.48,3246.75,ETH
2026-01-06 06:43:56+00:00,2026-01-06 06:48:33.245965+00:00,836.0,3246.702,3246.46,3246.76,ETH
2026-01-06 06:43:57+00:00,2026-01-06 06:48:34.266958+00:00,837.0,3246.702,3246.43,3246.8,ETH
2026-01-06 06:43:58+00:00,2026-01-06 06:48:35.266411+00:00,838.0,3246.822,3246.54,3246.88,ETH
2026-01-06 06:43:59+00:00,2026-01-06 06:48:36.284309+00:00,839.0,3246.962,3246.65,3247.04,ETH
2026-01-06 06:44:00+00:00,2026-01-06 06:48:37.287306+00:00,840.0,3246.692,3246.44,3246.85,ETH
2026-01-06 06:44:01+00:00,2026-01-06 06:48:38.286923+00:00,841.0,3246.222,3246.12,3246.48,ETH
2026-01-06 06:44:02+00:00,2026-01-06 06:48:39.284722+00:00,842.0,3245.912,3245.83,3246.12,ETH
2026-01-06 06:44:03+00:00,2026-01-06 06:48:40.450165+00:00,843.0,3245.272,3245.14,3245.32,ETH
2026-01-06 06:44:04+00:00,2026-01-06 06:48:41.465656+00:00,844.0,3244.682,3244.59,3244.79,ETH
2026-01-06 06:44:05+00:00,2026-01-06 06:48:42.480726+00:00,845.0,3244.672,3244.55,3244.77,ETH
2026-01-06 06:44:06+00:00,2026-01-06 06:48:43.500683+00:00,846.0,3244.592,3244.47,3244.65,ETH
2026-01-06 06:44:07+00:00,2026-01-06 06:48:44.507612+00:00,847.0,3244.382,3244.31,3244.47,ETH
2026-01-06 06:44:08+00:00,2026-01-06 06:48:45.503534+00:00,848.0,3244.132,3244.1,3244.36,ETH
2026-01-06 06:44:09+00:00,2026-01-06 06:48:46.517779+00:00,849.0,3244.092,3244.0,3244.33,ETH
2026-01-06 06:44:10+00:00,2026-01-06 06:48:47.523487+00:00,850.0,3244.332,3244.2,3244.44,ETH
2026-01-06 06:44:11+00:00,2026-01-06 06:48:48.533066+00:00,851.0,3244.512,3244.37,3244.6,ETH
2026-01-06 06:44:12+00:00,2026-01-06 06:48:49.551706+00:00,852.0,3244.572,3244.39,3244.66,ETH
2026-01-06 06:44:13+00:00,2026-01-06 06:48:50.545981+00:00,853.0,3244.642,3244.39,3244.86,ETH
2026-01-06 06:44:14+00:00,2026-01-06 06:48:51.569622+00:00,854.0,3246.212,3246.04,3246.39,ETH
2026-01-06 06:44:15+00:00,2026-01-06 06:48:52.581631+00:00,855.0,3247.642,3247.58,3247.75,ETH
2026-01-06 06:44:16+00:00,2026-01-06 06:48:53.583565+00:00,856.0,3247.362,3247.2,3247.57,ETH
2026-01-06 06:44:17+00:00,2026-01-06 06:48:54.581222+00:00,857.0,3247.032,3246.87,3247.27,ETH
2026-01-06 06:44:18+00:00,2026-01-06 06:48:55.605155+00:00,858.0,3246.912,3246.81,3247.14,ETH
2026-01-06 06:44:19+00:00,2026-01-06 06:48:56.616493+00:00,859.0,3246.912,3246.8,3247.16,ETH
2026-01-06 06:44:20+00:00,2026-01-06 06:48:57.628529+00:00,860.0,3246.892,3246.76,3247.09,ETH
2026-01-06 06:44:21+00:00,2026-01-06 06:48:58.636073+00:00,861.0,3246.882,3246.7,3247.05,ETH
2026-01-06 06:44:22+00:00,2026-01-06 06:48:59.648717+00:00,862.0,3246.902,3246.67,3247.09,ETH
2026-01-06 06:44:23+00:00,2026-01-06 06:49:00.634470+00:00,863.0,3246.992,3246.68,3247.21,ETH
2026-01-06 06:44:24+00:00,2026-01-06 06:49:01.657266+00:00,864.0,3247.082,3246.68,3247.37,ETH
2026-01-06 06:44:25+00:00,2026-01-06 06:49:02.696256+00:00,865.0,3246.962,3246.9,3247.29,ETH
2026-01-06 06:44:26+00:00,2026-01-06 06:49:03.712616+00:00,866.0,3247.342,3247.14,3247.95,ETH
2026-01-06 06:44:27+00:00,2026-01-06 06:49:04.705110+00:00,867.0,3249.403,3249.04,3250.01,ETH
2026-01-06 06:44:28+00:00,2026-01-06 06:49:05.713251+00:00,868.0,3250.783,3250.61,3251.12,ETH
2026-01-06 06:44:29+00:00,2026-01-06 06:49:06.704708+00:00,869.0,3250.443,3250.26,3250.75,ETH
2026-01-06 06:44:30+00:00,2026-01-06 06:49:07.717517+00:00,870.0,3250.833,3250.56,3250.97,ETH
2026-01-06 06:44:31+00:00,2026-01-06 06:49:08.714682+00:00,871.0,3251.233,3251.12,3251.3,ETH
2026-01-06 06:44:32+00:00,2026-01-06 06:49:09.711824+00:00,872.0,3251.043,3251.03,3251.31,ETH
2026-01-06 06:44:33+00:00,2026-01-06 06:49:10.720980+00:00,873.0,3250.633,3250.61,3251.01,ETH
2026-01-06 06:44:34+00:00,2026-01-06 06:49:11.730234+00:00,874.0,3250.213,3250.15,3250.55,ETH
2026-01-06 06:44:35+00:00,2026-01-06 06:49:12.746996+00:00,875.0,3250.143,3250.06,3250.43,ETH
2026-01-06 06:44:36+00:00,2026-01-06 06:49:13.751815+00:00,876.0,3250.023,3249.99,3250.36,ETH
2026-01-06 06:44:37+00:00,2026-01-06 06:49:14.747908+00:00,877.0,3249.883,3249.87,3250.16,ETH
2026-01-06 06:44:38+00:00,2026-01-06 06:49:15.742521+00:00,878.0,3249.753,3249.73,3250.04,ETH
2026-01-06 06:44:39+00:00,2026-01-06 06:49:16.780749+00:00,879.0,3249.663,3249.6,3249.99,ETH
2026-01-06 06:44:40+00:00,2026-01-06 06:49:17.771218+00:00,880.0,3249.763,3249.67,3249.89,ETH
2026-01-06 06:44:41+00:00,2026-01-06 06:49:18.788343+00:00,881.0,3249.843,3249.8,3249.89,ETH
2026-01-06 06:44:42+00:00,2026-01-06 06:49:19.789538+00:00,882.0,3249.883,3249.86,3249.98,ETH
2026-01-06 06:44:43+00:00,2026-01-06 06:49:20.787584+00:00,883.0,3249.703,3249.69,3249.9,ETH
2026-01-06 06:44:44+00:00,2026-01-06 06:49:21.793684+00:00,884.0,3249.373,3249.37,3249.56,ETH
2026-01-06 06:44:45+00:00,2026-01-06 06:49:22.782388+00:00,885.0,3249.063,3249.05,3249.33,ETH
2026-01-06 06:44:46+00:00,2026-01-06 06:49:23.781325+00:00,886.0,3248.562,3248.46,3248.95,ETH
2026-01-06 06:44:47+00:00,2026-01-06 06:49:24.785275+00:00,887.0,3248.122,3248.02,3248.41,ETH
2026-01-06 06:44:48+00:00,2026-01-06 06:49:25.785592+00:00,888.0,3247.852,3247.79,3247.94,ETH
2026-01-06 06:44:49+00:00,2026-01-06 06:49:26.803113+00:00,889.0,3247.692,3247.58,3247.69,ETH
2026-01-06 06:44:50+00:00,2026-01-06 06:49:27.803450+00:00,890.0,3247.842,3247.55,3247.91,ETH
2026-01-06 06:44:51+00:00,2026-01-06 06:49:28.827289+00:00,891.0,3248.022,3247.81,3248.08,ETH
2026-01-06 06:44:52+00:00,2026-01-06 06:49:29.845837+00:00,892.0,3247.942,3247.86,3248.03,ETH
2026-01-06 06:44:53+00:00,2026-01-06 06:49:30.848485+00:00,893.0,3247.872,3247.8,3247.94,ETH
2026-01-06 06:44:54+00:00,2026-01-06 06:49:31.863143+00:00,894.0,3248.092,3247.79,3248.13,ETH
2026-01-06 06:44:55+00:00,2026-01-06 06:49:32.867135+00:00,895.0,3250.263,3250.24,3250.28,ETH
2026-01-06 06:44:56+00:00,2026-01-06 06:49:33.868161+00:00,896.0,3250.293,3250.29,3250.48,ETH
2026-01-06 06:44:57+00:00,2026-01-06 06:49:34.870794+00:00,897.0,3250.303,3250.29,3250.71,ETH
2026-01-06 06:44:58+00:00,2026-01-06 06:49:35.887707+00:00,898.0,3250.303,3250.29,3250.71,ETH
2026-01-06 06:44:59+00:00,2026-01-06 06:49:36.906047+00:00,899.0,3250.303,3250.29,3250.64,ETH
