timestamp,collected_at,seconds,up_mid,up_best_bid,up_best_ask,down_mid,down_best_bid,down_best_ask,up_best_bid_size,up_best_ask_size,down_best_bid_size,down_best_ask_size
2026-01-06 06:30:00.202000+00:00,2026-01-06 06:30:00.559336+00:00,0.202,0.4649999999999999,0.46,0.47,0.535,0.53,0.54,,,,
2026-01-06 06:30:01.425000+00:00,2026-01-06 06:30:01.558452+00:00,1.425,0.4649999999999999,0.46,0.47,0.535,0.53,0.54,,,,
2026-01-06 06:30:02.436000+00:00,2026-01-06 06:30:02.569380+00:00,2.436,0.4649999999999999,0.46,0.47,0.535,0.53,0.54,,,,
2026-01-06 06:30:03.449000+00:00,2026-01-06 06:30:03.571290+00:00,3.449,0.49,0.47,0.51,0.5,0.49,0.51,,,,
2026-01-06 06:30:04.445000+00:00,2026-01-06 06:30:04.577792+00:00,4.445,0.515,0.51,0.52,0.485,0.48,0.49,,,,
2026-01-06 06:30:05.463000+00:00,2026-01-06 06:30:05.581048+00:00,5.463,0.525,0.52,0.53,0.475,0.47,0.48,,,,
2026-01-06 06:30:06.480000+00:00,2026-01-06 06:30:06.588557+00:00,6.48,0.495,0.49,0.5,0.505,0.5,0.51,,,,
2026-01-06 06:30:07.491000+00:00,2026-01-06 06:30:07.603868+00:00,7.491,0.455,0.45,0.46,0.545,0.54,0.55,,,,
2026-01-06 06:30:08.488000+00:00,2026-01-06 06:30:08.607369+00:00,8.488,0.4649999999999999,0.46,0.47,0.535,0.53,0.54,,,,
2026-01-06 06:30:09.508000+00:00,2026-01-06 06:30:09.626206+00:00,9.508,0.475,0.47,0.48,0.525,0.52,0.53,,,,
2026-01-06 06:30:10.423000+00:00,2026-01-06 06:30:10.643562+00:00,10.423,0.485,0.48,0.49,0.515,0.51,0.52,,,,
2026-01-06 06:30:11.532000+00:00,2026-01-06 06:30:11.650431+00:00,11.532,0.525,0.52,0.53,0.475,0.47,0.48,,,,
2026-01-06 06:30:12.547000+00:00,2026-01-06 06:30:12.663289+00:00,12.547,0.525,0.52,0.53,0.475,0.47,0.48,,,,
2026-01-06 06:30:13.501000+00:00,2026-01-06 06:30:13.663823+00:00,13.501,0.525,0.52,0.53,0.48,0.47,0.49,,,,
2026-01-06 06:30:14.476000+00:00,2026-01-06 06:30:14.670856+00:00,14.476,0.525,0.52,0.53,0.485,0.48,0.49,,,,
2026-01-06 06:30:15.564000+00:00,2026-01-06 06:30:15.677598+00:00,15.564,0.515,0.51,0.52,0.485,0.48,0.49,,,,
2026-01-06 06:30:16.533000+00:00,2026-01-06 06:30:16.687660+00:00,16.533,0.545,0.54,0.55,0.4599999999999999,0.45,0.47,,,,
2026-01-06 06:30:17.578000+00:00,2026-01-06 06:30:17.694866+00:00,17.578,0.545,0.54,0.55,0.455,0.45,0.46,,,,
2026-01-06 06:30:18.567000+00:00,2026-01-06 06:30:18.703984+00:00,18.567,0.545,0.54,0.55,0.445,0.44,0.45,,,,
2026-01-06 06:30:19.574000+00:00,2026-01-06 06:30:19.710088+00:00,19.574,0.565,0.56,0.57,0.41,0.4,0.42,,,,
2026-01-06 06:30:20.556000+00:00,2026-01-06 06:30:20.713354+00:00,20.556,0.585,0.58,0.59,0.415,0.41,0.42,,,,
2026-01-06 06:30:21.592000+00:00,2026-01-06 06:30:21.728122+00:00,21.592,0.585,0.58,0.59,0.415,0.41,0.42,,,,
2026-01-06 06:30:22.595000+00:00,2026-01-06 06:30:22.727490+00:00,22.595,0.555,0.55,0.56,0.445,0.44,0.45,,,,
2026-01-06 06:30:23.607000+00:00,2026-01-06 06:30:23.731519+00:00,23.607,0.555,0.55,0.56,0.445,0.44,0.45,,,,
2026-01-06 06:30:24.623000+00:00,2026-01-06 06:30:24.748062+00:00,24.623,0.575,0.57,0.58,0.425,0.42,0.43,,,,
2026-01-06 06:30:25.603000+00:00,2026-01-06 06:30:25.755503+00:00,25.603,0.565,0.56,0.57,0.435,0.43,0.44,,,,
2026-01-06 06:30:26.643000+00:00,2026-01-06 06:30:26.764923+00:00,26.643,0.555,0.55,0.56,0.445,0.44,0.45,,,,
2026-01-06 06:30:27.554000+00:00,2026-01-06 06:30:27.765831+00:00,27.554,0.585,0.58,0.59,0.415,0.41,0.42,,,,
2026-01-06 06:30:28.353000+00:00,2026-01-06 06:30:28.771388+00:00,28.353,0.585,0.58,0.59,0.415,0.41,0.42,,,,
2026-01-06 06:30:29.598000+00:00,2026-01-06 06:30:29.773054+00:00,29.598,0.585,0.58,0.59,0.415,0.41,0.42,,,,
2026-01-06 06:30:30.553000+00:00,2026-01-06 06:30:30.782703+00:00,30.553,0.585,0.58,0.59,0.415,0.41,0.42,,,,
2026-01-06 06:30:31.663000+00:00,2026-01-06 06:30:31.798341+00:00,31.663,0.595,0.59,0.6,0.405,0.4,0.41,,,,
2026-01-06 06:30:32.589000+00:00,2026-01-06 06:30:32.800853+00:00,32.589,0.595,0.59,0.6,0.405,0.4,0.41,,,,
2026-01-06 06:30:33.627000+00:00,2026-01-06 06:30:33.819110+00:00,33.627,0.59,0.58,0.6,0.41,0.4,0.42,,,,
2026-01-06 06:30:34.697000+00:00,2026-01-06 06:30:34.820009+00:00,34.697,0.59,0.58,0.6,0.41,0.4,0.42,,,,
2026-01-06 06:30:35.613000+00:00,2026-01-06 06:30:35.838114+00:00,35.613,0.585,0.58,0.59,0.415,0.41,0.42,,,,
2026-01-06 06:30:36.727000+00:00,2026-01-06 06:30:36.848600+00:00,36.727,0.585,0.58,0.59,0.415,0.41,0.42,,,,
2026-01-06 06:30:37.708000+00:00,2026-01-06 06:30:37.853859+00:00,37.708,0.585,0.58,0.59,0.415,0.41,0.42,,,,
2026-01-06 06:30:38.665000+00:00,2026-01-06 06:30:38.851192+00:00,38.665,0.575,0.57,0.58,0.425,0.42,0.43,,,,
2026-01-06 06:30:39.730000+00:00,2026-01-06 06:30:39.848947+00:00,39.73,0.58,0.57,0.59,0.42,0.41,0.43,,,,
2026-01-06 06:30:40.720000+00:00,2026-01-06 06:30:40.855637+00:00,40.72,0.58,0.57,0.59,0.42,0.41,0.43,,,,
2026-01-06 06:30:41.658000+00:00,2026-01-06 06:30:41.856361+00:00,41.658,0.58,0.57,0.59,0.42,0.41,0.43,,,,
2026-01-06 06:30:42.752000+00:00,2026-01-06 06:30:42.868927+00:00,42.752,0.58,0.57,0.59,0.42,0.41,0.43,,,,
2026-01-06 06:30:43.690000+00:00,2026-01-06 06:30:43.869181+00:00,43.69,0.575,0.57,0.58,0.405,0.4,0.41,,,,
2026-01-06 06:30:44.769000+00:00,2026-01-06 06:30:44.877362+00:00,44.769,0.63,0.62,0.64,0.37,0.36,0.38,,,,
2026-01-06 06:30:45.753000+00:00,2026-01-06 06:30:45.880462+00:00,45.753,0.63,0.62,0.64,0.37,0.36,0.38,,,,
2026-01-06 06:30:46.750000+00:00,2026-01-06 06:30:46.900497+00:00,46.75,0.64,0.63,0.65,0.36,0.35,0.37,,,,
2026-01-06 06:30:47.743000+00:00,2026-01-06 06:30:47.898622+00:00,47.743,0.635,0.63,0.64,0.365,0.36,0.37,,,,
2026-01-06 06:30:48.650000+00:00,2026-01-06 06:30:48.902193+00:00,48.65,0.64,0.63,0.65,0.36,0.35,0.37,,,,
2026-01-06 06:30:49.778000+00:00,2026-01-06 06:30:49.902696+00:00,49.778,0.635,0.63,0.64,0.365,0.36,0.37,,,,
2026-01-06 06:30:50.781000+00:00,2026-01-06 06:30:50.908007+00:00,50.781,0.625,0.62,0.63,0.375,0.37,0.38,,,,
2026-01-06 06:30:51.796000+00:00,2026-01-06 06:30:51.913704+00:00,51.796,0.625,0.62,0.63,0.375,0.37,0.38,,,,
2026-01-06 06:30:52.519000+00:00,2026-01-06 06:30:52.908907+00:00,52.519,0.62,0.61,0.63,0.375,0.37,0.38,,,,
2026-01-06 06:30:53.785000+00:00,2026-01-06 06:30:53.904766+00:00,53.785,0.625,0.62,0.63,0.375,0.37,0.38,,,,
2026-01-06 06:30:54.802000+00:00,2026-01-06 06:30:54.914205+00:00,54.802,0.715,0.71,0.72,0.285,0.28,0.29,,,,
2026-01-06 06:30:55.788000+00:00,2026-01-06 06:30:55.923170+00:00,55.788,0.675,0.67,0.68,0.325,0.32,0.33,,,,
2026-01-06 06:30:56.726000+00:00,2026-01-06 06:30:56.937787+00:00,56.726,0.675,0.67,0.68,0.325,0.32,0.33,,,,
2026-01-06 06:30:57.816000+00:00,2026-01-06 06:30:57.966432+00:00,57.816,0.675,0.67,0.68,0.325,0.32,0.33,,,,
2026-01-06 06:30:58.827000+00:00,2026-01-06 06:30:58.973224+00:00,58.827,0.675,0.67,0.68,0.325,0.32,0.33,,,,
2026-01-06 06:30:59.826000+00:00,2026-01-06 06:30:59.981752+00:00,59.826,0.675,0.67,0.68,0.325,0.32,0.33,,,,
2026-01-06 06:31:00.824000+00:00,2026-01-06 06:31:00.995264+00:00,60.824,0.685,0.68,0.69,0.315,0.31,0.32,,,,
2026-01-06 06:31:01.889000+00:00,2026-01-06 06:31:02.013986+00:00,61.889,0.66,0.65,0.67,0.335,0.33,0.34,,,,
2026-01-06 06:31:02.887000+00:00,2026-01-06 06:31:03.031565+00:00,62.887,0.655,0.65,0.66,0.345,0.34,0.35,,,,
2026-01-06 06:31:03.908000+00:00,2026-01-06 06:31:04.029769+00:00,63.908,0.665,0.66,0.67,0.335,0.33,0.34,,,,
2026-01-06 06:31:04.879000+00:00,2026-01-06 06:31:05.046023+00:00,64.879,0.685,0.68,0.69,0.315,0.31,0.32,,,,
2026-01-06 06:31:05.903000+00:00,2026-01-06 06:31:06.043421+00:00,65.903,0.695,0.69,0.7,0.305,0.3,0.31,,,,
2026-01-06 06:31:06.828000+00:00,2026-01-06 06:31:07.052769+00:00,66.828,0.685,0.68,0.69,0.315,0.31,0.32,,,,
2026-01-06 06:31:07.926000+00:00,2026-01-06 06:31:08.064539+00:00,67.926,0.695,0.69,0.7,0.305,0.3,0.31,,,,
2026-01-06 06:31:08.919000+00:00,2026-01-06 06:31:09.075998+00:00,68.919,0.715,0.71,0.72,0.265,0.26,0.27,,,,
2026-01-06 06:31:09.946000+00:00,2026-01-06 06:31:10.073346+00:00,69.946,0.745,0.74,0.75,0.255,0.25,0.26,,,,
2026-01-06 06:31:10.955000+00:00,2026-01-06 06:31:11.089860+00:00,70.955,0.75,0.74,0.76,0.245,0.24,0.25,,,,
2026-01-06 06:31:11.960000+00:00,2026-01-06 06:31:12.103492+00:00,71.96,0.775,0.77,0.78,0.225,0.22,0.23,,,,
2026-01-06 06:31:12.933000+00:00,2026-01-06 06:31:13.104697+00:00,72.933,0.77,0.76,0.78,0.2299999999999999,0.22,0.24,,,,
2026-01-06 06:31:13.974000+00:00,2026-01-06 06:31:14.122846+00:00,73.974,0.77,0.76,0.78,0.2299999999999999,0.22,0.24,,,,
2026-01-06 06:31:15.986000+00:00,2026-01-06 06:31:16.141446+00:00,75.986,0.765,0.76,0.77,0.235,0.23,0.24,,,,
2026-01-06 06:31:17.981000+00:00,2026-01-06 06:31:18.148447+00:00,77.981,0.765,0.76,0.77,0.235,0.23,0.24,,,,
2026-01-06 06:31:19.019000+00:00,2026-01-06 06:31:19.153168+00:00,79.019,0.765,0.76,0.77,0.235,0.23,0.24,,,,
2026-01-06 06:31:20.034000+00:00,2026-01-06 06:31:20.159147+00:00,80.034,0.765,0.76,0.77,0.235,0.23,0.24,,,,
2026-01-06 06:31:21.052000+00:00,2026-01-06 06:31:21.164480+00:00,81.052,0.765,0.76,0.77,0.235,0.23,0.24,,,,
2026-01-06 06:31:22.054000+00:00,2026-01-06 06:31:22.185437+00:00,82.054,0.775,0.77,0.78,0.225,0.22,0.23,,,,
2026-01-06 06:31:23.057000+00:00,2026-01-06 06:31:23.184547+00:00,83.057,0.78,0.77,0.79,0.22,0.21,0.23,,,,
2026-01-06 06:31:24.063000+00:00,2026-01-06 06:31:24.186068+00:00,84.063,0.785,0.78,0.79,0.215,0.21,0.22,,,,
2026-01-06 06:31:25.075000+00:00,2026-01-06 06:31:25.194347+00:00,85.075,0.78,0.77,0.79,0.22,0.21,0.23,,,,
2026-01-06 06:31:26.080000+00:00,2026-01-06 06:31:26.208115+00:00,86.08,0.76,0.75,0.77,0.25,0.24,0.26,,,,
2026-01-06 06:31:27.051000+00:00,2026-01-06 06:31:27.210311+00:00,87.051,0.755,0.75,0.76,0.245,0.24,0.25,,,,
2026-01-06 06:31:28.095000+00:00,2026-01-06 06:31:28.223118+00:00,88.095,0.76,0.75,0.77,0.235,0.23,0.24,,,,
2026-01-06 06:31:29.133000+00:00,2026-01-06 06:31:29.243575+00:00,89.133,0.735,0.73,0.74,0.265,0.26,0.27,,,,
2026-01-06 06:31:30.117000+00:00,2026-01-06 06:31:30.236527+00:00,90.117,0.735,0.73,0.74,0.265,0.26,0.27,,,,
2026-01-06 06:31:31.122000+00:00,2026-01-06 06:31:31.244748+00:00,91.122,0.715,0.71,0.72,0.285,0.28,0.29,,,,
2026-01-06 06:31:32.147000+00:00,2026-01-06 06:31:32.265292+00:00,92.147,0.71,0.7,0.72,0.285,0.28,0.29,,,,
2026-01-06 06:31:33.050000+00:00,2026-01-06 06:31:33.262270+00:00,93.05,0.705,0.7,0.71,0.295,0.29,0.3,,,,
2026-01-06 06:31:34.061000+00:00,2026-01-06 06:31:34.267525+00:00,94.061,0.735,0.73,0.74,0.265,0.26,0.27,,,,
2026-01-06 06:31:35.125000+00:00,2026-01-06 06:31:35.279007+00:00,95.125,0.735,0.73,0.74,0.275,0.27,0.28,,,,
2026-01-06 06:31:36.151000+00:00,2026-01-06 06:31:36.288305+00:00,96.151,0.715,0.7,0.73,0.285,0.28,0.29,,,,
2026-01-06 06:31:37.177000+00:00,2026-01-06 06:31:37.301185+00:00,97.177,0.705,0.7,0.71,0.295,0.29,0.3,,,,
2026-01-06 06:31:38.192000+00:00,2026-01-06 06:31:38.317081+00:00,98.192,0.715,0.71,0.72,0.285,0.28,0.29,,,,
2026-01-06 06:31:39.186000+00:00,2026-01-06 06:31:39.313209+00:00,99.186,0.715,0.71,0.72,0.285,0.28,0.29,,,,
2026-01-06 06:31:40.203000+00:00,2026-01-06 06:31:40.331709+00:00,100.203,0.715,0.71,0.72,0.285,0.28,0.29,,,,
2026-01-06 06:31:41.989000+00:00,2026-01-06 06:31:42.378361+00:00,101.989,0.71,0.7,0.72,0.29,0.28,0.3,,,,
2026-01-06 06:31:43.274000+00:00,2026-01-06 06:31:43.394174+00:00,103.274,0.705,0.7,0.71,0.295,0.29,0.3,,,,
2026-01-06 06:31:44.248000+00:00,2026-01-06 06:31:44.409859+00:00,104.248,0.695,0.69,0.7,0.305,0.3,0.31,,,,
2026-01-06 06:31:45.103000+00:00,2026-01-06 06:31:45.426948+00:00,105.103,0.695,0.69,0.7,0.305,0.3,0.31,,,,
2026-01-06 06:31:46.308000+00:00,2026-01-06 06:31:46.436226+00:00,106.308,0.695,0.69,0.7,0.305,0.3,0.31,,,,
2026-01-06 06:31:47.160000+00:00,2026-01-06 06:31:47.438916+00:00,107.16,0.7,0.69,0.71,0.305,0.3,0.31,,,,
2026-01-06 06:31:48.147000+00:00,2026-01-06 06:31:48.444727+00:00,108.147,0.695,0.69,0.7,0.305,0.3,0.31,,,,
2026-01-06 06:31:49.036000+00:00,2026-01-06 06:31:49.460752+00:00,109.036,0.695,0.69,0.7,0.305,0.3,0.31,,,,
2026-01-06 06:31:50.288000+00:00,2026-01-06 06:31:50.478876+00:00,110.288,0.695,0.69,0.7,0.305,0.3,0.31,,,,
2026-01-06 06:31:51.369000+00:00,2026-01-06 06:31:51.495467+00:00,111.369,0.7,0.69,0.71,0.295,0.29,0.3,,,,
2026-01-06 06:31:52.393000+00:00,2026-01-06 06:31:52.512676+00:00,112.393,0.725,0.72,0.73,0.275,0.27,0.28,,,,
2026-01-06 06:31:53.398000+00:00,2026-01-06 06:31:53.517926+00:00,113.398,0.705,0.7,0.71,0.295,0.29,0.3,,,,
2026-01-06 06:31:54.420000+00:00,2026-01-06 06:31:54.537552+00:00,114.42,0.71,0.7,0.72,0.29,0.28,0.3,,,,
2026-01-06 06:31:55.368000+00:00,2026-01-06 06:31:55.552798+00:00,115.368,0.71,0.7,0.72,0.29,0.28,0.3,,,,
2026-01-06 06:31:56.372000+00:00,2026-01-06 06:31:56.570937+00:00,116.372,0.695,0.69,0.7,0.305,0.3,0.31,,,,
2026-01-06 06:31:57.461000+00:00,2026-01-06 06:31:57.580229+00:00,117.461,0.71,0.7,0.72,0.295,0.29,0.3,,,,
2026-01-06 06:31:58.466000+00:00,2026-01-06 06:31:58.588156+00:00,118.466,0.7,0.69,0.71,0.305,0.3,0.31,,,,
2026-01-06 06:31:59.428000+00:00,2026-01-06 06:31:59.597386+00:00,119.428,0.6799999999999999,0.67,0.69,0.32,0.31,0.33,,,,
2026-01-06 06:32:00.375000+00:00,2026-01-06 06:32:00.619090+00:00,120.375,0.685,0.68,0.69,0.315,0.31,0.32,,,,
2026-01-06 06:32:01.509000+00:00,2026-01-06 06:32:01.627169+00:00,121.509,0.675,0.67,0.68,0.325,0.32,0.33,,,,
2026-01-06 06:32:02.495000+00:00,2026-01-06 06:32:02.621761+00:00,122.495,0.6799999999999999,0.67,0.69,0.315,0.31,0.32,,,,
2026-01-06 06:32:03.477000+00:00,2026-01-06 06:32:03.624226+00:00,123.477,0.715,0.71,0.72,0.285,0.28,0.29,,,,
2026-01-06 06:32:04.577000+00:00,2026-01-06 06:32:04.641035+00:00,124.577,0.715,0.71,0.72,0.285,0.28,0.29,,,,
2026-01-06 06:32:05.506000+00:00,2026-01-06 06:32:05.651543+00:00,125.506,0.715,0.71,0.72,0.295,0.29,0.3,,,,
2026-01-06 06:32:06.472000+00:00,2026-01-06 06:32:06.641909+00:00,126.472,0.7,0.69,0.71,0.3,0.29,0.31,,,,
2026-01-06 06:32:07.550000+00:00,2026-01-06 06:32:07.666247+00:00,127.55,0.7,0.69,0.71,0.3,0.29,0.31,,,,
2026-01-06 06:32:08.542000+00:00,2026-01-06 06:32:08.667022+00:00,128.542,0.685,0.68,0.69,0.315,0.31,0.32,,,,
2026-01-06 06:32:09.472000+00:00,2026-01-06 06:32:09.667616+00:00,129.472,0.685,0.68,0.69,0.315,0.31,0.32,,,,
2026-01-06 06:32:10.509000+00:00,2026-01-06 06:32:10.664171+00:00,130.509,0.685,0.68,0.69,0.315,0.31,0.32,,,,
2026-01-06 06:32:11.378000+00:00,2026-01-06 06:32:11.661680+00:00,131.378,0.685,0.68,0.69,0.315,0.31,0.32,,,,
2026-01-06 06:32:12.549000+00:00,2026-01-06 06:32:12.668928+00:00,132.549,0.685,0.68,0.69,0.315,0.31,0.32,,,,
2026-01-06 06:32:13.481000+00:00,2026-01-06 06:32:13.681875+00:00,133.481,0.715,0.71,0.72,0.285,0.28,0.29,,,,
2026-01-06 06:32:14.559000+00:00,2026-01-06 06:32:14.691269+00:00,134.559,0.725,0.72,0.73,0.275,0.27,0.28,,,,
2026-01-06 06:32:15.573000+00:00,2026-01-06 06:32:15.701769+00:00,135.573,0.745,0.74,0.75,0.255,0.25,0.26,,,,
2026-01-06 06:32:16.606000+00:00,2026-01-06 06:32:16.716600+00:00,136.606,0.755,0.75,0.76,0.245,0.24,0.25,,,,
2026-01-06 06:32:17.531000+00:00,2026-01-06 06:32:17.726856+00:00,137.531,0.755,0.75,0.76,0.245,0.24,0.25,,,,
2026-01-06 06:32:18.590000+00:00,2026-01-06 06:32:18.746735+00:00,138.59,0.755,0.75,0.76,0.245,0.24,0.25,,,,
2026-01-06 06:32:19.609000+00:00,2026-01-06 06:32:19.744928+00:00,139.609,0.755,0.75,0.76,0.245,0.24,0.25,,,,
2026-01-06 06:32:20.569000+00:00,2026-01-06 06:32:20.755639+00:00,140.569,0.745,0.74,0.75,0.255,0.25,0.26,,,,
2026-01-06 06:32:21.627000+00:00,2026-01-06 06:32:21.751514+00:00,141.627,0.755,0.74,0.77,0.26,0.25,0.27,,,,
2026-01-06 06:32:22.443000+00:00,2026-01-06 06:32:22.747462+00:00,142.443,0.745,0.74,0.75,0.255,0.25,0.26,,,,
2026-01-06 06:32:23.605000+00:00,2026-01-06 06:32:23.750793+00:00,143.605,0.735,0.73,0.74,0.265,0.26,0.27,,,,
2026-01-06 06:32:24.548000+00:00,2026-01-06 06:32:24.760950+00:00,144.548,0.725,0.72,0.73,0.275,0.27,0.28,,,,
2026-01-06 06:32:25.538000+00:00,2026-01-06 06:32:25.767927+00:00,145.538,0.735,0.73,0.74,0.265,0.26,0.27,,,,
2026-01-06 06:32:26.644000+00:00,2026-01-06 06:32:26.777600+00:00,146.644,0.735,0.73,0.74,0.265,0.26,0.27,,,,
2026-01-06 06:32:27.731000+00:00,2026-01-06 06:32:27.779173+00:00,147.731,0.745,0.74,0.75,0.255,0.25,0.26,,,,
2026-01-06 06:32:28.676000+00:00,2026-01-06 06:32:28.794649+00:00,148.676,0.755,0.75,0.76,0.245,0.24,0.25,,,,
2026-01-06 06:32:29.669000+00:00,2026-01-06 06:32:29.793628+00:00,149.669,0.755,0.75,0.76,0.245,0.24,0.25,,,,
2026-01-06 06:32:30.402000+00:00,2026-01-06 06:32:30.804773+00:00,150.402,0.745,0.74,0.75,0.255,0.25,0.26,,,,
2026-01-06 06:32:31.404000+00:00,2026-01-06 06:32:31.821280+00:00,151.404,0.745,0.74,0.75,0.255,0.25,0.26,,,,
2026-01-06 06:32:32.705000+00:00,2026-01-06 06:32:32.819847+00:00,152.705,0.745,0.74,0.75,0.255,0.25,0.26,,,,
2026-01-06 06:32:33.706000+00:00,2026-01-06 06:32:33.833442+00:00,153.706,0.755,0.75,0.76,0.245,0.24,0.25,,,,
2026-01-06 06:32:34.707000+00:00,2026-01-06 06:32:34.846180+00:00,154.707,0.775,0.77,0.78,0.225,0.22,0.23,,,,
2026-01-06 06:32:35.738000+00:00,2026-01-06 06:32:35.855808+00:00,155.738,0.775,0.77,0.78,0.225,0.22,0.23,,,,
2026-01-06 06:32:36.684000+00:00,2026-01-06 06:32:36.861163+00:00,156.684,0.775,0.77,0.78,0.225,0.22,0.23,,,,
2026-01-06 06:32:37.727000+00:00,2026-01-06 06:32:37.852002+00:00,157.727,0.775,0.77,0.78,0.215,0.21,0.22,,,,
2026-01-06 06:32:38.739000+00:00,2026-01-06 06:32:38.860141+00:00,158.739,0.785,0.78,0.79,0.215,0.21,0.22,,,,
2026-01-06 06:32:39.740000+00:00,2026-01-06 06:32:39.855734+00:00,159.74,0.785,0.78,0.79,0.215,0.21,0.22,,,,
2026-01-06 06:32:40.622000+00:00,2026-01-06 06:32:40.877457+00:00,160.622,0.785,0.78,0.79,0.215,0.21,0.22,,,,
2026-01-06 06:32:41.765000+00:00,2026-01-06 06:32:41.885049+00:00,161.765,0.785,0.78,0.79,0.215,0.21,0.22,,,,
2026-01-06 06:32:42.781000+00:00,2026-01-06 06:32:42.895690+00:00,162.781,0.765,0.76,0.77,0.235,0.23,0.24,,,,
2026-01-06 06:32:43.775000+00:00,2026-01-06 06:32:43.894727+00:00,163.775,0.765,0.76,0.77,0.235,0.23,0.24,,,,
2026-01-06 06:32:44.780000+00:00,2026-01-06 06:32:44.901233+00:00,164.78,0.755,0.75,0.76,0.235,0.23,0.24,,,,
2026-01-06 06:32:45.750000+00:00,2026-01-06 06:32:45.900305+00:00,165.75,0.785,0.78,0.79,0.215,0.21,0.22,,,,
2026-01-06 06:32:46.794000+00:00,2026-01-06 06:32:46.911710+00:00,166.794,0.78,0.77,0.79,0.22,0.21,0.23,,,,
2026-01-06 06:32:47.808000+00:00,2026-01-06 06:32:47.926825+00:00,167.808,0.78,0.77,0.79,0.22,0.21,0.23,,,,
2026-01-06 06:32:48.816000+00:00,2026-01-06 06:32:48.935651+00:00,168.816,0.785,0.78,0.79,0.215,0.21,0.22,,,,
2026-01-06 06:32:49.813000+00:00,2026-01-06 06:32:49.942999+00:00,169.813,0.78,0.77,0.79,0.22,0.21,0.23,,,,
2026-01-06 06:32:50.743000+00:00,2026-01-06 06:32:50.942930+00:00,170.743,0.78,0.77,0.79,0.22,0.21,0.23,,,,
2026-01-06 06:32:51.787000+00:00,2026-01-06 06:32:51.960619+00:00,171.787,0.78,0.77,0.79,0.22,0.21,0.23,,,,
2026-01-06 06:32:52.484000+00:00,2026-01-06 06:32:52.962613+00:00,172.484,0.785,0.78,0.79,0.215,0.21,0.22,,,,
2026-01-06 06:32:53.859000+00:00,2026-01-06 06:32:53.970123+00:00,173.859,0.78,0.77,0.79,0.22,0.21,0.23,,,,
2026-01-06 06:32:54.819000+00:00,2026-01-06 06:32:54.976463+00:00,174.819,0.78,0.77,0.79,0.215,0.21,0.22,,,,
2026-01-06 06:32:55.836000+00:00,2026-01-06 06:32:55.970301+00:00,175.836,0.8,0.79,0.81,0.2,0.19,0.21,,,,
2026-01-06 06:32:56.863000+00:00,2026-01-06 06:32:56.994563+00:00,176.863,0.8,0.79,0.81,0.2,0.19,0.21,,,,
2026-01-06 06:32:57.860000+00:00,2026-01-06 06:32:57.993357+00:00,177.86,0.805,0.8,0.81,0.195,0.19,0.2,,,,
2026-01-06 06:32:58.430000+00:00,2026-01-06 06:32:58.996280+00:00,178.43,0.805,0.8,0.81,0.195,0.19,0.2,,,,
2026-01-06 06:32:59.871000+00:00,2026-01-06 06:33:00.000905+00:00,179.871,0.805,0.8,0.81,0.195,0.19,0.2,,,,
2026-01-06 06:33:00.886000+00:00,2026-01-06 06:33:01.003399+00:00,180.886,0.805,0.8,0.81,0.195,0.19,0.2,,,,
2026-01-06 06:33:01.793000+00:00,2026-01-06 06:33:01.993146+00:00,181.793,0.835,0.83,0.84,0.165,0.16,0.17,,,,
2026-01-06 06:33:02.747000+00:00,2026-01-06 06:33:02.998495+00:00,182.747,0.835,0.83,0.84,0.165,0.16,0.17,,,,
2026-01-06 06:33:03.876000+00:00,2026-01-06 06:33:03.992939+00:00,183.876,0.845,0.84,0.85,0.155,0.15,0.16,,,,
2026-01-06 06:33:04.881000+00:00,2026-01-06 06:33:05.002855+00:00,184.881,0.845,0.84,0.85,0.155,0.15,0.16,,,,
2026-01-06 06:33:05.901000+00:00,2026-01-06 06:33:06.017860+00:00,185.901,0.855,0.85,0.86,0.145,0.14,0.15,,,,
2026-01-06 06:33:06.909000+00:00,2026-01-06 06:33:07.026492+00:00,186.909,0.855,0.85,0.86,0.135,0.13,0.14,,,,
2026-01-06 06:33:07.802000+00:00,2026-01-06 06:33:08.024994+00:00,187.802,0.865,0.86,0.87,0.135,0.13,0.14,,,,
2026-01-06 06:33:08.839000+00:00,2026-01-06 06:33:09.045684+00:00,188.839,0.865,0.86,0.87,0.135,0.13,0.14,,,,
2026-01-06 06:33:09.889000+00:00,2026-01-06 06:33:10.053950+00:00,189.889,0.86,0.85,0.87,0.135,0.13,0.14,,,,
2026-01-06 06:33:10.908000+00:00,2026-01-06 06:33:11.058321+00:00,190.908,0.86,0.85,0.87,0.14,0.13,0.15,,,,
2026-01-06 06:33:11.944000+00:00,2026-01-06 06:33:12.059791+00:00,191.944,0.87,0.86,0.88,0.13,0.12,0.14,,,,
2026-01-06 06:33:12.976000+00:00,2026-01-06 06:33:13.066230+00:00,192.976,0.87,0.86,0.88,0.13,0.12,0.14,,,,
2026-01-06 06:33:13.842000+00:00,2026-01-06 06:33:14.081805+00:00,193.842,0.87,0.86,0.88,0.13,0.12,0.14,,,,
2026-01-06 06:33:14.953000+00:00,2026-01-06 06:33:15.104332+00:00,194.953,0.865,0.86,0.87,0.135,0.13,0.14,,,,
2026-01-06 06:33:15.867000+00:00,2026-01-06 06:33:16.109870+00:00,195.867,0.87,0.86,0.88,0.13,0.12,0.14,,,,
2026-01-06 06:33:17.005000+00:00,2026-01-06 06:33:17.126976+00:00,197.005,0.845,0.84,0.85,0.155,0.15,0.16,,,,
2026-01-06 06:33:18.989000+00:00,2026-01-06 06:33:19.141330+00:00,198.989,0.855,0.85,0.86,0.15,0.14,0.16,,,,
2026-01-06 06:33:20.022000+00:00,2026-01-06 06:33:20.142912+00:00,200.022,0.865,0.85,0.88,0.14,0.13,0.15,,,,
2026-01-06 06:33:21.006000+00:00,2026-01-06 06:33:21.159096+00:00,201.006,0.86,0.85,0.87,0.14,0.13,0.15,,,,
2026-01-06 06:33:22.001000+00:00,2026-01-06 06:33:22.156540+00:00,202.001,0.86,0.85,0.87,0.14,0.13,0.15,,,,
2026-01-06 06:33:23.039000+00:00,2026-01-06 06:33:23.165276+00:00,203.039,0.85,0.84,0.86,0.15,0.14,0.16,,,,
2026-01-06 06:33:24.047000+00:00,2026-01-06 06:33:24.173340+00:00,204.047,0.855,0.85,0.86,0.145,0.14,0.15,,,,
2026-01-06 06:33:25.056000+00:00,2026-01-06 06:33:25.175825+00:00,205.056,0.855,0.85,0.86,0.145,0.14,0.15,,,,
2026-01-06 06:33:26.002000+00:00,2026-01-06 06:33:26.171280+00:00,206.002,0.855,0.85,0.86,0.145,0.14,0.15,,,,
2026-01-06 06:33:27.056000+00:00,2026-01-06 06:33:27.190781+00:00,207.056,0.855,0.85,0.86,0.155,0.15,0.16,,,,
2026-01-06 06:33:28.052000+00:00,2026-01-06 06:33:28.208702+00:00,208.052,0.845,0.84,0.85,0.155,0.15,0.16,,,,
2026-01-06 06:33:29.049000+00:00,2026-01-06 06:33:29.208705+00:00,209.049,0.845,0.84,0.85,0.155,0.15,0.16,,,,
2026-01-06 06:33:30.075000+00:00,2026-01-06 06:33:30.213099+00:00,210.075,0.845,0.84,0.85,0.155,0.15,0.16,,,,
2026-01-06 06:33:31.970000+00:00,2026-01-06 06:33:32.224326+00:00,211.97,0.845,0.84,0.85,0.155,0.15,0.16,,,,
2026-01-06 06:33:33.119000+00:00,2026-01-06 06:33:33.238636+00:00,213.119,0.84,0.83,0.85,0.155,0.15,0.16,,,,
2026-01-06 06:33:34.055000+00:00,2026-01-06 06:33:34.242836+00:00,214.055,0.845,0.84,0.85,0.155,0.15,0.16,,,,
2026-01-06 06:33:35.135000+00:00,2026-01-06 06:33:35.258950+00:00,215.135,0.84,0.83,0.85,0.165,0.16,0.17,,,,
2026-01-06 06:33:36.001000+00:00,2026-01-06 06:33:36.260605+00:00,216.001,0.84,0.83,0.85,0.16,0.15,0.17,,,,
2026-01-06 06:33:37.088000+00:00,2026-01-06 06:33:37.275473+00:00,217.088,0.84,0.83,0.85,0.16,0.15,0.17,,,,
2026-01-06 06:33:38.114000+00:00,2026-01-06 06:33:38.295793+00:00,218.114,0.835,0.83,0.84,0.165,0.16,0.17,,,,
2026-01-06 06:33:39.193000+00:00,2026-01-06 06:33:39.317016+00:00,219.193,0.835,0.83,0.84,0.165,0.16,0.17,,,,
2026-01-06 06:33:40.180000+00:00,2026-01-06 06:33:40.323607+00:00,220.18,0.835,0.83,0.84,0.165,0.16,0.17,,,,
2026-01-06 06:33:41.202000+00:00,2026-01-06 06:33:41.323143+00:00,221.202,0.84,0.83,0.85,0.16,0.15,0.17,,,,
2026-01-06 06:33:42.217000+00:00,2026-01-06 06:33:42.324883+00:00,222.217,0.845,0.84,0.85,0.155,0.15,0.16,,,,
2026-01-06 06:33:43.197000+00:00,2026-01-06 06:33:43.341280+00:00,223.197,0.85,0.84,0.86,0.155,0.15,0.16,,,,
2026-01-06 06:33:44.249000+00:00,2026-01-06 06:33:44.357527+00:00,224.249,0.845,0.84,0.85,0.16,0.15,0.17,,,,
2026-01-06 06:33:45.203000+00:00,2026-01-06 06:33:45.378350+00:00,225.203,0.84,0.83,0.85,0.16,0.15,0.17,,,,
2026-01-06 06:33:46.161000+00:00,2026-01-06 06:33:46.381458+00:00,226.161,0.84,0.83,0.85,0.16,0.15,0.17,,,,
2026-01-06 06:33:47.995000+00:00,2026-01-06 06:33:48.379258+00:00,227.995,0.84,0.83,0.85,0.16,0.15,0.17,,,,
2026-01-06 06:33:49.248000+00:00,2026-01-06 06:33:49.382470+00:00,229.248,0.835,0.83,0.84,0.165,0.16,0.17,,,,
2026-01-06 06:33:50.275000+00:00,2026-01-06 06:33:50.395303+00:00,230.275,0.83,0.82,0.84,0.1699999999999999,0.16,0.18,,,,
2026-01-06 06:33:51.227000+00:00,2026-01-06 06:33:51.394909+00:00,231.227,0.83,0.82,0.84,0.1699999999999999,0.16,0.18,,,,
2026-01-06 06:33:52.220000+00:00,2026-01-06 06:33:52.395333+00:00,232.22,0.83,0.82,0.84,0.1699999999999999,0.16,0.18,,,,
2026-01-06 06:33:53.212000+00:00,2026-01-06 06:33:53.403857+00:00,233.212,0.825,0.82,0.83,0.175,0.17,0.18,,,,
2026-01-06 06:33:54.262000+00:00,2026-01-06 06:33:54.397727+00:00,234.262,0.825,0.82,0.83,0.1699999999999999,0.16,0.18,,,,
2026-01-06 06:33:55.290000+00:00,2026-01-06 06:33:55.412212+00:00,235.29,0.835,0.83,0.84,0.165,0.16,0.17,,,,
2026-01-06 06:33:56.169000+00:00,2026-01-06 06:33:56.424470+00:00,236.169,0.835,0.83,0.84,0.165,0.16,0.17,,,,
2026-01-06 06:33:57.252000+00:00,2026-01-06 06:33:57.428680+00:00,237.252,0.835,0.83,0.84,0.1699999999999999,0.16,0.18,,,,
2026-01-06 06:33:58.254000+00:00,2026-01-06 06:33:58.443172+00:00,238.254,0.83,0.82,0.84,0.1699999999999999,0.16,0.18,,,,
2026-01-06 06:33:59.310000+00:00,2026-01-06 06:33:59.441271+00:00,239.31,0.825,0.82,0.83,0.175,0.17,0.18,,,,
2026-01-06 06:34:00.312000+00:00,2026-01-06 06:34:00.434871+00:00,240.312,0.825,0.82,0.83,0.175,0.17,0.18,,,,
2026-01-06 06:34:01.321000+00:00,2026-01-06 06:34:01.440003+00:00,241.321,0.835,0.83,0.84,0.165,0.16,0.17,,,,
2026-01-06 06:34:02.311000+00:00,2026-01-06 06:34:02.460762+00:00,242.311,0.835,0.83,0.84,0.165,0.16,0.17,,,,
2026-01-06 06:34:03.207000+00:00,2026-01-06 06:34:03.464615+00:00,243.207,0.835,0.83,0.84,0.165,0.16,0.17,,,,
2026-01-06 06:34:04.331000+00:00,2026-01-06 06:34:04.473890+00:00,244.331,0.835,0.83,0.84,0.165,0.16,0.17,,,,
2026-01-06 06:34:05.284000+00:00,2026-01-06 06:34:05.473299+00:00,245.284,0.835,0.83,0.84,0.165,0.16,0.17,,,,
2026-01-06 06:34:06.155000+00:00,2026-01-06 06:34:06.484554+00:00,246.155,0.835,0.83,0.84,0.165,0.16,0.17,,,,
2026-01-06 06:34:07.990000+00:00,2026-01-06 06:34:08.492952+00:00,247.99,0.835,0.83,0.84,0.165,0.16,0.17,,,,
2026-01-06 06:34:08.976000+00:00,2026-01-06 06:34:09.509681+00:00,248.976,0.835,0.83,0.84,0.165,0.16,0.17,,,,
2026-01-06 06:34:10.363000+00:00,2026-01-06 06:34:10.528245+00:00,250.363,0.835,0.83,0.84,0.165,0.16,0.17,,,,
2026-01-06 06:34:11.389000+00:00,2026-01-06 06:34:11.543432+00:00,251.389,0.835,0.83,0.84,0.165,0.16,0.17,,,,
2026-01-06 06:34:12.399000+00:00,2026-01-06 06:34:12.556715+00:00,252.399,0.835,0.83,0.84,0.165,0.16,0.17,,,,
2026-01-06 06:34:13.405000+00:00,2026-01-06 06:34:13.560393+00:00,253.405,0.835,0.83,0.84,0.165,0.16,0.17,,,,
2026-01-06 06:34:14.452000+00:00,2026-01-06 06:34:14.571184+00:00,254.452,0.84,0.83,0.85,0.16,0.15,0.17,,,,
2026-01-06 06:34:15.453000+00:00,2026-01-06 06:34:15.573097+00:00,255.453,0.84,0.83,0.85,0.16,0.15,0.17,,,,
2026-01-06 06:34:16.474000+00:00,2026-01-06 06:34:16.573108+00:00,256.474,0.835,0.83,0.84,0.165,0.16,0.17,,,,
2026-01-06 06:34:17.423000+00:00,2026-01-06 06:34:17.565764+00:00,257.423,0.835,0.83,0.84,0.165,0.16,0.17,,,,
2026-01-06 06:34:18.448000+00:00,2026-01-06 06:34:18.573854+00:00,258.448,0.835,0.83,0.84,0.165,0.16,0.17,,,,
2026-01-06 06:34:19.402000+00:00,2026-01-06 06:34:19.572400+00:00,259.402,0.835,0.83,0.84,0.165,0.16,0.17,,,,
2026-01-06 06:34:20.474000+00:00,2026-01-06 06:34:20.588756+00:00,260.474,0.835,0.83,0.84,0.165,0.16,0.17,,,,
2026-01-06 06:34:21.461000+00:00,2026-01-06 06:34:21.590968+00:00,261.461,0.835,0.83,0.84,0.165,0.16,0.17,,,,
2026-01-06 06:34:22.445000+00:00,2026-01-06 06:34:22.603811+00:00,262.445,0.835,0.83,0.84,0.165,0.16,0.17,,,,
2026-01-06 06:34:23.377000+00:00,2026-01-06 06:34:23.592194+00:00,263.377,0.835,0.83,0.84,0.16,0.15,0.17,,,,
2026-01-06 06:34:24.450000+00:00,2026-01-06 06:34:24.607381+00:00,264.45,0.84,0.83,0.85,0.16,0.15,0.17,,,,
2026-01-06 06:34:25.225000+00:00,2026-01-06 06:34:25.618931+00:00,265.225,0.84,0.83,0.85,0.16,0.15,0.17,,,,
2026-01-06 06:34:26.242000+00:00,2026-01-06 06:34:26.623077+00:00,266.242,0.84,0.83,0.85,0.16,0.15,0.17,,,,
2026-01-06 06:34:27.411000+00:00,2026-01-06 06:34:27.630409+00:00,267.411,0.84,0.83,0.85,0.16,0.15,0.17,,,,
2026-01-06 06:34:28.216000+00:00,2026-01-06 06:34:28.627212+00:00,268.216,0.84,0.83,0.85,0.16,0.15,0.17,,,,
2026-01-06 06:34:29.511000+00:00,2026-01-06 06:34:29.635922+00:00,269.511,0.84,0.83,0.85,0.16,0.15,0.17,,,,
2026-01-06 06:34:30.503000+00:00,2026-01-06 06:34:30.627290+00:00,270.503,0.835,0.83,0.84,0.155,0.15,0.16,,,,
2026-01-06 06:34:31.449000+00:00,2026-01-06 06:34:31.640150+00:00,271.449,0.845,0.84,0.85,0.155,0.15,0.16,,,,
2026-01-06 06:34:32.414000+00:00,2026-01-06 06:34:32.637045+00:00,272.414,0.845,0.84,0.85,0.155,0.15,0.16,,,,
2026-01-06 06:34:33.523000+00:00,2026-01-06 06:34:33.660336+00:00,273.523,0.845,0.84,0.85,0.155,0.15,0.16,,,,
2026-01-06 06:34:34.423000+00:00,2026-01-06 06:34:34.666007+00:00,274.423,0.835,0.83,0.84,0.165,0.16,0.17,,,,
2026-01-06 06:34:35.406000+00:00,2026-01-06 06:34:35.662450+00:00,275.406,0.835,0.83,0.84,0.165,0.16,0.17,,,,
2026-01-06 06:34:36.538000+00:00,2026-01-06 06:34:36.671610+00:00,276.538,0.835,0.83,0.84,0.165,0.16,0.17,,,,
2026-01-06 06:34:37.546000+00:00,2026-01-06 06:34:37.670361+00:00,277.546,0.835,0.83,0.84,0.165,0.16,0.17,,,,
2026-01-06 06:34:38.469000+00:00,2026-01-06 06:34:38.687579+00:00,278.469,0.835,0.83,0.84,0.165,0.16,0.17,,,,
2026-01-06 06:34:39.315000+00:00,2026-01-06 06:34:39.702730+00:00,279.315,0.835,0.83,0.84,0.165,0.16,0.17,,,,
2026-01-06 06:34:40.563000+00:00,2026-01-06 06:34:40.709637+00:00,280.563,0.83,0.82,0.84,0.1699999999999999,0.16,0.18,,,,
2026-01-06 06:34:41.593000+00:00,2026-01-06 06:34:41.705538+00:00,281.593,0.835,0.83,0.84,0.165,0.16,0.17,,,,
2026-01-06 06:34:42.559000+00:00,2026-01-06 06:34:42.698604+00:00,282.559,0.835,0.83,0.84,0.165,0.16,0.17,,,,
2026-01-06 06:34:43.468000+00:00,2026-01-06 06:34:43.701953+00:00,283.468,0.835,0.83,0.84,0.165,0.16,0.17,,,,
2026-01-06 06:34:44.528000+00:00,2026-01-06 06:34:44.702878+00:00,284.528,0.825,0.82,0.83,0.175,0.17,0.18,,,,
2026-01-06 06:34:45.549000+00:00,2026-01-06 06:34:45.706604+00:00,285.549,0.825,0.82,0.83,0.175,0.17,0.18,,,,
2026-01-06 06:34:46.589000+00:00,2026-01-06 06:34:46.715566+00:00,286.589,0.825,0.82,0.83,0.175,0.17,0.18,,,,
2026-01-06 06:34:47.554000+00:00,2026-01-06 06:34:47.724606+00:00,287.554,0.825,0.82,0.83,0.175,0.17,0.18,,,,
2026-01-06 06:34:48.602000+00:00,2026-01-06 06:34:48.723690+00:00,288.602,0.84,0.83,0.85,0.16,0.15,0.17,,,,
2026-01-06 06:34:49.571000+00:00,2026-01-06 06:34:49.752776+00:00,289.571,0.84,0.83,0.85,0.16,0.15,0.17,,,,
2026-01-06 06:34:50.597000+00:00,2026-01-06 06:34:50.754087+00:00,290.597,0.84,0.83,0.85,0.16,0.15,0.17,,,,
2026-01-06 06:34:51.604000+00:00,2026-01-06 06:34:51.765374+00:00,291.604,0.845,0.84,0.85,0.155,0.15,0.16,,,,
2026-01-06 06:34:52.616000+00:00,2026-01-06 06:34:52.775546+00:00,292.616,0.84,0.83,0.85,0.16,0.15,0.17,,,,
2026-01-06 06:34:53.441000+00:00,2026-01-06 06:34:53.786625+00:00,293.441,0.84,0.83,0.85,0.16,0.15,0.17,,,,
2026-01-06 06:34:54.677000+00:00,2026-01-06 06:34:54.793618+00:00,294.677,0.865,0.86,0.87,0.135,0.13,0.14,,,,
2026-01-06 06:34:55.613000+00:00,2026-01-06 06:34:55.796613+00:00,295.613,0.865,0.86,0.87,0.135,0.13,0.14,,,,
2026-01-06 06:34:56.680000+00:00,2026-01-06 06:34:56.803705+00:00,296.68,0.865,0.86,0.87,0.135,0.13,0.14,,,,
2026-01-06 06:34:57.655000+00:00,2026-01-06 06:34:57.804989+00:00,297.655,0.865,0.86,0.87,0.135,0.13,0.14,,,,
2026-01-06 06:34:58.564000+00:00,2026-01-06 06:34:58.815160+00:00,298.564,0.87,0.86,0.88,0.13,0.12,0.14,,,,
2026-01-06 06:34:59.693000+00:00,2026-01-06 06:34:59.821632+00:00,299.693,0.865,0.86,0.87,0.135,0.13,0.14,,,,
2026-01-06 06:35:00.685000+00:00,2026-01-06 06:35:00.822065+00:00,300.685,0.865,0.86,0.87,0.135,0.13,0.14,,,,
2026-01-06 06:35:01.703000+00:00,2026-01-06 06:35:01.838882+00:00,301.703,0.855,0.85,0.86,0.145,0.14,0.15,,,,
2026-01-06 06:35:02.491000+00:00,2026-01-06 06:35:02.848870+00:00,302.491,0.84,0.83,0.85,0.165,0.16,0.17,,,,
2026-01-06 06:35:03.737000+00:00,2026-01-06 06:35:03.854101+00:00,303.737,0.835,0.83,0.84,0.165,0.16,0.17,,,,
2026-01-06 06:35:04.746000+00:00,2026-01-06 06:35:04.866223+00:00,304.746,0.715,0.71,0.72,0.285,0.28,0.29,,,,
2026-01-06 06:35:05.737000+00:00,2026-01-06 06:35:05.871260+00:00,305.737,0.735,0.73,0.74,0.265,0.26,0.27,,,,
2026-01-06 06:35:06.722000+00:00,2026-01-06 06:35:06.864736+00:00,306.722,0.755,0.75,0.76,0.245,0.24,0.25,,,,
2026-01-06 06:35:07.742000+00:00,2026-01-06 06:35:07.873135+00:00,307.742,0.775,0.77,0.78,0.225,0.22,0.23,,,,
2026-01-06 06:35:08.846000+00:00,2026-01-06 06:35:08.887004+00:00,308.846,0.775,0.77,0.78,0.225,0.22,0.23,,,,
2026-01-06 06:35:09.687000+00:00,2026-01-06 06:35:09.886945+00:00,309.687,0.775,0.77,0.78,0.225,0.22,0.23,,,,
2026-01-06 06:35:10.730000+00:00,2026-01-06 06:35:10.904212+00:00,310.73,0.76,0.74,0.78,0.235,0.22,0.25,,,,
2026-01-06 06:35:11.785000+00:00,2026-01-06 06:35:11.902753+00:00,311.785,0.755,0.75,0.76,0.245,0.24,0.25,,,,
2026-01-06 06:35:12.794000+00:00,2026-01-06 06:35:12.914513+00:00,312.794,0.74,0.73,0.75,0.26,0.25,0.27,,,,
2026-01-06 06:35:13.816000+00:00,2026-01-06 06:35:13.930494+00:00,313.816,0.755,0.75,0.76,0.245,0.24,0.25,,,,
2026-01-06 06:35:14.803000+00:00,2026-01-06 06:35:14.928772+00:00,314.803,0.755,0.74,0.77,0.25,0.23,0.27,,,,
2026-01-06 06:35:15.769000+00:00,2026-01-06 06:35:15.941173+00:00,315.769,0.75,0.74,0.76,0.25,0.24,0.26,,,,
2026-01-06 06:35:16.795000+00:00,2026-01-06 06:35:16.954484+00:00,316.795,0.74,0.73,0.75,0.26,0.25,0.27,,,,
2026-01-06 06:35:17.772000+00:00,2026-01-06 06:35:17.953762+00:00,317.772,0.74,0.73,0.75,0.26,0.25,0.27,,,,
2026-01-06 06:35:18.740000+00:00,2026-01-06 06:35:18.953781+00:00,318.74,0.745,0.73,0.76,0.255,0.24,0.27,,,,
2026-01-06 06:35:19.837000+00:00,2026-01-06 06:35:19.960612+00:00,319.837,0.75,0.74,0.76,0.245,0.24,0.25,,,,
2026-01-06 06:35:20.813000+00:00,2026-01-06 06:35:20.953480+00:00,320.813,0.785,0.77,0.8,0.22,0.21,0.23,,,,
2026-01-06 06:35:21.822000+00:00,2026-01-06 06:35:21.957869+00:00,321.822,0.765,0.76,0.77,0.235,0.23,0.24,,,,
2026-01-06 06:35:22.691000+00:00,2026-01-06 06:35:22.971163+00:00,322.691,0.755,0.74,0.77,0.245,0.23,0.26,,,,
2026-01-06 06:35:23.836000+00:00,2026-01-06 06:35:23.970730+00:00,323.836,0.755,0.75,0.76,0.245,0.24,0.25,,,,
2026-01-06 06:35:24.825000+00:00,2026-01-06 06:35:24.975445+00:00,324.825,0.77,0.76,0.78,0.2299999999999999,0.22,0.24,,,,
2026-01-06 06:35:25.656000+00:00,2026-01-06 06:35:25.997671+00:00,325.656,0.77,0.76,0.78,0.225,0.22,0.23,,,,
2026-01-06 06:35:26.777000+00:00,2026-01-06 06:35:26.988774+00:00,326.777,0.79,0.78,0.8,0.21,0.2,0.22,,,,
2026-01-06 06:35:27.752000+00:00,2026-01-06 06:35:27.991663+00:00,327.752,0.79,0.78,0.8,0.21,0.2,0.22,,,,
2026-01-06 06:35:28.856000+00:00,2026-01-06 06:35:28.989148+00:00,328.856,0.785,0.77,0.8,0.22,0.2,0.24,,,,
2026-01-06 06:35:29.850000+00:00,2026-01-06 06:35:30.002628+00:00,329.85,0.77,0.76,0.78,0.2299999999999999,0.22,0.24,,,,
2026-01-06 06:35:30.878000+00:00,2026-01-06 06:35:31.002286+00:00,330.878,0.755,0.75,0.76,0.245,0.24,0.25,,,,
2026-01-06 06:35:31.890000+00:00,2026-01-06 06:35:32.011383+00:00,331.89,0.755,0.75,0.76,0.245,0.24,0.25,,,,
2026-01-06 06:35:32.610000+00:00,2026-01-06 06:35:33.011168+00:00,332.61,0.75,0.74,0.76,0.25,0.24,0.26,,,,
2026-01-06 06:35:33.879000+00:00,2026-01-06 06:35:34.022637+00:00,333.879,0.755,0.75,0.76,0.245,0.24,0.25,,,,
2026-01-06 06:35:34.922000+00:00,2026-01-06 06:35:35.036304+00:00,334.922,0.75,0.74,0.76,0.25,0.24,0.26,,,,
2026-01-06 06:35:35.643000+00:00,2026-01-06 06:35:36.043564+00:00,335.643,0.75,0.74,0.76,0.25,0.24,0.26,,,,
2026-01-06 06:35:36.931000+00:00,2026-01-06 06:35:37.052442+00:00,336.931,0.745,0.74,0.75,0.255,0.25,0.26,,,,
2026-01-06 06:35:37.880000+00:00,2026-01-06 06:35:38.070514+00:00,337.88,0.74,0.73,0.75,0.245,0.24,0.25,,,,
2026-01-06 06:35:38.956000+00:00,2026-01-06 06:35:39.068550+00:00,338.956,0.76,0.75,0.77,0.245,0.24,0.25,,,,
2026-01-06 06:35:39.765000+00:00,2026-01-06 06:35:40.072342+00:00,339.765,0.755,0.75,0.76,0.245,0.24,0.25,,,,
2026-01-06 06:35:40.881000+00:00,2026-01-06 06:35:41.069680+00:00,340.881,0.755,0.75,0.76,0.245,0.24,0.25,,,,
2026-01-06 06:35:41.977000+00:00,2026-01-06 06:35:42.092717+00:00,341.977,0.755,0.75,0.76,0.245,0.24,0.25,,,,
2026-01-06 06:35:42.953000+00:00,2026-01-06 06:35:43.091828+00:00,342.953,0.765,0.76,0.77,0.235,0.23,0.24,,,,
2026-01-06 06:35:43.987000+00:00,2026-01-06 06:35:44.101418+00:00,343.987,0.765,0.76,0.77,0.235,0.23,0.24,,,,
2026-01-06 06:35:44.908000+00:00,2026-01-06 06:35:45.104799+00:00,344.908,0.765,0.76,0.77,0.235,0.23,0.24,,,,
2026-01-06 06:35:45.957000+00:00,2026-01-06 06:35:46.117928+00:00,345.957,0.775,0.77,0.78,0.225,0.22,0.23,,,,
2026-01-06 06:35:46.821000+00:00,2026-01-06 06:35:47.118941+00:00,346.821,0.765,0.76,0.77,0.235,0.23,0.24,,,,
2026-01-06 06:35:47.840000+00:00,2026-01-06 06:35:48.128060+00:00,347.84,0.765,0.76,0.77,0.2299999999999999,0.22,0.24,,,,
2026-01-06 06:35:49.874000+00:00,2026-01-06 06:35:50.141041+00:00,349.874,0.77,0.76,0.78,0.2299999999999999,0.22,0.24,,,,
2026-01-06 06:35:50.864000+00:00,2026-01-06 06:35:51.153006+00:00,350.864,0.765,0.76,0.77,0.235,0.23,0.24,,,,
2026-01-06 06:35:51.842000+00:00,2026-01-06 06:35:52.155185+00:00,351.842,0.765,0.76,0.77,0.235,0.23,0.24,,,,
2026-01-06 06:35:53.064000+00:00,2026-01-06 06:35:53.167478+00:00,353.064,0.775,0.77,0.78,0.225,0.22,0.23,,,,
2026-01-06 06:35:54.960000+00:00,2026-01-06 06:35:55.196872+00:00,354.96,0.78,0.77,0.79,0.22,0.21,0.23,,,,
2026-01-06 06:35:55.960000+00:00,2026-01-06 06:35:56.207114+00:00,355.96,0.78,0.77,0.79,0.22,0.21,0.23,,,,
2026-01-06 06:35:57.009000+00:00,2026-01-06 06:35:57.217179+00:00,357.009,0.78,0.77,0.79,0.22,0.21,0.23,,,,
2026-01-06 06:35:58.055000+00:00,2026-01-06 06:35:58.216974+00:00,358.055,0.785,0.78,0.79,0.215,0.21,0.22,,,,
2026-01-06 06:35:59.092000+00:00,2026-01-06 06:35:59.232247+00:00,359.092,0.785,0.78,0.79,0.215,0.21,0.22,,,,
2026-01-06 06:36:00.095000+00:00,2026-01-06 06:36:00.231632+00:00,360.095,0.795,0.79,0.8,0.205,0.2,0.21,,,,
2026-01-06 06:36:01.050000+00:00,2026-01-06 06:36:01.233251+00:00,361.05,0.8,0.79,0.81,0.2,0.19,0.21,,,,
2026-01-06 06:36:02.137000+00:00,2026-01-06 06:36:02.234996+00:00,362.137,0.8,0.79,0.81,0.2,0.19,0.21,,,,
2026-01-06 06:36:03.122000+00:00,2026-01-06 06:36:03.248086+00:00,363.122,0.81,0.8,0.82,0.19,0.18,0.2,,,,
2026-01-06 06:36:04.093000+00:00,2026-01-06 06:36:04.259217+00:00,364.093,0.81,0.8,0.82,0.19,0.18,0.2,,,,
2026-01-06 06:36:05.075000+00:00,2026-01-06 06:36:05.265533+00:00,365.075,0.81,0.8,0.82,0.19,0.18,0.2,,,,
2026-01-06 06:36:06.091000+00:00,2026-01-06 06:36:06.267042+00:00,366.091,0.815,0.81,0.82,0.185,0.18,0.19,,,,
2026-01-06 06:36:07.825000+00:00,2026-01-06 06:36:08.283731+00:00,367.825,0.8200000000000001,0.81,0.83,0.18,0.17,0.19,,,,
2026-01-06 06:36:08.739000+00:00,2026-01-06 06:36:09.300805+00:00,368.739,0.8200000000000001,0.81,0.83,0.18,0.17,0.19,,,,
2026-01-06 06:36:10.198000+00:00,2026-01-06 06:36:10.320144+00:00,370.198,0.815,0.81,0.82,0.185,0.18,0.19,,,,
2026-01-06 06:36:11.217000+00:00,2026-01-06 06:36:11.336213+00:00,371.217,0.81,0.8,0.82,0.185,0.18,0.19,,,,
2026-01-06 06:36:12.152000+00:00,2026-01-06 06:36:12.339315+00:00,372.152,0.81,0.8,0.82,0.19,0.18,0.2,,,,
2026-01-06 06:36:13.203000+00:00,2026-01-06 06:36:13.337299+00:00,373.203,0.81,0.8,0.82,0.19,0.18,0.2,,,,
2026-01-06 06:36:14.021000+00:00,2026-01-06 06:36:14.334691+00:00,374.021,0.815,0.81,0.82,0.185,0.18,0.19,,,,
2026-01-06 06:36:15.107000+00:00,2026-01-06 06:36:15.341554+00:00,375.107,0.815,0.81,0.82,0.185,0.18,0.19,,,,
2026-01-06 06:36:16.014000+00:00,2026-01-06 06:36:16.351463+00:00,376.014,0.815,0.81,0.82,0.185,0.18,0.19,,,,
2026-01-06 06:36:17.659000+00:00,2026-01-06 06:36:18.356186+00:00,377.659,0.8200000000000001,0.81,0.83,0.18,0.17,0.19,,,,
2026-01-06 06:36:18.790000+00:00,2026-01-06 06:36:19.367961+00:00,378.79,0.8200000000000001,0.81,0.83,0.18,0.17,0.19,,,,
2026-01-06 06:36:20.157000+00:00,2026-01-06 06:36:20.387958+00:00,380.157,0.8200000000000001,0.81,0.83,0.18,0.17,0.19,,,,
2026-01-06 06:36:21.171000+00:00,2026-01-06 06:36:21.389564+00:00,381.171,0.8200000000000001,0.81,0.83,0.18,0.17,0.19,,,,
2026-01-06 06:36:22.271000+00:00,2026-01-06 06:36:22.396618+00:00,382.271,0.8200000000000001,0.81,0.83,0.18,0.17,0.19,,,,
2026-01-06 06:36:23.075000+00:00,2026-01-06 06:36:23.402249+00:00,383.075,0.8200000000000001,0.81,0.83,0.18,0.17,0.19,,,,
2026-01-06 06:36:24.297000+00:00,2026-01-06 06:36:24.419119+00:00,384.297,0.815,0.81,0.82,0.185,0.18,0.19,,,,
2026-01-06 06:36:25.162000+00:00,2026-01-06 06:36:25.434637+00:00,385.162,0.815,0.81,0.82,0.185,0.18,0.19,,,,
2026-01-06 06:36:26.313000+00:00,2026-01-06 06:36:26.458540+00:00,386.313,0.8200000000000001,0.81,0.83,0.18,0.17,0.19,,,,
2026-01-06 06:36:27.342000+00:00,2026-01-06 06:36:27.467904+00:00,387.342,0.8200000000000001,0.81,0.83,0.175,0.17,0.18,,,,
2026-01-06 06:36:28.224000+00:00,2026-01-06 06:36:28.486388+00:00,388.224,0.825,0.82,0.83,0.175,0.17,0.18,,,,
2026-01-06 06:36:29.087000+00:00,2026-01-06 06:36:29.494366+00:00,389.087,0.825,0.82,0.83,0.175,0.17,0.18,,,,
2026-01-06 06:36:30.348000+00:00,2026-01-06 06:36:30.505713+00:00,390.348,0.825,0.82,0.83,0.175,0.17,0.18,,,,
2026-01-06 06:36:31.334000+00:00,2026-01-06 06:36:31.522140+00:00,391.334,0.825,0.82,0.83,0.175,0.17,0.18,,,,
2026-01-06 06:36:32.106000+00:00,2026-01-06 06:36:32.533226+00:00,392.106,0.825,0.82,0.83,0.175,0.17,0.18,,,,
2026-01-06 06:36:33.363000+00:00,2026-01-06 06:36:33.532150+00:00,393.363,0.825,0.82,0.83,0.175,0.17,0.18,,,,
2026-01-06 06:36:34.016000+00:00,2026-01-06 06:36:34.551639+00:00,394.016,0.825,0.82,0.83,0.175,0.17,0.18,,,,
2026-01-06 06:36:35.423000+00:00,2026-01-06 06:36:35.555340+00:00,395.423,0.825,0.82,0.83,0.175,0.17,0.18,,,,
2026-01-06 06:36:36.434000+00:00,2026-01-06 06:36:36.557704+00:00,396.434,0.805,0.8,0.81,0.195,0.19,0.2,,,,
2026-01-06 06:36:37.435000+00:00,2026-01-06 06:36:37.558330+00:00,397.435,0.8,0.79,0.81,0.2,0.19,0.21,,,,
2026-01-06 06:36:38.437000+00:00,2026-01-06 06:36:38.576186+00:00,398.437,0.8,0.79,0.81,0.2,0.19,0.21,,,,
2026-01-06 06:36:39.436000+00:00,2026-01-06 06:36:39.593841+00:00,399.436,0.8,0.79,0.81,0.2,0.19,0.21,,,,
2026-01-06 06:36:40.461000+00:00,2026-01-06 06:36:40.605274+00:00,400.461,0.8,0.79,0.81,0.2,0.19,0.21,,,,
2026-01-06 06:36:41.453000+00:00,2026-01-06 06:36:41.615818+00:00,401.453,0.835,0.83,0.84,0.165,0.16,0.17,,,,
2026-01-06 06:36:42.483000+00:00,2026-01-06 06:36:42.625551+00:00,402.483,0.835,0.83,0.84,0.165,0.16,0.17,,,,
2026-01-06 06:36:43.509000+00:00,2026-01-06 06:36:43.638825+00:00,403.509,0.835,0.83,0.84,0.1699999999999999,0.16,0.18,,,,
2026-01-06 06:36:44.334000+00:00,2026-01-06 06:36:44.639577+00:00,404.334,0.825,0.82,0.83,0.175,0.17,0.18,,,,
2026-01-06 06:36:45.357000+00:00,2026-01-06 06:36:45.632853+00:00,405.357,0.825,0.82,0.83,0.175,0.17,0.18,,,,
2026-01-06 06:36:46.487000+00:00,2026-01-06 06:36:46.655323+00:00,406.487,0.825,0.82,0.83,0.175,0.17,0.18,,,,
2026-01-06 06:36:47.542000+00:00,2026-01-06 06:36:47.660900+00:00,407.542,0.825,0.82,0.83,0.175,0.17,0.18,,,,
2026-01-06 06:36:48.071000+00:00,2026-01-06 06:36:48.667812+00:00,408.071,0.83,0.82,0.84,0.1699999999999999,0.16,0.18,,,,
2026-01-06 06:36:49.432000+00:00,2026-01-06 06:36:49.670573+00:00,409.432,0.83,0.82,0.84,0.1699999999999999,0.16,0.18,,,,
2026-01-06 06:36:50.542000+00:00,2026-01-06 06:36:50.682884+00:00,410.542,0.83,0.82,0.84,0.1699999999999999,0.16,0.18,,,,
2026-01-06 06:36:51.534000+00:00,2026-01-06 06:36:51.687157+00:00,411.534,0.83,0.82,0.84,0.1699999999999999,0.16,0.18,,,,
2026-01-06 06:36:52.438000+00:00,2026-01-06 06:36:52.683145+00:00,412.438,0.83,0.82,0.84,0.1699999999999999,0.16,0.18,,,,
2026-01-06 06:36:53.257000+00:00,2026-01-06 06:36:53.681806+00:00,413.257,0.83,0.82,0.84,0.1699999999999999,0.16,0.18,,,,
2026-01-06 06:36:54.482000+00:00,2026-01-06 06:36:54.683138+00:00,414.482,0.83,0.82,0.84,0.1699999999999999,0.16,0.18,,,,
2026-01-06 06:36:55.464000+00:00,2026-01-06 06:36:55.698403+00:00,415.464,0.825,0.82,0.83,0.175,0.17,0.18,,,,
2026-01-06 06:36:56.574000+00:00,2026-01-06 06:36:56.716675+00:00,416.574,0.825,0.82,0.83,0.175,0.17,0.18,,,,
2026-01-06 06:36:57.611000+00:00,2026-01-06 06:36:57.733193+00:00,417.611,0.825,0.82,0.83,0.175,0.17,0.18,,,,
2026-01-06 06:36:58.352000+00:00,2026-01-06 06:36:58.746501+00:00,418.352,0.825,0.82,0.83,0.175,0.17,0.18,,,,
2026-01-06 06:36:59.584000+00:00,2026-01-06 06:36:59.767825+00:00,419.584,0.825,0.82,0.83,0.175,0.17,0.18,,,,
2026-01-06 06:37:00.643000+00:00,2026-01-06 06:37:00.784319+00:00,420.643,0.825,0.82,0.83,0.175,0.17,0.18,,,,
2026-01-06 06:37:01.656000+00:00,2026-01-06 06:37:01.784637+00:00,421.656,0.825,0.82,0.83,0.175,0.17,0.18,,,,
2026-01-06 06:37:02.552000+00:00,2026-01-06 06:37:02.783906+00:00,422.552,0.825,0.82,0.83,0.175,0.17,0.18,,,,
2026-01-06 06:37:03.568000+00:00,2026-01-06 06:37:03.784505+00:00,423.568,0.825,0.82,0.83,0.175,0.17,0.18,,,,
2026-01-06 06:37:04.656000+00:00,2026-01-06 06:37:04.793062+00:00,424.656,0.835,0.83,0.84,0.165,0.16,0.17,,,,
2026-01-06 06:37:05.442000+00:00,2026-01-06 06:37:05.800727+00:00,425.442,0.835,0.83,0.84,0.165,0.16,0.17,,,,
2026-01-06 06:37:06.687000+00:00,2026-01-06 06:37:06.815824+00:00,426.687,0.835,0.83,0.84,0.165,0.16,0.17,,,,
2026-01-06 06:37:07.620000+00:00,2026-01-06 06:37:07.816291+00:00,427.62,0.825,0.82,0.83,0.175,0.17,0.18,,,,
2026-01-06 06:37:08.601000+00:00,2026-01-06 06:37:08.824270+00:00,428.601,0.825,0.82,0.83,0.175,0.17,0.18,,,,
2026-01-06 06:37:09.595000+00:00,2026-01-06 06:37:09.833874+00:00,429.595,0.825,0.82,0.83,0.175,0.17,0.18,,,,
2026-01-06 06:37:10.573000+00:00,2026-01-06 06:37:10.851536+00:00,430.573,0.835,0.83,0.84,0.165,0.16,0.17,,,,
2026-01-06 06:37:11.707000+00:00,2026-01-06 06:37:11.855429+00:00,431.707,0.83,0.82,0.84,0.165,0.16,0.17,,,,
2026-01-06 06:37:12.733000+00:00,2026-01-06 06:37:12.868184+00:00,432.733,0.845,0.84,0.85,0.155,0.15,0.16,,,,
2026-01-06 06:37:13.748000+00:00,2026-01-06 06:37:13.875532+00:00,433.748,0.845,0.84,0.85,0.155,0.15,0.16,,,,
2026-01-06 06:37:14.635000+00:00,2026-01-06 06:37:14.876283+00:00,434.635,0.845,0.84,0.85,0.155,0.15,0.16,,,,
2026-01-06 06:37:15.738000+00:00,2026-01-06 06:37:15.867038+00:00,435.738,0.845,0.84,0.85,0.155,0.15,0.16,,,,
2026-01-06 06:37:16.678000+00:00,2026-01-06 06:37:16.882990+00:00,436.678,0.835,0.83,0.84,0.165,0.16,0.17,,,,
2026-01-06 06:37:17.714000+00:00,2026-01-06 06:37:17.881896+00:00,437.714,0.835,0.83,0.84,0.165,0.16,0.17,,,,
2026-01-06 06:37:18.752000+00:00,2026-01-06 06:37:18.901348+00:00,438.752,0.835,0.83,0.84,0.165,0.16,0.17,,,,
2026-01-06 06:37:19.782000+00:00,2026-01-06 06:37:19.899841+00:00,439.782,0.835,0.83,0.84,0.165,0.16,0.17,,,,
2026-01-06 06:37:20.757000+00:00,2026-01-06 06:37:20.899276+00:00,440.757,0.845,0.84,0.85,0.155,0.15,0.16,,,,
2026-01-06 06:37:21.784000+00:00,2026-01-06 06:37:21.907165+00:00,441.784,0.86,0.85,0.87,0.135,0.13,0.14,,,,
2026-01-06 06:37:22.768000+00:00,2026-01-06 06:37:22.906513+00:00,442.768,0.865,0.86,0.87,0.135,0.13,0.14,,,,
2026-01-06 06:37:23.744000+00:00,2026-01-06 06:37:23.922782+00:00,443.744,0.865,0.86,0.87,0.135,0.13,0.14,,,,
2026-01-06 06:37:24.658000+00:00,2026-01-06 06:37:24.932412+00:00,444.658,0.865,0.86,0.87,0.135,0.13,0.14,,,,
2026-01-06 06:37:25.633000+00:00,2026-01-06 06:37:25.941156+00:00,445.633,0.865,0.86,0.87,0.135,0.13,0.14,,,,
2026-01-06 06:37:26.825000+00:00,2026-01-06 06:37:26.947851+00:00,446.825,0.865,0.86,0.87,0.135,0.13,0.14,,,,
2026-01-06 06:37:27.626000+00:00,2026-01-06 06:37:27.970105+00:00,447.626,0.865,0.86,0.87,0.135,0.13,0.14,,,,
2026-01-06 06:37:28.755000+00:00,2026-01-06 06:37:28.989688+00:00,448.755,0.865,0.86,0.87,0.135,0.13,0.14,,,,
2026-01-06 06:37:29.843000+00:00,2026-01-06 06:37:29.989606+00:00,449.843,0.865,0.86,0.87,0.135,0.13,0.14,,,,
2026-01-06 06:37:30.841000+00:00,2026-01-06 06:37:30.998467+00:00,450.841,0.865,0.86,0.87,0.135,0.13,0.14,,,,
2026-01-06 06:37:31.740000+00:00,2026-01-06 06:37:32.004583+00:00,451.74,0.865,0.86,0.87,0.135,0.13,0.14,,,,
2026-01-06 06:37:32.880000+00:00,2026-01-06 06:37:33.015197+00:00,452.88,0.865,0.86,0.87,0.14,0.13,0.15,,,,
2026-01-06 06:37:33.884000+00:00,2026-01-06 06:37:34.007438+00:00,453.884,0.86,0.85,0.87,0.14,0.13,0.15,,,,
2026-01-06 06:37:34.877000+00:00,2026-01-06 06:37:35.014519+00:00,454.877,0.855,0.85,0.86,0.145,0.14,0.15,,,,
2026-01-06 06:37:35.722000+00:00,2026-01-06 06:37:36.015139+00:00,455.722,0.86,0.85,0.87,0.14,0.13,0.15,,,,
2026-01-06 06:37:36.497000+00:00,2026-01-06 06:37:37.014689+00:00,456.497,0.86,0.85,0.87,0.14,0.13,0.15,,,,
2026-01-06 06:37:37.883000+00:00,2026-01-06 06:37:38.032530+00:00,457.883,0.86,0.85,0.87,0.14,0.13,0.15,,,,
2026-01-06 06:37:38.911000+00:00,2026-01-06 06:37:39.041805+00:00,458.911,0.865,0.86,0.87,0.135,0.13,0.14,,,,
2026-01-06 06:37:39.812000+00:00,2026-01-06 06:37:40.039344+00:00,459.812,0.865,0.86,0.87,0.135,0.13,0.14,,,,
2026-01-06 06:37:40.929000+00:00,2026-01-06 06:37:41.057478+00:00,460.929,0.87,0.86,0.88,0.13,0.12,0.14,,,,
2026-01-06 06:37:41.892000+00:00,2026-01-06 06:37:42.053617+00:00,461.892,0.865,0.86,0.87,0.135,0.13,0.14,,,,
2026-01-06 06:37:42.868000+00:00,2026-01-06 06:37:43.053275+00:00,462.868,0.865,0.86,0.87,0.135,0.13,0.14,,,,
2026-01-06 06:37:43.765000+00:00,2026-01-06 06:37:44.048645+00:00,463.765,0.86,0.85,0.87,0.14,0.13,0.15,,,,
2026-01-06 06:37:44.877000+00:00,2026-01-06 06:37:45.067314+00:00,464.877,0.86,0.85,0.87,0.14,0.13,0.15,,,,
2026-01-06 06:37:45.939000+00:00,2026-01-06 06:37:46.065311+00:00,465.939,0.86,0.85,0.87,0.14,0.13,0.15,,,,
2026-01-06 06:37:46.759000+00:00,2026-01-06 06:37:47.094410+00:00,466.759,0.86,0.85,0.87,0.14,0.13,0.15,,,,
2026-01-06 06:37:47.932000+00:00,2026-01-06 06:37:48.113727+00:00,467.932,0.86,0.85,0.87,0.145,0.14,0.15,,,,
2026-01-06 06:37:48.979000+00:00,2026-01-06 06:37:49.117577+00:00,468.979,0.855,0.85,0.86,0.15,0.14,0.16,,,,
2026-01-06 06:37:50.002000+00:00,2026-01-06 06:37:50.130507+00:00,470.002,0.845,0.84,0.85,0.155,0.15,0.16,,,,
2026-01-06 06:37:51.946000+00:00,2026-01-06 06:37:52.136350+00:00,471.946,0.84,0.83,0.85,0.16,0.15,0.17,,,,
2026-01-06 06:37:52.951000+00:00,2026-01-06 06:37:53.126384+00:00,472.951,0.84,0.83,0.85,0.16,0.15,0.17,,,,
2026-01-06 06:37:53.929000+00:00,2026-01-06 06:37:54.130498+00:00,473.929,0.84,0.83,0.85,0.16,0.15,0.17,,,,
2026-01-06 06:37:55.998000+00:00,2026-01-06 06:37:56.140226+00:00,475.998,0.84,0.83,0.85,0.16,0.15,0.17,,,,
2026-01-06 06:37:57.888000+00:00,2026-01-06 06:37:58.131015+00:00,477.888,0.845,0.84,0.85,0.155,0.15,0.16,,,,
2026-01-06 06:37:58.450000+00:00,2026-01-06 06:37:59.131034+00:00,478.45,0.845,0.84,0.85,0.155,0.15,0.16,,,,
2026-01-06 06:37:59.982000+00:00,2026-01-06 06:38:00.135943+00:00,479.982,0.845,0.84,0.85,0.155,0.15,0.16,,,,
2026-01-06 06:38:01.023000+00:00,2026-01-06 06:38:01.149940+00:00,481.023,0.845,0.84,0.85,0.155,0.15,0.16,,,,
2026-01-06 06:38:02.027000+00:00,2026-01-06 06:38:02.152515+00:00,482.027,0.855,0.85,0.86,0.145,0.14,0.15,,,,
2026-01-06 06:38:03.966000+00:00,2026-01-06 06:38:04.152394+00:00,483.966,0.875,0.86,0.89,0.125,0.11,0.14,,,,
2026-01-06 06:38:05.919000+00:00,2026-01-06 06:38:06.161163+00:00,485.919,0.87,0.86,0.88,0.13,0.12,0.14,,,,
2026-01-06 06:38:07.071000+00:00,2026-01-06 06:38:07.163023+00:00,487.071,0.865,0.86,0.87,0.135,0.13,0.14,,,,
2026-01-06 06:38:08.996000+00:00,2026-01-06 06:38:09.184679+00:00,488.996,0.885,0.88,0.89,0.1149999999999999,0.11,0.12,,,,
2026-01-06 06:38:10.054000+00:00,2026-01-06 06:38:10.194892+00:00,490.054,0.885,0.88,0.89,0.1149999999999999,0.11,0.12,,,,
2026-01-06 06:38:11.088000+00:00,2026-01-06 06:38:11.211839+00:00,491.088,0.875,0.87,0.88,0.125,0.12,0.13,,,,
2026-01-06 06:38:12.084000+00:00,2026-01-06 06:38:12.211332+00:00,492.084,0.875,0.87,0.88,0.125,0.12,0.13,,,,
2026-01-06 06:38:13.115000+00:00,2026-01-06 06:38:13.230694+00:00,493.115,0.885,0.88,0.89,0.1149999999999999,0.11,0.12,,,,
2026-01-06 06:38:14.039000+00:00,2026-01-06 06:38:14.240239+00:00,494.039,0.885,0.88,0.89,0.1149999999999999,0.11,0.12,,,,
2026-01-06 06:38:15.987000+00:00,2026-01-06 06:38:16.258716+00:00,495.987,0.885,0.88,0.89,0.1149999999999999,0.11,0.12,,,,
2026-01-06 06:38:17.147000+00:00,2026-01-06 06:38:17.268864+00:00,497.147,0.885,0.88,0.89,0.1149999999999999,0.11,0.12,,,,
2026-01-06 06:38:18.143000+00:00,2026-01-06 06:38:18.266592+00:00,498.143,0.885,0.88,0.89,0.1149999999999999,0.11,0.12,,,,
2026-01-06 06:38:19.150000+00:00,2026-01-06 06:38:19.279210+00:00,499.15,0.885,0.88,0.89,0.1149999999999999,0.11,0.12,,,,
2026-01-06 06:38:20.872000+00:00,2026-01-06 06:38:21.289491+00:00,500.872,0.88,0.87,0.89,0.12,0.11,0.13,,,,
2026-01-06 06:38:22.156000+00:00,2026-01-06 06:38:22.302044+00:00,502.156,0.86,0.85,0.87,0.14,0.13,0.15,,,,
2026-01-06 06:38:23.164000+00:00,2026-01-06 06:38:23.321003+00:00,503.164,0.87,0.86,0.88,0.13,0.12,0.14,,,,
2026-01-06 06:38:24.147000+00:00,2026-01-06 06:38:24.323859+00:00,504.147,0.87,0.86,0.88,0.13,0.12,0.14,,,,
2026-01-06 06:38:25.192000+00:00,2026-01-06 06:38:25.330149+00:00,505.192,0.885,0.88,0.89,0.1149999999999999,0.11,0.12,,,,
2026-01-06 06:38:26.940000+00:00,2026-01-06 06:38:27.363735+00:00,506.94,0.885,0.88,0.89,0.1149999999999999,0.11,0.12,,,,
2026-01-06 06:38:28.241000+00:00,2026-01-06 06:38:28.363791+00:00,508.241,0.88,0.87,0.89,0.125,0.12,0.13,,,,
2026-01-06 06:38:29.912000+00:00,2026-01-06 06:38:30.380381+00:00,509.912,0.88,0.87,0.89,0.12,0.11,0.13,,,,
2026-01-06 06:38:31.013000+00:00,2026-01-06 06:38:31.381673+00:00,511.013,0.885,0.88,0.89,0.1149999999999999,0.11,0.12,,,,
2026-01-06 06:38:32.754000+00:00,2026-01-06 06:38:33.396556+00:00,512.754,0.885,0.88,0.89,0.1149999999999999,0.11,0.12,,,,
2026-01-06 06:38:34.044000+00:00,2026-01-06 06:38:34.402673+00:00,514.044,0.885,0.88,0.89,0.1149999999999999,0.11,0.12,,,,
2026-01-06 06:38:35.980000+00:00,2026-01-06 06:38:36.417305+00:00,515.98,0.89,0.88,0.9,0.11,0.1,0.12,,,,
2026-01-06 06:38:37.309000+00:00,2026-01-06 06:38:37.429188+00:00,517.309,0.875,0.87,0.88,0.125,0.12,0.13,,,,
2026-01-06 06:38:38.297000+00:00,2026-01-06 06:38:38.429258+00:00,518.297,0.865,0.86,0.87,0.135,0.13,0.14,,,,
2026-01-06 06:38:39.310000+00:00,2026-01-06 06:38:39.435511+00:00,519.31,0.87,0.86,0.88,0.13,0.12,0.14,,,,
2026-01-06 06:38:40.309000+00:00,2026-01-06 06:38:40.428286+00:00,520.309,0.865,0.86,0.87,0.135,0.13,0.14,,,,
2026-01-06 06:38:41.099000+00:00,2026-01-06 06:38:41.437126+00:00,521.099,0.87,0.86,0.88,0.13,0.12,0.14,,,,
2026-01-06 06:38:42.288000+00:00,2026-01-06 06:38:42.445560+00:00,522.288,0.87,0.86,0.88,0.13,0.12,0.14,,,,
2026-01-06 06:38:43.284000+00:00,2026-01-06 06:38:43.462095+00:00,523.284,0.87,0.86,0.88,0.13,0.12,0.14,,,,
2026-01-06 06:38:44.253000+00:00,2026-01-06 06:38:44.469017+00:00,524.253,0.87,0.86,0.88,0.13,0.12,0.14,,,,
2026-01-06 06:38:45.201000+00:00,2026-01-06 06:38:45.469420+00:00,525.201,0.87,0.86,0.88,0.13,0.12,0.14,,,,
2026-01-06 06:38:46.060000+00:00,2026-01-06 06:38:47.466667+00:00,526.06,0.87,0.86,0.88,0.13,0.12,0.14,,,,
2026-01-06 06:38:48.128000+00:00,2026-01-06 06:38:48.478979+00:00,528.128,0.875,0.87,0.88,0.125,0.12,0.13,,,,
2026-01-06 06:38:49.332000+00:00,2026-01-06 06:38:49.484413+00:00,529.332,0.885,0.88,0.89,0.1149999999999999,0.11,0.12,,,,
2026-01-06 06:38:50.879000+00:00,2026-01-06 06:38:51.480615+00:00,530.879,0.88,0.87,0.89,0.12,0.11,0.13,,,,
2026-01-06 06:38:52.271000+00:00,2026-01-06 06:38:52.486388+00:00,532.271,0.88,0.87,0.89,0.12,0.11,0.13,,,,
2026-01-06 06:38:53.284000+00:00,2026-01-06 06:38:53.498654+00:00,533.284,0.88,0.87,0.89,0.12,0.11,0.13,,,,
2026-01-06 06:38:54.852000+00:00,2026-01-06 06:38:55.502051+00:00,534.852,0.88,0.87,0.89,0.12,0.11,0.13,,,,
2026-01-06 06:38:56.372000+00:00,2026-01-06 06:38:56.505137+00:00,536.372,0.88,0.87,0.89,0.12,0.11,0.13,,,,
2026-01-06 06:38:57.216000+00:00,2026-01-06 06:38:57.511112+00:00,537.216,0.875,0.87,0.88,0.125,0.12,0.13,,,,
2026-01-06 06:38:58.184000+00:00,2026-01-06 06:38:58.522776+00:00,538.184,0.885,0.88,0.89,0.1149999999999999,0.11,0.12,,,,
2026-01-06 06:38:59.295000+00:00,2026-01-06 06:38:59.513181+00:00,539.295,0.88,0.87,0.89,0.12,0.11,0.13,,,,
2026-01-06 06:39:00.142000+00:00,2026-01-06 06:39:00.533744+00:00,540.142,0.88,0.87,0.89,0.12,0.11,0.13,,,,
2026-01-06 06:39:01.403000+00:00,2026-01-06 06:39:01.545745+00:00,541.403,0.89,0.88,0.9,0.11,0.1,0.12,,,,
2026-01-06 06:39:02.408000+00:00,2026-01-06 06:39:02.543640+00:00,542.408,0.895,0.89,0.9,0.105,0.1,0.11,,,,
2026-01-06 06:39:03.426000+00:00,2026-01-06 06:39:03.549522+00:00,543.426,0.89,0.88,0.9,0.11,0.1,0.12,,,,
2026-01-06 06:39:04.411000+00:00,2026-01-06 06:39:04.556564+00:00,544.411,0.885,0.87,0.9,0.115,0.1,0.13,,,,
2026-01-06 06:39:05.436000+00:00,2026-01-06 06:39:05.561478+00:00,545.436,0.875,0.87,0.88,0.125,0.12,0.13,,,,
2026-01-06 06:39:06.445000+00:00,2026-01-06 06:39:06.562576+00:00,546.445,0.875,0.87,0.88,0.125,0.12,0.13,,,,
2026-01-06 06:39:07.401000+00:00,2026-01-06 06:39:07.574795+00:00,547.401,0.865,0.86,0.87,0.135,0.13,0.14,,,,
2026-01-06 06:39:08.435000+00:00,2026-01-06 06:39:08.580888+00:00,548.435,0.865,0.86,0.87,0.135,0.13,0.14,,,,
2026-01-06 06:39:09.395000+00:00,2026-01-06 06:39:09.591163+00:00,549.395,0.865,0.86,0.87,0.135,0.13,0.14,,,,
2026-01-06 06:39:10.470000+00:00,2026-01-06 06:39:10.599204+00:00,550.47,0.865,0.86,0.87,0.135,0.13,0.14,,,,
2026-01-06 06:39:11.427000+00:00,2026-01-06 06:39:11.598511+00:00,551.427,0.865,0.86,0.87,0.135,0.13,0.14,,,,
2026-01-06 06:39:12.206000+00:00,2026-01-06 06:39:12.610879+00:00,552.206,0.87,0.86,0.88,0.13,0.12,0.14,,,,
2026-01-06 06:39:13.416000+00:00,2026-01-06 06:39:13.627443+00:00,553.416,0.865,0.86,0.87,0.135,0.13,0.14,,,,
2026-01-06 06:39:14.317000+00:00,2026-01-06 06:39:15.666397+00:00,554.317,0.865,0.86,0.87,0.135,0.13,0.14,,,,
2026-01-06 06:39:16.494000+00:00,2026-01-06 06:39:16.667930+00:00,556.494,0.865,0.86,0.87,0.135,0.13,0.14,,,,
2026-01-06 06:39:17.536000+00:00,2026-01-06 06:39:17.677841+00:00,557.536,0.87,0.86,0.88,0.13,0.12,0.14,,,,
2026-01-06 06:39:18.553000+00:00,2026-01-06 06:39:18.692047+00:00,558.553,0.865,0.86,0.87,0.135,0.13,0.14,,,,
2026-01-06 06:39:19.569000+00:00,2026-01-06 06:39:19.710102+00:00,559.569,0.855,0.85,0.86,0.145,0.14,0.15,,,,
2026-01-06 06:39:20.537000+00:00,2026-01-06 06:39:20.726017+00:00,560.537,0.86,0.85,0.87,0.14,0.13,0.15,,,,
2026-01-06 06:39:21.571000+00:00,2026-01-06 06:39:21.751914+00:00,561.571,0.865,0.86,0.87,0.135,0.13,0.14,,,,
2026-01-06 06:39:22.630000+00:00,2026-01-06 06:39:22.763180+00:00,562.63,0.85,0.84,0.86,0.15,0.14,0.16,,,,
2026-01-06 06:39:23.658000+00:00,2026-01-06 06:39:23.778019+00:00,563.658,0.85,0.84,0.86,0.15,0.14,0.16,,,,
2026-01-06 06:39:24.655000+00:00,2026-01-06 06:39:24.788117+00:00,564.655,0.85,0.84,0.86,0.15,0.14,0.16,,,,
2026-01-06 06:39:25.480000+00:00,2026-01-06 06:39:25.797455+00:00,565.48,0.85,0.84,0.86,0.145,0.14,0.15,,,,
2026-01-06 06:39:26.692000+00:00,2026-01-06 06:39:26.819720+00:00,566.692,0.885,0.88,0.89,0.1149999999999999,0.11,0.12,,,,
2026-01-06 06:39:27.696000+00:00,2026-01-06 06:39:27.832123+00:00,567.696,0.875,0.87,0.88,0.125,0.12,0.13,,,,
2026-01-06 06:39:28.698000+00:00,2026-01-06 06:39:28.833044+00:00,568.698,0.88,0.87,0.89,0.125,0.12,0.13,,,,
2026-01-06 06:39:29.689000+00:00,2026-01-06 06:39:29.842588+00:00,569.689,0.875,0.87,0.88,0.125,0.12,0.13,,,,
2026-01-06 06:39:30.649000+00:00,2026-01-06 06:39:30.865504+00:00,570.649,0.88,0.87,0.89,0.12,0.11,0.13,,,,
2026-01-06 06:39:31.673000+00:00,2026-01-06 06:39:31.862938+00:00,571.673,0.885,0.88,0.89,0.1149999999999999,0.11,0.12,,,,
2026-01-06 06:39:32.737000+00:00,2026-01-06 06:39:32.859742+00:00,572.737,0.89,0.88,0.9,0.11,0.1,0.12,,,,
2026-01-06 06:39:33.694000+00:00,2026-01-06 06:39:33.872467+00:00,573.694,0.89,0.88,0.9,0.11,0.1,0.12,,,,
2026-01-06 06:39:34.738000+00:00,2026-01-06 06:39:34.893282+00:00,574.738,0.89,0.88,0.9,0.11,0.1,0.12,,,,
2026-01-06 06:39:35.705000+00:00,2026-01-06 06:39:35.897702+00:00,575.705,0.895,0.89,0.9,0.105,0.1,0.11,,,,
2026-01-06 06:39:36.767000+00:00,2026-01-06 06:39:36.913319+00:00,576.767,0.895,0.89,0.9,0.105,0.1,0.11,,,,
2026-01-06 06:39:37.657000+00:00,2026-01-06 06:39:37.929122+00:00,577.657,0.895,0.89,0.9,0.105,0.1,0.11,,,,
2026-01-06 06:39:38.805000+00:00,2026-01-06 06:39:38.934797+00:00,578.805,0.925,0.92,0.93,0.075,0.07,0.08,,,,
2026-01-06 06:39:39.817000+00:00,2026-01-06 06:39:39.942169+00:00,579.817,0.935,0.93,0.94,0.065,0.06,0.07,,,,
2026-01-06 06:39:40.819000+00:00,2026-01-06 06:39:40.942764+00:00,580.819,0.915,0.91,0.92,0.0849999999999999,0.08,0.09,,,,
2026-01-06 06:39:41.812000+00:00,2026-01-06 06:39:41.942334+00:00,581.812,0.925,0.92,0.93,0.075,0.07,0.08,,,,
2026-01-06 06:39:42.815000+00:00,2026-01-06 06:39:42.952199+00:00,582.815,0.925,0.92,0.93,0.075,0.07,0.08,,,,
2026-01-06 06:39:43.692000+00:00,2026-01-06 06:39:43.960025+00:00,583.692,0.925,0.92,0.93,0.075,0.07,0.08,,,,
2026-01-06 06:39:44.826000+00:00,2026-01-06 06:39:44.971402+00:00,584.826,0.925,0.92,0.93,0.075,0.07,0.08,,,,
2026-01-06 06:39:45.833000+00:00,2026-01-06 06:39:45.976656+00:00,585.833,0.925,0.92,0.93,0.075,0.07,0.08,,,,
2026-01-06 06:39:46.597000+00:00,2026-01-06 06:39:46.975585+00:00,586.597,0.93,0.92,0.94,0.07,0.06,0.08,,,,
2026-01-06 06:39:47.815000+00:00,2026-01-06 06:39:47.974611+00:00,587.815,0.93,0.92,0.94,0.07,0.06,0.08,,,,
2026-01-06 06:39:48.736000+00:00,2026-01-06 06:39:48.981288+00:00,588.736,0.93,0.92,0.94,0.07,0.06,0.08,,,,
2026-01-06 06:39:49.709000+00:00,2026-01-06 06:39:49.998182+00:00,589.709,0.93,0.92,0.94,0.07,0.06,0.08,,,,
2026-01-06 06:39:50.385000+00:00,2026-01-06 06:39:51.008466+00:00,590.385,0.93,0.92,0.94,0.07,0.06,0.08,,,,
2026-01-06 06:39:51.868000+00:00,2026-01-06 06:39:52.014708+00:00,591.868,0.945,0.94,0.95,0.055,0.05,0.06,,,,
2026-01-06 06:39:52.894000+00:00,2026-01-06 06:39:53.017079+00:00,592.894,0.935,0.92,0.95,0.055,0.05,0.06,,,,
2026-01-06 06:39:53.825000+00:00,2026-01-06 06:39:54.026427+00:00,593.825,0.945,0.94,0.95,0.055,0.05,0.06,,,,
2026-01-06 06:39:54.883000+00:00,2026-01-06 06:39:55.047144+00:00,594.883,0.945,0.94,0.95,0.055,0.05,0.06,,,,
2026-01-06 06:39:55.824000+00:00,2026-01-06 06:39:56.058340+00:00,595.824,0.935,0.92,0.95,0.065,0.05,0.08,,,,
2026-01-06 06:39:56.857000+00:00,2026-01-06 06:39:57.060318+00:00,596.857,0.94,0.93,0.95,0.06,0.05,0.07,,,,
2026-01-06 06:39:57.865000+00:00,2026-01-06 06:39:58.060238+00:00,597.865,0.94,0.93,0.95,0.065,0.05,0.08,,,,
2026-01-06 06:39:58.900000+00:00,2026-01-06 06:39:59.075743+00:00,598.9,0.935,0.92,0.95,0.065,0.05,0.08,,,,
2026-01-06 06:39:59.899000+00:00,2026-01-06 06:40:00.075441+00:00,599.899,0.935,0.92,0.95,0.065,0.05,0.08,,,,
2026-01-06 06:40:00.951000+00:00,2026-01-06 06:40:01.084081+00:00,600.951,0.945,0.94,0.95,0.055,0.05,0.06,,,,
2026-01-06 06:40:01.956000+00:00,2026-01-06 06:40:02.078355+00:00,601.956,0.94,0.93,0.95,0.065,0.05,0.08,,,,
2026-01-06 06:40:02.948000+00:00,2026-01-06 06:40:03.076825+00:00,602.948,0.93,0.92,0.94,0.07,0.06,0.08,,,,
2026-01-06 06:40:03.817000+00:00,2026-01-06 06:40:04.092324+00:00,603.817,0.93,0.92,0.94,0.07,0.06,0.08,,,,
2026-01-06 06:40:04.976000+00:00,2026-01-06 06:40:05.101254+00:00,604.976,0.915,0.91,0.92,0.0849999999999999,0.08,0.09,,,,
2026-01-06 06:40:05.911000+00:00,2026-01-06 06:40:06.121221+00:00,605.911,0.915,0.91,0.92,0.0849999999999999,0.08,0.09,,,,
2026-01-06 06:40:07.992000+00:00,2026-01-06 06:40:08.159409+00:00,607.992,0.93,0.92,0.94,0.07,0.06,0.08,,,,
2026-01-06 06:40:09.060000+00:00,2026-01-06 06:40:09.157697+00:00,609.06,0.93,0.92,0.94,0.07,0.06,0.08,,,,
2026-01-06 06:40:10.908000+00:00,2026-01-06 06:40:11.160728+00:00,610.908,0.93,0.92,0.94,0.07,0.06,0.08,,,,
2026-01-06 06:40:12.979000+00:00,2026-01-06 06:40:13.173316+00:00,612.979,0.93,0.92,0.94,0.07,0.06,0.08,,,,
2026-01-06 06:40:14.026000+00:00,2026-01-06 06:40:14.178776+00:00,614.026,0.93,0.92,0.94,0.07,0.06,0.08,,,,
2026-01-06 06:40:15.064000+00:00,2026-01-06 06:40:15.186248+00:00,615.064,0.955,0.95,0.96,0.045,0.04,0.05,,,,
2026-01-06 06:40:16.011000+00:00,2026-01-06 06:40:16.192703+00:00,616.011,0.965,0.96,0.97,0.035,0.03,0.04,,,,
2026-01-06 06:40:17.025000+00:00,2026-01-06 06:40:17.190662+00:00,617.025,0.955,0.95,0.96,0.045,0.04,0.05,,,,
2026-01-06 06:40:18.064000+00:00,2026-01-06 06:40:18.189516+00:00,618.064,0.95,0.94,0.96,0.05,0.04,0.06,,,,
2026-01-06 06:40:19.944000+00:00,2026-01-06 06:40:20.211377+00:00,619.944,0.95,0.94,0.96,0.05,0.04,0.06,,,,
2026-01-06 06:40:21.915000+00:00,2026-01-06 06:40:22.227516+00:00,621.915,0.955,0.95,0.96,0.045,0.04,0.05,,,,
2026-01-06 06:40:23.104000+00:00,2026-01-06 06:40:23.226223+00:00,623.104,0.955,0.95,0.96,0.04,0.03,0.05,,,,
2026-01-06 06:40:24.044000+00:00,2026-01-06 06:40:24.226713+00:00,624.044,0.975,0.97,0.98,0.025,0.02,0.03,,,,
2026-01-06 06:40:25.868000+00:00,2026-01-06 06:40:26.231264+00:00,625.868,0.965,0.96,0.97,0.015,0.01,0.02,,,,
2026-01-06 06:40:27.061000+00:00,2026-01-06 06:40:27.241643+00:00,627.061,0.985,0.98,0.99,0.015,0.01,0.02,,,,
2026-01-06 06:40:28.147000+00:00,2026-01-06 06:40:28.241104+00:00,628.147,0.985,0.98,0.99,0.015,0.01,0.02,,,,
2026-01-06 06:40:29.098000+00:00,2026-01-06 06:40:29.254449+00:00,629.098,0.985,0.98,0.99,0.015,0.01,0.02,,,,
2026-01-06 06:40:30.156000+00:00,2026-01-06 06:40:30.276489+00:00,630.156,0.985,0.98,0.99,0.015,0.01,0.02,,,,
2026-01-06 06:40:31.019000+00:00,2026-01-06 06:40:31.292561+00:00,631.019,0.985,0.98,0.99,0.015,0.01,0.02,,,,
2026-01-06 06:40:32.759000+00:00,2026-01-06 06:40:33.296353+00:00,632.759,0.985,0.98,0.99,0.015,0.01,0.02,,,,
2026-01-06 06:40:34.157000+00:00,2026-01-06 06:40:34.301000+00:00,634.157,0.985,0.98,0.99,0.015,0.01,0.02,,,,
2026-01-06 06:40:35.009000+00:00,2026-01-06 06:40:35.311703+00:00,635.009,0.985,0.98,0.99,0.015,0.01,0.02,,,,
2026-01-06 06:40:36.749000+00:00,2026-01-06 06:40:37.316727+00:00,636.749,0.975,0.97,0.98,0.025,0.02,0.03,,,,
2026-01-06 06:40:38.143000+00:00,2026-01-06 06:40:38.326808+00:00,638.143,0.98,0.97,0.99,0.02,0.01,0.03,,,,
2026-01-06 06:40:39.069000+00:00,2026-01-06 06:40:39.324795+00:00,639.069,0.975,0.97,0.98,0.025,0.02,0.03,,,,
2026-01-06 06:40:40.026000+00:00,2026-01-06 06:40:40.330030+00:00,640.026,0.985,0.98,0.99,0.015,0.01,0.02,,,,
2026-01-06 06:40:41.057000+00:00,2026-01-06 06:40:41.324021+00:00,641.057,0.97,0.96,0.98,0.03,0.02,0.04,,,,
2026-01-06 06:40:42.168000+00:00,2026-01-06 06:40:42.324513+00:00,642.168,0.97,0.96,0.98,0.03,0.02,0.04,,,,
2026-01-06 06:40:43.912000+00:00,2026-01-06 06:40:44.346044+00:00,643.912,0.975,0.97,0.98,0.025,0.02,0.03,,,,
2026-01-06 06:40:44.651000+00:00,2026-01-06 06:40:45.348514+00:00,644.651,0.975,0.97,0.98,0.025,0.02,0.03,,,,
2026-01-06 06:40:46.229000+00:00,2026-01-06 06:40:46.363948+00:00,646.229,0.985,0.98,0.99,0.025,0.02,0.03,,,,
2026-01-06 06:40:47.232000+00:00,2026-01-06 06:40:47.357399+00:00,647.232,0.975,0.97,0.98,0.025,0.02,0.03,,,,
2026-01-06 06:40:48.654000+00:00,2026-01-06 06:40:49.356854+00:00,648.654,0.97,0.96,0.98,0.03,0.02,0.04,,,,
2026-01-06 06:40:50.237000+00:00,2026-01-06 06:40:50.374319+00:00,650.237,0.975,0.96,0.99,0.025,0.01,0.04,,,,
2026-01-06 06:40:51.340000+00:00,2026-01-06 06:40:51.379172+00:00,651.34,0.98,0.97,0.99,0.015,0.01,0.02,,,,
2026-01-06 06:40:52.015000+00:00,2026-01-06 06:40:52.390765+00:00,652.015,0.975,0.97,0.98,0.025,0.02,0.03,,,,
2026-01-06 06:40:53.043000+00:00,2026-01-06 06:40:53.407046+00:00,653.043,0.98,0.97,0.99,0.015,0.01,0.02,,,,
2026-01-06 06:40:54.015000+00:00,2026-01-06 06:40:54.413944+00:00,654.015,0.985,0.98,0.99,0.015,0.01,0.02,,,,
2026-01-06 06:40:55.256000+00:00,2026-01-06 06:40:55.414348+00:00,655.256,0.98,0.97,0.99,0.02,0.01,0.03,,,,
2026-01-06 06:40:56.817000+00:00,2026-01-06 06:40:57.429514+00:00,656.817,0.98,0.97,0.99,0.02,0.01,0.03,,,,
2026-01-06 06:40:58.106000+00:00,2026-01-06 06:40:58.431460+00:00,658.106,0.975,0.97,0.98,0.025,0.02,0.03,,,,
2026-01-06 06:40:59.259000+00:00,2026-01-06 06:40:59.423210+00:00,659.259,0.975,0.97,0.98,0.025,0.02,0.03,,,,
2026-01-06 06:41:00.276000+00:00,2026-01-06 06:41:00.420208+00:00,660.276,0.975,0.96,0.99,0.025,0.01,0.04,,,,
2026-01-06 06:41:01.308000+00:00,2026-01-06 06:41:01.433008+00:00,661.308,0.985,0.98,0.99,0.015,0.01,0.02,,,,
2026-01-06 06:41:02.294000+00:00,2026-01-06 06:41:02.422561+00:00,662.294,0.98,0.97,0.99,0.025,0.02,0.03,,,,
2026-01-06 06:41:03.286000+00:00,2026-01-06 06:41:03.428673+00:00,663.286,0.98,0.97,0.99,0.03,0.02,0.04,,,,
2026-01-06 06:41:04.289000+00:00,2026-01-06 06:41:04.430794+00:00,664.289,0.96,0.95,0.97,0.04,0.03,0.05,,,,
2026-01-06 06:41:05.278000+00:00,2026-01-06 06:41:05.440784+00:00,665.278,0.965,0.95,0.98,0.035,0.02,0.05,,,,
2026-01-06 06:41:06.262000+00:00,2026-01-06 06:41:06.457016+00:00,666.262,0.96,0.95,0.97,0.04,0.03,0.05,,,,
2026-01-06 06:41:07.326000+00:00,2026-01-06 06:41:07.472618+00:00,667.326,0.955,0.95,0.96,0.045,0.04,0.05,,,,
2026-01-06 06:41:08.357000+00:00,2026-01-06 06:41:08.484185+00:00,668.357,0.955,0.95,0.96,0.045,0.04,0.05,,,,
2026-01-06 06:41:09.363000+00:00,2026-01-06 06:41:09.489243+00:00,669.363,0.965,0.96,0.97,0.035,0.03,0.04,,,,
2026-01-06 06:41:10.157000+00:00,2026-01-06 06:41:10.511547+00:00,670.157,0.95,0.94,0.96,0.05,0.04,0.06,,,,
2026-01-06 06:41:11.325000+00:00,2026-01-06 06:41:11.525772+00:00,671.325,0.95,0.94,0.96,0.05,0.04,0.06,,,,
2026-01-06 06:41:12.401000+00:00,2026-01-06 06:41:12.522138+00:00,672.401,0.945,0.94,0.95,0.055,0.05,0.06,,,,
2026-01-06 06:41:13.409000+00:00,2026-01-06 06:41:13.528846+00:00,673.409,0.95,0.94,0.96,0.05,0.04,0.06,,,,
2026-01-06 06:41:14.041000+00:00,2026-01-06 06:41:14.540422+00:00,674.041,0.95,0.94,0.96,0.05,0.04,0.06,,,,
2026-01-06 06:41:15.406000+00:00,2026-01-06 06:41:15.562365+00:00,675.406,0.95,0.94,0.96,0.05,0.04,0.06,,,,
2026-01-06 06:41:16.302000+00:00,2026-01-06 06:41:16.565410+00:00,676.302,0.955,0.94,0.97,0.045,0.03,0.06,,,,
2026-01-06 06:41:17.443000+00:00,2026-01-06 06:41:17.572637+00:00,677.443,0.95,0.94,0.96,0.05,0.04,0.06,,,,
2026-01-06 06:41:18.146000+00:00,2026-01-06 06:41:18.587974+00:00,678.146,0.95,0.94,0.96,0.05,0.04,0.06,,,,
2026-01-06 06:41:19.458000+00:00,2026-01-06 06:41:19.594393+00:00,679.458,0.975,0.97,0.98,0.025,0.02,0.03,,,,
2026-01-06 06:41:20.441000+00:00,2026-01-06 06:41:20.606580+00:00,680.441,0.975,0.97,0.98,0.025,0.02,0.03,,,,
2026-01-06 06:41:21.498000+00:00,2026-01-06 06:41:21.633193+00:00,681.498,0.975,0.97,0.98,0.025,0.02,0.03,,,,
2026-01-06 06:41:22.513000+00:00,2026-01-06 06:41:22.640025+00:00,682.513,0.975,0.97,0.98,0.025,0.02,0.03,,,,
2026-01-06 06:41:23.417000+00:00,2026-01-06 06:41:23.637195+00:00,683.417,0.975,0.97,0.98,0.025,0.02,0.03,,,,
2026-01-06 06:41:24.510000+00:00,2026-01-06 06:41:24.646010+00:00,684.51,0.975,0.97,0.98,0.025,0.02,0.03,,,,
2026-01-06 06:41:25.490000+00:00,2026-01-06 06:41:25.639867+00:00,685.49,0.975,0.97,0.98,0.025,0.02,0.03,,,,
2026-01-06 06:41:26.345000+00:00,2026-01-06 06:41:26.643269+00:00,686.345,0.975,0.97,0.98,0.025,0.02,0.03,,,,
2026-01-06 06:41:27.196000+00:00,2026-01-06 06:41:27.655715+00:00,687.196,0.975,0.97,0.98,0.025,0.02,0.03,,,,
2026-01-06 06:41:28.465000+00:00,2026-01-06 06:41:28.670259+00:00,688.465,0.975,0.97,0.98,0.025,0.02,0.03,,,,
2026-01-06 06:41:29.554000+00:00,2026-01-06 06:41:29.683378+00:00,689.554,0.985,0.98,0.99,0.015,0.01,0.02,,,,
2026-01-06 06:41:30.543000+00:00,2026-01-06 06:41:30.694123+00:00,690.543,0.985,0.98,0.99,0.015,0.01,0.02,,,,
2026-01-06 06:41:31.175000+00:00,2026-01-06 06:41:31.705294+00:00,691.175,0.985,0.98,0.99,0.015,0.01,0.02,,,,
2026-01-06 06:41:32.508000+00:00,2026-01-06 06:41:32.704078+00:00,692.508,0.985,0.98,0.99,0.015,0.01,0.02,,,,
2026-01-06 06:41:33.557000+00:00,2026-01-06 06:41:33.711939+00:00,693.557,0.985,0.98,0.99,0.015,0.01,0.02,,,,
2026-01-06 06:41:34.584000+00:00,2026-01-06 06:41:34.706002+00:00,694.584,0.975,0.97,0.98,0.025,0.02,0.03,,,,
2026-01-06 06:41:35.576000+00:00,2026-01-06 06:41:35.708660+00:00,695.576,0.975,0.97,0.98,0.025,0.02,0.03,,,,
2026-01-06 06:41:36.578000+00:00,2026-01-06 06:41:36.707044+00:00,696.578,0.985,0.98,0.99,0.015,0.01,0.02,,,,
2026-01-06 06:41:37.409000+00:00,2026-01-06 06:41:37.721637+00:00,697.409,0.985,0.98,0.99,0.015,0.01,0.02,,,,
2026-01-06 06:41:38.395000+00:00,2026-01-06 06:41:38.738478+00:00,698.395,0.985,0.98,0.99,0.015,0.01,0.02,,,,
2026-01-06 06:41:39.599000+00:00,2026-01-06 06:41:39.742240+00:00,699.599,0.985,0.98,0.99,0.015,0.01,0.02,,,,
2026-01-06 06:41:40.593000+00:00,2026-01-06 06:41:40.756732+00:00,700.593,0.985,0.98,0.99,0.015,0.01,0.02,,,,
2026-01-06 06:41:41.554000+00:00,2026-01-06 06:41:41.772919+00:00,701.554,0.985,0.98,0.99,0.015,0.01,0.02,,,,
2026-01-06 06:41:42.470000+00:00,2026-01-06 06:41:42.789457+00:00,702.47,0.985,0.98,0.99,0.015,0.01,0.02,,,,
2026-01-06 06:41:43.385000+00:00,2026-01-06 06:41:43.800171+00:00,703.385,0.985,0.98,0.99,0.015,0.01,0.02,,,,
2026-01-06 06:41:44.436000+00:00,2026-01-06 06:41:44.805574+00:00,704.436,0.985,0.98,0.99,0.015,0.01,0.02,,,,
2026-01-06 06:41:45.346000+00:00,2026-01-06 06:41:45.821526+00:00,705.346,0.985,0.98,0.99,0.015,0.01,0.02,,,,
2026-01-06 06:41:46.627000+00:00,2026-01-06 06:41:46.832029+00:00,706.627,0.985,0.98,0.99,0.015,0.01,0.02,,,,
2026-01-06 06:41:47.165000+00:00,2026-01-06 06:41:47.831929+00:00,707.165,0.985,0.98,0.99,0.015,0.01,0.02,,,,
2026-01-06 06:41:48.524000+00:00,2026-01-06 06:41:48.850130+00:00,708.524,0.985,0.98,0.99,0.015,0.01,0.02,,,,
2026-01-06 06:41:49.602000+00:00,2026-01-06 06:41:49.855409+00:00,709.602,0.985,0.98,0.99,0.015,0.01,0.02,,,,
2026-01-06 06:41:50.592000+00:00,2026-01-06 06:41:50.846230+00:00,710.592,0.985,0.98,0.99,0.015,0.01,0.02,,,,
2026-01-06 06:41:51.633000+00:00,2026-01-06 06:41:51.855278+00:00,711.633,0.985,0.98,0.99,0.015,0.01,0.02,,,,
2026-01-06 06:41:52.745000+00:00,2026-01-06 06:41:52.869730+00:00,712.745,0.985,0.98,0.99,0.015,0.01,0.02,,,,
2026-01-06 06:41:53.754000+00:00,2026-01-06 06:41:53.875553+00:00,713.754,0.985,0.98,0.99,0.015,0.01,0.02,,,,
2026-01-06 06:41:54.740000+00:00,2026-01-06 06:41:54.887332+00:00,714.74,0.985,0.98,0.99,0.015,0.01,0.02,,,,
2026-01-06 06:41:55.567000+00:00,2026-01-06 06:41:55.890905+00:00,715.567,0.985,0.98,0.99,0.015,0.01,0.02,,,,
2026-01-06 06:41:56.484000+00:00,2026-01-06 06:41:56.904740+00:00,716.484,0.985,0.98,0.99,0.015,0.01,0.02,,,,
2026-01-06 06:41:57.726000+00:00,2026-01-06 06:41:57.920824+00:00,717.726,0.985,0.98,0.99,0.015,0.01,0.02,,,,
2026-01-06 06:41:58.594000+00:00,2026-01-06 06:41:58.909115+00:00,718.594,0.985,0.98,0.99,0.015,0.01,0.02,,,,
2026-01-06 06:41:59.774000+00:00,2026-01-06 06:41:59.903692+00:00,719.774,0.985,0.98,0.99,0.015,0.01,0.02,,,,
2026-01-06 06:42:00.630000+00:00,2026-01-06 06:42:00.916817+00:00,720.63,0.985,0.98,0.99,0.015,0.01,0.02,,,,
2026-01-06 06:42:01.772000+00:00,2026-01-06 06:42:01.920781+00:00,721.772,0.985,0.98,0.99,0.015,0.01,0.02,,,,
2026-01-06 06:42:02.613000+00:00,2026-01-06 06:42:02.936943+00:00,722.613,0.985,0.98,0.99,0.015,0.01,0.02,,,,
2026-01-06 06:42:03.756000+00:00,2026-01-06 06:42:03.949999+00:00,723.756,0.99,0.99,,0.01,,0.01,,,,
2026-01-06 06:42:04.832000+00:00,2026-01-06 06:42:04.970476+00:00,724.832,0.99,0.99,,0.01,,0.01,,,,
2026-01-06 06:42:05.431000+00:00,2026-01-06 06:42:05.970796+00:00,725.431,0.99,0.99,,0.01,,0.01,,,,
2026-01-06 06:42:06.425000+00:00,2026-01-06 06:42:06.962201+00:00,726.425,0.99,0.99,,0.01,,0.01,,,,
2026-01-06 06:42:07.600000+00:00,2026-01-06 06:42:07.974221+00:00,727.6,0.99,0.99,,0.01,,0.01,,,,
2026-01-06 06:42:08.632000+00:00,2026-01-06 06:42:08.971114+00:00,728.632,0.99,0.99,,0.01,,0.01,,,,
2026-01-06 06:42:09.763000+00:00,2026-01-06 06:42:09.985903+00:00,729.763,0.99,0.99,,0.01,,0.01,,,,
2026-01-06 06:42:10.003000+00:00,2026-01-06 06:42:11.006273+00:00,730.003,0.99,0.99,,0.01,,0.01,,,,
2026-01-06 06:42:11.250000+00:00,2026-01-06 06:42:12.012908+00:00,731.25,0.99,0.99,,0.01,,0.01,,,,
2026-01-06 06:42:12.791000+00:00,2026-01-06 06:42:13.012859+00:00,732.791,0.99,0.99,,0.01,,0.01,,,,
2026-01-06 06:42:13.461000+00:00,2026-01-06 06:42:14.028723+00:00,733.461,0.99,0.99,,0.01,,0.01,,,,
2026-01-06 06:42:14.745000+00:00,2026-01-06 06:42:15.036698+00:00,734.745,0.99,0.99,,0.01,,0.01,,,,
2026-01-06 06:42:15.104000+00:00,2026-01-06 06:42:16.035687+00:00,735.104,0.99,0.99,,0.01,,0.01,,,,
2026-01-06 06:42:16.685000+00:00,2026-01-06 06:42:17.051688+00:00,736.685,0.99,0.99,,0.01,,0.01,,,,
2026-01-06 06:42:17.916000+00:00,2026-01-06 06:42:18.052633+00:00,737.916,0.99,0.99,,0.01,,0.01,,,,
2026-01-06 06:42:18.224000+00:00,2026-01-06 06:42:19.051727+00:00,738.224,0.99,0.99,,0.01,,0.01,,,,
2026-01-06 06:42:19.930000+00:00,2026-01-06 06:42:20.058024+00:00,739.93,0.99,0.99,,0.01,,0.01,,,,
2026-01-06 06:42:20.409000+00:00,2026-01-06 06:42:21.056478+00:00,740.409,0.99,0.99,,0.01,,0.01,,,,
2026-01-06 06:42:21.777000+00:00,2026-01-06 06:42:22.079996+00:00,741.777,0.99,0.99,,0.01,,0.01,,,,
2026-01-06 06:42:23.926000+00:00,2026-01-06 06:42:24.086951+00:00,743.926,0.99,0.99,,0.01,,0.01,,,,
2026-01-06 06:42:24.488000+00:00,2026-01-06 06:42:25.087127+00:00,744.488,0.99,0.99,,0.01,,0.01,,,,
2026-01-06 06:42:25.738000+00:00,2026-01-06 06:42:27.092309+00:00,745.738,0.99,0.99,,0.01,,0.01,,,,
2026-01-06 06:42:27.904000+00:00,2026-01-06 06:42:29.120018+00:00,747.904,0.99,0.99,,0.01,,0.01,,,,
2026-01-06 06:42:29.936000+00:00,2026-01-06 06:42:30.135227+00:00,749.936,0.99,0.99,,0.01,,0.01,,,,
2026-01-06 06:42:30.749000+00:00,2026-01-06 06:42:31.152097+00:00,750.749,0.99,0.99,,0.01,,0.01,,,,
2026-01-06 06:42:31.878000+00:00,2026-01-06 06:42:32.166866+00:00,751.878,0.99,0.99,,0.01,,0.01,,,,
2026-01-06 06:42:32.879000+00:00,2026-01-06 06:42:33.168491+00:00,752.879,0.99,0.99,,0.01,,0.01,,,,
2026-01-06 06:42:34.001000+00:00,2026-01-06 06:42:34.185039+00:00,754.001,0.99,0.99,,0.01,,0.01,,,,
2026-01-06 06:42:35.972000+00:00,2026-01-06 06:42:36.216971+00:00,755.972,0.99,0.99,,0.01,,0.01,,,,
2026-01-06 06:42:36.774000+00:00,2026-01-06 06:42:37.237023+00:00,756.774,0.99,0.99,,0.01,,0.01,,,,
2026-01-06 06:42:38.137000+00:00,2026-01-06 06:42:38.255061+00:00,758.137,0.99,0.99,,0.01,,0.01,,,,
2026-01-06 06:42:39.136000+00:00,2026-01-06 06:42:39.271518+00:00,759.136,0.99,0.99,,0.01,,0.01,,,,
2026-01-06 06:42:40.085000+00:00,2026-01-06 06:42:40.272011+00:00,760.085,0.99,0.99,,0.01,,0.01,,,,
2026-01-06 06:42:41.074000+00:00,2026-01-06 06:42:42.272382+00:00,761.074,0.99,0.99,,0.01,,0.01,,,,
2026-01-06 06:42:42.321000+00:00,2026-01-06 06:42:43.279152+00:00,762.321,0.99,0.99,,0.01,,0.01,,,,
2026-01-06 06:42:43.674000+00:00,2026-01-06 06:42:44.285170+00:00,763.674,0.99,0.99,,0.01,,0.01,,,,
2026-01-06 06:42:45.112000+00:00,2026-01-06 06:42:46.302147+00:00,765.112,0.99,0.99,,0.01,,0.01,,,,
2026-01-06 06:42:46.920000+00:00,2026-01-06 06:42:47.302314+00:00,766.92,0.99,0.99,,0.01,,0.01,,,,
2026-01-06 06:42:47.387000+00:00,2026-01-06 06:42:48.302119+00:00,767.387,0.99,0.99,,0.01,,0.01,,,,
2026-01-06 06:42:49.552000+00:00,2026-01-06 06:42:50.309525+00:00,769.552,0.99,0.99,,0.01,,0.01,,,,
2026-01-06 06:42:50.699000+00:00,2026-01-06 06:42:54.322542+00:00,770.699,0.99,0.99,,0.01,,0.01,,,,
2026-01-06 06:42:54.356000+00:00,2026-01-06 06:42:55.329397+00:00,774.356,0.99,0.99,,0.01,,0.01,,,,
2026-01-06 06:42:55.625000+00:00,2026-01-06 06:42:59.360364+00:00,775.625,0.99,0.99,,0.01,,0.01,,,,
2026-01-06 06:43:00.192000+00:00,2026-01-06 06:43:00.367715+00:00,780.192,0.99,0.99,,0.01,,0.01,,,,
2026-01-06 06:43:01.191000+00:00,2026-01-06 06:43:01.369308+00:00,781.191,0.99,0.99,,0.01,,0.01,,,,
2026-01-06 06:43:02.195000+00:00,2026-01-06 06:43:02.375236+00:00,782.195,0.99,0.99,,0.01,,0.01,,,,
2026-01-06 06:43:03.201000+00:00,2026-01-06 06:43:03.375061+00:00,783.201,0.99,0.99,,0.01,,0.01,,,,
2026-01-06 06:43:04.202000+00:00,2026-01-06 06:43:04.386004+00:00,784.202,0.99,0.99,,0.01,,0.01,,,,
2026-01-06 06:43:05.204000+00:00,2026-01-06 06:43:05.391641+00:00,785.204,0.99,0.99,,0.01,,0.01,,,,
2026-01-06 06:43:06.210000+00:00,2026-01-06 06:43:06.404015+00:00,786.21,0.99,0.99,,0.01,,0.01,,,,
2026-01-06 06:43:07.020000+00:00,2026-01-06 06:43:07.401066+00:00,787.02,0.99,0.99,,0.01,,0.01,,,,
2026-01-06 06:43:08.080000+00:00,2026-01-06 06:43:09.419202+00:00,788.08,0.99,0.99,,0.01,,0.01,,,,
2026-01-06 06:43:10.055000+00:00,2026-01-06 06:43:12.446879+00:00,790.055,0.99,0.99,,0.01,,0.01,,,,
2026-01-06 06:43:13.801000+00:00,2026-01-06 06:43:14.464671+00:00,793.801,0.99,0.99,,0.01,,0.01,,,,
2026-01-06 06:43:15+00:00,2026-01-06 06:43:15.471085+00:00,795.0,0.99,0.99,,0.01,,0.01,,,,
2026-01-06 06:43:16.274000+00:00,2026-01-06 06:43:16.474531+00:00,796.274,0.99,0.99,,0.01,,0.01,,,,
2026-01-06 06:43:17.075000+00:00,2026-01-06 06:43:18.473144+00:00,797.075,0.99,0.99,,0.01,,0.01,,,,
2026-01-06 06:43:19.385000+00:00,2026-01-06 06:43:20.495866+00:00,799.385,0.99,0.99,,0.01,,0.01,,,,
2026-01-06 06:43:21.521000+00:00,2026-01-06 06:43:22.531882+00:00,801.521,0.99,0.99,,0.01,,0.01,,,,
2026-01-06 06:43:23.415000+00:00,2026-01-06 06:43:24.554083+00:00,803.415,0.99,0.99,,0.01,,0.01,,,,
2026-01-06 06:43:24.653000+00:00,2026-01-06 06:43:25.552549+00:00,804.653,0.99,0.99,,0.01,,0.01,,,,
2026-01-06 06:43:26.382000+00:00,2026-01-06 06:43:26.569013+00:00,806.382,0.99,0.99,,0.01,,0.01,,,,
2026-01-06 06:43:27.125000+00:00,2026-01-06 06:43:27.560411+00:00,807.125,0.99,0.99,,0.01,,0.01,,,,
2026-01-06 06:43:28.354000+00:00,2026-01-06 06:43:30.584382+00:00,808.354,0.99,0.99,,0.01,,0.01,,,,
2026-01-06 06:43:31.183000+00:00,2026-01-06 06:43:31.606328+00:00,811.183,0.99,0.99,,0.01,,0.01,,,,
2026-01-06 06:43:32.159000+00:00,2026-01-06 06:43:34.601673+00:00,812.159,0.99,0.99,,0.01,,0.01,,,,
2026-01-06 06:43:35.373000+00:00,2026-01-06 06:43:35.617642+00:00,815.373,0.99,0.99,,0.01,,0.01,,,,
2026-01-06 06:43:36.279000+00:00,2026-01-06 06:43:36.632633+00:00,816.279,0.99,0.99,,0.01,,0.01,,,,
2026-01-06 06:43:37.477000+00:00,2026-01-06 06:43:37.635457+00:00,817.477,0.99,0.99,,0.01,,0.01,,,,
2026-01-06 06:43:38.181000+00:00,2026-01-06 06:43:39.663501+00:00,818.181,0.99,0.99,,0.01,,0.01,,,,
2026-01-06 06:43:39.664000+00:00,2026-01-06 06:43:40.669655+00:00,819.664,0.99,0.99,,0.01,,0.01,,,,
2026-01-06 06:43:41.268000+00:00,2026-01-06 06:43:41.682476+00:00,821.268,0.99,0.99,,0.01,,0.01,,,,
2026-01-06 06:43:42.469000+00:00,2026-01-06 06:43:42.698186+00:00,822.469,0.99,0.99,,0.01,,0.01,,,,
2026-01-06 06:43:43.252000+00:00,2026-01-06 06:43:43.699525+00:00,823.252,0.99,0.99,,0.01,,0.01,,,,
2026-01-06 06:43:44.262000+00:00,2026-01-06 06:43:44.699334+00:00,824.262,0.99,0.99,,0.01,,0.01,,,,
2026-01-06 06:43:45.264000+00:00,2026-01-06 06:43:45.698749+00:00,825.264,0.99,0.99,,0.01,,0.01,,,,
2026-01-06 06:43:46.268000+00:00,2026-01-06 06:43:46.698552+00:00,826.268,0.99,0.99,,0.01,,0.01,,,,
2026-01-06 06:43:47.268000+00:00,2026-01-06 06:43:47.715829+00:00,827.268,0.99,0.99,,0.01,,0.01,,,,
2026-01-06 06:43:48.553000+00:00,2026-01-06 06:43:51.731793+00:00,828.553,0.99,0.99,,0.01,,0.01,,,,
2026-01-06 06:43:51.913000+00:00,2026-01-06 06:43:52.735168+00:00,831.913,0.99,0.99,,0.01,,0.01,,,,
2026-01-06 06:43:53.550000+00:00,2026-01-06 06:43:53.747385+00:00,833.55,0.99,0.99,,0.01,,0.01,,,,
2026-01-06 06:43:54.472000+00:00,2026-01-06 06:43:55.765987+00:00,834.472,0.99,0.99,,0.01,,0.01,,,,
2026-01-06 06:43:56.367000+00:00,2026-01-06 06:43:57.802422+00:00,836.367,0.99,0.99,,0.01,,0.01,,,,
2026-01-06 06:43:58.474000+00:00,2026-01-06 06:43:58.813016+00:00,838.474,0.99,0.99,,0.01,,0.01,,,,
2026-01-06 06:43:59.285000+00:00,2026-01-06 06:43:59.830681+00:00,839.285,0.99,0.99,,0.01,,0.01,,,,
2026-01-06 06:44:00.695000+00:00,2026-01-06 06:44:01.080869+00:00,840.695,0.99,0.99,,0.01,,0.01,,,,
2026-01-06 06:44:01.170000+00:00,2026-01-06 06:44:02.876920+00:00,841.17,0.99,0.99,,0.01,,0.01,,,,
2026-01-06 06:44:03.020000+00:00,2026-01-06 06:44:03.882229+00:00,843.02,0.99,0.99,,0.01,,0.01,,,,
2026-01-06 06:44:04.771000+00:00,2026-01-06 06:44:04.902135+00:00,844.771,0.99,0.99,,0.01,,0.01,,,,
2026-01-06 06:44:05.090000+00:00,2026-01-06 06:44:06.887704+00:00,845.09,0.99,0.99,,0.01,,0.01,,,,
2026-01-06 06:44:07.770000+00:00,2026-01-06 06:44:08.933517+00:00,847.77,0.99,0.99,,0.01,,0.01,,,,
2026-01-06 06:44:09.537000+00:00,2026-01-06 06:44:09.949350+00:00,849.537,0.99,0.99,,0.01,,0.01,,,,
2026-01-06 06:44:10.417000+00:00,2026-01-06 06:44:10.969827+00:00,850.417,0.99,0.99,,0.01,,0.01,,,,
2026-01-06 06:44:11.385000+00:00,2026-01-06 06:44:12.980351+00:00,851.385,0.99,0.99,,0.01,,0.01,,,,
2026-01-06 06:44:13.625000+00:00,2026-01-06 06:44:14.998382+00:00,853.625,0.99,0.99,,0.01,,0.01,,,,
2026-01-06 06:44:15.707000+00:00,2026-01-06 06:44:16.008102+00:00,855.707,0.99,0.99,,0.01,,0.01,,,,
2026-01-06 06:44:16.885000+00:00,2026-01-06 06:44:18.022906+00:00,856.885,0.99,0.99,,0.01,,0.01,,,,
2026-01-06 06:44:18.545000+00:00,2026-01-06 06:44:19.031978+00:00,858.545,0.99,0.99,,0.01,,0.01,,,,
2026-01-06 06:44:19.837000+00:00,2026-01-06 06:44:21.033397+00:00,859.837,0.99,0.99,,0.01,,0.01,,,,
2026-01-06 06:44:21.146000+00:00,2026-01-06 06:44:22.031149+00:00,861.146,0.99,0.99,,0.01,,0.01,,,,
2026-01-06 06:44:22.504000+00:00,2026-01-06 06:44:25.066097+00:00,862.504,0.99,0.99,,0.01,,0.01,,,,
2026-01-06 06:44:25.243000+00:00,2026-01-06 06:44:26.073274+00:00,865.243,0.99,0.99,,0.01,,0.01,,,,
2026-01-06 06:44:26.446000+00:00,2026-01-06 06:44:29.112622+00:00,866.446,0.99,0.99,,0.01,,0.01,,,,
2026-01-06 06:44:29.554000+00:00,2026-01-06 06:44:31.147642+00:00,869.554,0.99,0.99,,0.01,,0.01,,,,
2026-01-06 06:44:31.434000+00:00,2026-01-06 06:44:32.149303+00:00,871.434,0.99,0.99,,0.01,,0.01,,,,
2026-01-06 06:44:32.878000+00:00,2026-01-06 06:44:33.150557+00:00,872.878,0.99,0.99,,0.01,,0.01,,,,
2026-01-06 06:44:33.105000+00:00,2026-01-06 06:44:34.165015+00:00,873.105,0.99,0.99,,0.01,,0.01,,,,
2026-01-06 06:44:35.035000+00:00,2026-01-06 06:44:35.165798+00:00,875.035,0.99,0.99,,0.01,,0.01,,,,
2026-01-06 06:44:36.001000+00:00,2026-01-06 06:44:36.181224+00:00,876.001,0.99,0.99,,0.01,,0.01,,,,
2026-01-06 06:44:37.892000+00:00,2026-01-06 06:44:38.192423+00:00,877.892,0.9945,0.99,0.999,0.0055,0.001,0.01,,,,
2026-01-06 06:44:39.001000+00:00,2026-01-06 06:44:39.207999+00:00,879.001,0.9945,0.99,0.999,0.0055,0.001,0.01,,,,
2026-01-06 06:44:40.860000+00:00,2026-01-06 06:44:41.223336+00:00,880.86,0.9945,0.99,0.999,0.0055,0.001,0.01,,,,
2026-01-06 06:44:41.990000+00:00,2026-01-06 06:44:42.228280+00:00,881.99,0.9945,0.99,0.999,0.0055,0.001,0.01,,,,
2026-01-06 06:44:42.884000+00:00,2026-01-06 06:44:43.227500+00:00,882.884,0.9945,0.99,0.999,0.0055,0.001,0.01,,,,
2026-01-06 06:44:44.001000+00:00,2026-01-06 06:44:44.233850+00:00,884.001,0.9945,0.99,0.999,0.0055,0.001,0.01,,,,
2026-01-06 06:44:45.050000+00:00,2026-01-06 06:44:45.248512+00:00,885.05,0.9945,0.99,0.999,0.0055,0.001,0.01,,,,
2026-01-06 06:44:46.849000+00:00,2026-01-06 06:44:47.265589+00:00,886.849,0.9945,0.99,0.999,0.0055,0.001,0.01,,,,
2026-01-06 06:44:47.686000+00:00,2026-01-06 06:44:48.280859+00:00,887.686,0.9945,0.99,0.999,0.0055,0.001,0.01,,,,
2026-01-06 06:44:48.526000+00:00,2026-01-06 06:44:50.310959+00:00,888.526,0.9945,0.99,0.999,0.0055,0.001,0.01,,,,
2026-01-06 06:44:50.872000+00:00,2026-01-06 06:44:51.314376+00:00,890.872,0.9945,0.99,0.999,0.0055,0.001,0.01,,,,
2026-01-06 06:44:52.004000+00:00,2026-01-06 06:44:52.323902+00:00,892.004,0.9945,0.99,0.999,0.0055,0.001,0.01,,,,
2026-01-06 06:44:53.154000+00:00,2026-01-06 06:44:53.330733+00:00,893.154,0.9945,0.99,0.999,0.0055,0.001,0.01,,,,
2026-01-06 06:44:54.177000+00:00,2026-01-06 06:44:54.337055+00:00,894.177,0.9945,0.99,0.999,0.0055,0.001,0.01,,,,
2026-01-06 06:44:55.052000+00:00,2026-01-06 06:44:55.348110+00:00,895.052,0.9945,0.99,0.999,0.0055,0.001,0.01,,,,
2026-01-06 06:44:56.213000+00:00,2026-01-06 06:44:56.359179+00:00,896.213,0.9945,0.99,0.999,0.0055,0.001,0.01,,,,
2026-01-06 06:44:57.029000+00:00,2026-01-06 06:44:57.355911+00:00,897.029,0.999,0.999,,0.001,,0.001,,,,
2026-01-06 06:44:58.220000+00:00,2026-01-06 06:44:58.355830+00:00,898.22,0.999,0.999,,0.001,,0.001,,,,
2026-01-06 06:44:59.116000+00:00,2026-01-06 06:44:59.356746+00:00,899.116,0.999,0.999,,0.001,,0.001,,,,
