timestamp,collected_at,seconds,mid,bid,ask,asset
2026-01-06 09:15:00+00:00,2026-01-06 09:22:03.567425+00:00,0.0,3223.611,3223.46,3223.64,ETH
2026-01-06 09:15:01+00:00,2026-01-06 09:22:04.578791+00:00,1.0,3223.641,3223.45,3223.69,ETH
2026-01-06 09:15:02+00:00,2026-01-06 09:22:05.583689+00:00,2.0,3223.641,3223.45,3223.77,ETH
2026-01-06 09:15:03+00:00,2026-01-06 09:22:06.582968+00:00,3.0,3223.892,3223.7,3224.12,ETH
2026-01-06 09:15:04+00:00,2026-01-06 09:22:07.576848+00:00,4.0,3224.162,3223.95,3224.33,ETH
2026-01-06 09:15:05+00:00,2026-01-06 09:22:08.592503+00:00,5.0,3224.432,3224.2,3224.53,ETH
2026-01-06 09:15:06+00:00,2026-01-06 09:22:09.597688+00:00,6.0,3224.432,3224.19,3224.53,ETH
2026-01-06 09:15:07+00:00,2026-01-06 09:22:10.588831+00:00,7.0,3224.442,3224.17,3224.53,ETH
2026-01-06 09:15:08+00:00,2026-01-06 09:22:11.597857+00:00,8.0,3224.442,3224.16,3224.53,ETH
2026-01-06 09:15:09+00:00,2026-01-06 09:22:12.609451+00:00,9.0,3224.752,3224.51,3224.83,ETH
2026-01-06 09:15:10+00:00,2026-01-06 09:22:14.626312+00:00,10.0,3224.732,3224.51,3224.83,ETH
2026-01-06 09:15:11+00:00,2026-01-06 09:22:15.627343+00:00,11.0,3224.702,3224.5,3224.79,ETH
2026-01-06 09:15:12+00:00,2026-01-06 09:22:16.636047+00:00,12.0,3224.702,3224.49,3224.85,ETH
2026-01-06 09:15:13+00:00,2026-01-06 09:22:17.633374+00:00,13.0,3224.712,3224.49,3224.93,ETH
2026-01-06 09:15:14+00:00,2026-01-06 09:22:18.629267+00:00,14.0,3224.752,3224.51,3225.01,ETH
2026-01-06 09:15:15+00:00,2026-01-06 09:22:19.629349+00:00,15.0,3224.932,3224.68,3225.2,ETH
2026-01-06 09:15:16+00:00,2026-01-06 09:22:20.631781+00:00,16.0,3225.142,3224.88,3225.28,ETH
2026-01-06 09:15:17+00:00,2026-01-06 09:22:21.636984+00:00,17.0,3225.212,3224.94,3225.29,ETH
2026-01-06 09:15:18+00:00,2026-01-06 09:22:22.636352+00:00,18.0,3225.212,3224.96,3225.3,ETH
2026-01-06 09:15:19+00:00,2026-01-06 09:22:23.674103+00:00,19.0,3225.202,3224.97,3225.35,ETH
2026-01-06 09:15:20+00:00,2026-01-06 09:22:24.682779+00:00,20.0,3225.202,3224.97,3225.45,ETH
2026-01-06 09:15:22+00:00,2026-01-06 09:22:25.741375+00:00,22.0,3225.212,3224.99,3225.41,ETH
2026-01-06 09:15:23+00:00,2026-01-06 09:22:26.751041+00:00,23.0,3225.252,3224.99,3225.42,ETH
2026-01-06 09:15:24+00:00,2026-01-06 09:22:27.744078+00:00,24.0,3225.222,3224.99,3225.36,ETH
2026-01-06 09:15:25+00:00,2026-01-06 09:22:28.732071+00:00,25.0,3225.152,3224.97,3225.44,ETH
2026-01-06 09:15:26+00:00,2026-01-06 09:22:29.747072+00:00,26.0,3225.202,3224.95,3225.39,ETH
2026-01-06 09:15:27+00:00,2026-01-06 09:22:30.770733+00:00,27.0,3225.202,3224.95,3225.25,ETH
2026-01-06 09:15:28+00:00,2026-01-06 09:22:31.760426+00:00,28.0,3225.202,3224.95,3225.38,ETH
2026-01-06 09:15:29+00:00,2026-01-06 09:22:32.782215+00:00,29.0,3225.192,3224.95,3225.42,ETH
2026-01-06 09:15:30+00:00,2026-01-06 09:22:33.795273+00:00,30.0,3225.032,3224.92,3225.39,ETH
2026-01-06 09:15:31+00:00,2026-01-06 09:22:34.782952+00:00,31.0,3225.032,3224.87,3225.27,ETH
2026-01-06 09:15:32+00:00,2026-01-06 09:22:35.782899+00:00,32.0,3225.012,3224.87,3225.04,ETH
2026-01-06 09:15:33+00:00,2026-01-06 09:22:36.800970+00:00,33.0,3224.892,3224.64,3225.01,ETH
2026-01-06 09:15:34+00:00,2026-01-06 09:22:38.841025+00:00,34.0,3224.892,3224.62,3225.02,ETH
2026-01-06 09:15:35+00:00,2026-01-06 09:22:39.829406+00:00,35.0,3224.892,3224.63,3225.03,ETH
2026-01-06 09:15:36+00:00,2026-01-06 09:22:40.834676+00:00,36.0,3224.892,3224.62,3225.03,ETH
2026-01-06 09:15:37+00:00,2026-01-06 09:22:41.826538+00:00,37.0,3224.922,3224.66,3225.0,ETH
2026-01-06 09:15:38+00:00,2026-01-06 09:22:42.833926+00:00,38.0,3224.962,3224.71,3225.11,ETH
2026-01-06 09:15:39+00:00,2026-01-06 09:22:43.852342+00:00,39.0,3225.012,3224.74,3225.28,ETH
2026-01-06 09:15:40+00:00,2026-01-06 09:22:44.833119+00:00,40.0,3225.072,3224.85,3225.25,ETH
2026-01-06 09:15:41+00:00,2026-01-06 09:22:45.850420+00:00,41.0,3225.132,3224.98,3225.26,ETH
2026-01-06 09:15:42+00:00,2026-01-06 09:22:46.846989+00:00,42.0,3225.152,3225.01,3225.34,ETH
2026-01-06 09:15:43+00:00,2026-01-06 09:22:47.846723+00:00,43.0,3225.152,3225.0,3225.33,ETH
2026-01-06 09:15:44+00:00,2026-01-06 09:22:48.852683+00:00,44.0,3225.152,3224.99,3225.26,ETH
2026-01-06 09:15:45+00:00,2026-01-06 09:22:49.852646+00:00,45.0,3225.092,3224.99,3225.24,ETH
2026-01-06 09:15:46+00:00,2026-01-06 09:22:50.852552+00:00,46.0,3225.082,3225.0,3225.25,ETH
2026-01-06 09:15:47+00:00,2026-01-06 09:22:51.850184+00:00,47.0,3225.092,3225.0,3225.22,ETH
2026-01-06 09:15:48+00:00,2026-01-06 09:22:52.865263+00:00,48.0,3225.152,3225.0,3225.28,ETH
2026-01-06 09:15:49+00:00,2026-01-06 09:22:53.866071+00:00,49.0,3225.222,3225.02,3225.32,ETH
2026-01-06 09:15:50+00:00,2026-01-06 09:22:54.883487+00:00,50.0,3225.192,3225.05,3225.26,ETH
2026-01-06 09:15:51+00:00,2026-01-06 09:22:55.883267+00:00,51.0,3225.252,3225.07,3225.4,ETH
2026-01-06 09:15:52+00:00,2026-01-06 09:22:56.881140+00:00,52.0,3225.382,3225.17,3225.64,ETH
2026-01-06 09:15:53+00:00,2026-01-06 09:22:57.883077+00:00,53.0,3225.612,3225.39,3225.8,ETH
2026-01-06 09:15:54+00:00,2026-01-06 09:22:58.895388+00:00,54.0,3225.702,3225.51,3225.78,ETH
2026-01-06 09:15:55+00:00,2026-01-06 09:22:59.912843+00:00,55.0,3225.532,3225.46,3225.76,ETH
2026-01-06 09:15:56+00:00,2026-01-06 09:23:00.934731+00:00,56.0,3225.612,3225.47,3225.94,ETH
2026-01-06 09:15:57+00:00,2026-01-06 09:23:01.932419+00:00,57.0,3225.732,3225.5,3226.04,ETH
2026-01-06 09:15:58+00:00,2026-01-06 09:23:02.926566+00:00,58.0,3225.732,3225.5,3225.83,ETH
2026-01-06 09:15:59+00:00,2026-01-06 09:23:03.932378+00:00,59.0,3225.872,3225.68,3226.12,ETH
2026-01-06 09:16:00+00:00,2026-01-06 09:23:04.934889+00:00,60.0,3225.882,3225.65,3225.97,ETH
2026-01-06 09:16:01+00:00,2026-01-06 09:23:05.953306+00:00,61.0,3225.872,3225.61,3225.98,ETH
2026-01-06 09:16:02+00:00,2026-01-06 09:23:06.963224+00:00,62.0,3225.872,3225.61,3226.02,ETH
2026-01-06 09:16:03+00:00,2026-01-06 09:23:07.979989+00:00,63.0,3225.872,3225.62,3225.97,ETH
2026-01-06 09:16:04+00:00,2026-01-06 09:23:08.999618+00:00,64.0,3225.872,3225.64,3225.98,ETH
2026-01-06 09:16:05+00:00,2026-01-06 09:23:10.019002+00:00,65.0,3225.872,3225.65,3225.93,ETH
2026-01-06 09:16:06+00:00,2026-01-06 09:23:11.029524+00:00,66.0,3225.742,3225.55,3225.98,ETH
2026-01-06 09:16:07+00:00,2026-01-06 09:23:12.046413+00:00,67.0,3225.752,3225.55,3225.93,ETH
2026-01-06 09:16:08+00:00,2026-01-06 09:23:13.046704+00:00,68.0,3225.812,3225.5,3226.03,ETH
2026-01-06 09:16:09+00:00,2026-01-06 09:23:14.063704+00:00,69.0,3225.842,3225.51,3226.03,ETH
2026-01-06 09:16:10+00:00,2026-01-06 09:23:15.082777+00:00,70.0,3225.852,3225.51,3226.08,ETH
2026-01-06 09:16:11+00:00,2026-01-06 09:23:16.078582+00:00,71.0,3225.852,3225.51,3226.03,ETH
2026-01-06 09:16:12+00:00,2026-01-06 09:23:17.098162+00:00,72.0,3225.852,3225.51,3226.03,ETH
2026-01-06 09:16:13+00:00,2026-01-06 09:23:18.096271+00:00,73.0,3225.842,3225.51,3226.05,ETH
2026-01-06 09:16:14+00:00,2026-01-06 09:23:19.098403+00:00,74.0,3225.662,3225.45,3225.97,ETH
2026-01-06 09:16:15+00:00,2026-01-06 09:23:20.102432+00:00,75.0,3225.642,3225.45,3225.97,ETH
2026-01-06 09:16:16+00:00,2026-01-06 09:23:21.095847+00:00,76.0,3225.642,3225.48,3225.97,ETH
2026-01-06 09:16:17+00:00,2026-01-06 09:23:22.110222+00:00,77.0,3225.642,3225.48,3225.97,ETH
2026-01-06 09:16:18+00:00,2026-01-06 09:23:23.117240+00:00,78.0,3225.832,3225.54,3226.08,ETH
2026-01-06 09:16:19+00:00,2026-01-06 09:23:24.112690+00:00,79.0,3225.882,3225.54,3226.22,ETH
2026-01-06 09:16:20+00:00,2026-01-06 09:23:25.120204+00:00,80.0,3226.002,3225.74,3226.24,ETH
2026-01-06 09:16:21+00:00,2026-01-06 09:23:26.127581+00:00,81.0,3225.992,3225.75,3226.24,ETH
2026-01-06 09:16:22+00:00,2026-01-06 09:23:28.145585+00:00,82.0,3225.992,3225.75,3226.24,ETH
2026-01-06 09:16:23+00:00,2026-01-06 09:23:29.150973+00:00,83.0,3225.992,3225.74,3226.26,ETH
2026-01-06 09:16:24+00:00,2026-01-06 09:23:30.160371+00:00,84.0,3225.992,3225.73,3226.19,ETH
2026-01-06 09:16:26+00:00,2026-01-06 09:23:31.198491+00:00,86.0,3225.972,3225.71,3226.23,ETH
2026-01-06 09:16:27+00:00,2026-01-06 09:23:32.210271+00:00,87.0,3225.992,3225.71,3226.25,ETH
2026-01-06 09:16:28+00:00,2026-01-06 09:23:33.238239+00:00,88.0,3225.982,3225.71,3226.25,ETH
2026-01-06 09:16:29+00:00,2026-01-06 09:23:34.223519+00:00,89.0,3225.982,3225.71,3226.25,ETH
2026-01-06 09:16:30+00:00,2026-01-06 09:23:35.215913+00:00,90.0,3225.882,3225.71,3226.22,ETH
2026-01-06 09:16:31+00:00,2026-01-06 09:23:36.212829+00:00,91.0,3225.882,3225.67,3226.14,ETH
2026-01-06 09:16:32+00:00,2026-01-06 09:23:37.222923+00:00,92.0,3225.752,3225.67,3226.11,ETH
2026-01-06 09:16:33+00:00,2026-01-06 09:23:38.224739+00:00,93.0,3225.752,3225.71,3225.99,ETH
2026-01-06 09:16:34+00:00,2026-01-06 09:23:39.239920+00:00,94.0,3225.882,3225.72,3226.03,ETH
2026-01-06 09:16:35+00:00,2026-01-06 09:23:40.232973+00:00,95.0,3225.872,3225.72,3226.11,ETH
2026-01-06 09:16:36+00:00,2026-01-06 09:23:41.232277+00:00,96.0,3225.872,3225.72,3226.06,ETH
2026-01-06 09:16:37+00:00,2026-01-06 09:23:42.253766+00:00,97.0,3224.892,3224.88,3225.24,ETH
2026-01-06 09:16:38+00:00,2026-01-06 09:23:43.247981+00:00,98.0,3224.862,3224.84,3225.0,ETH
2026-01-06 09:16:39+00:00,2026-01-06 09:23:44.247985+00:00,99.0,3224.852,3224.84,3225.06,ETH
2026-01-06 09:16:40+00:00,2026-01-06 09:23:45.259250+00:00,100.0,3224.852,3224.84,3224.94,ETH
2026-01-06 09:16:41+00:00,2026-01-06 09:23:46.281493+00:00,101.0,3224.852,3224.84,3224.91,ETH
2026-01-06 09:16:42+00:00,2026-01-06 09:23:47.295140+00:00,102.0,3225.082,3224.89,3225.14,ETH
2026-01-06 09:16:43+00:00,2026-01-06 09:23:48.312710+00:00,103.0,3224.992,3224.94,3225.14,ETH
2026-01-06 09:16:44+00:00,2026-01-06 09:23:49.314375+00:00,104.0,3224.972,3224.86,3225.11,ETH
2026-01-06 09:16:45+00:00,2026-01-06 09:23:50.345007+00:00,105.0,3224.972,3224.86,3225.14,ETH
2026-01-06 09:16:46+00:00,2026-01-06 09:23:51.375346+00:00,106.0,3224.962,3224.86,3225.08,ETH
2026-01-06 09:16:47+00:00,2026-01-06 09:23:52.385296+00:00,107.0,3224.852,3224.85,3225.05,ETH
2026-01-06 09:16:48+00:00,2026-01-06 09:23:53.375326+00:00,108.0,3224.852,3224.83,3225.34,ETH
2026-01-06 09:16:49+00:00,2026-01-06 09:23:54.362452+00:00,109.0,3224.872,3224.82,3225.3,ETH
2026-01-06 09:16:50+00:00,2026-01-06 09:23:55.378894+00:00,110.0,3224.872,3224.82,3225.34,ETH
2026-01-06 09:16:51+00:00,2026-01-06 09:23:56.403596+00:00,111.0,3224.872,3224.82,3225.01,ETH
2026-01-06 09:16:52+00:00,2026-01-06 09:23:57.391913+00:00,112.0,3224.982,3224.82,3225.27,ETH
2026-01-06 09:16:53+00:00,2026-01-06 09:23:58.410431+00:00,113.0,3224.982,3224.83,3225.22,ETH
2026-01-06 09:16:54+00:00,2026-01-06 09:23:59.405052+00:00,114.0,3224.892,3224.83,3225.11,ETH
2026-01-06 09:16:55+00:00,2026-01-06 09:24:00.408932+00:00,115.0,3224.852,3224.72,3225.11,ETH
2026-01-06 09:16:56+00:00,2026-01-06 09:24:01.416698+00:00,116.0,3224.842,3224.72,3225.12,ETH
2026-01-06 09:16:57+00:00,2026-01-06 09:24:02.428541+00:00,117.0,3224.842,3224.72,3225.07,ETH
2026-01-06 09:16:58+00:00,2026-01-06 09:24:03.432139+00:00,118.0,3224.852,3224.67,3224.9,ETH
2026-01-06 09:16:59+00:00,2026-01-06 09:24:04.449495+00:00,119.0,3224.762,3224.64,3224.85,ETH
2026-01-06 09:17:00+00:00,2026-01-06 09:24:05.446164+00:00,120.0,3224.812,3224.63,3224.85,ETH
2026-01-06 09:17:01+00:00,2026-01-06 09:24:06.449295+00:00,121.0,3224.842,3224.63,3224.87,ETH
2026-01-06 09:17:02+00:00,2026-01-06 09:24:07.461200+00:00,122.0,3224.802,3224.63,3224.85,ETH
2026-01-06 09:17:03+00:00,2026-01-06 09:24:08.458211+00:00,123.0,3224.832,3224.65,3224.87,ETH
2026-01-06 09:17:04+00:00,2026-01-06 09:24:09.475223+00:00,124.0,3224.832,3224.65,3224.87,ETH
2026-01-06 09:17:05+00:00,2026-01-06 09:24:10.476202+00:00,125.0,3224.842,3224.65,3224.86,ETH
2026-01-06 09:17:06+00:00,2026-01-06 09:24:11.488606+00:00,126.0,3224.812,3224.65,3224.85,ETH
2026-01-06 09:17:07+00:00,2026-01-06 09:24:12.475673+00:00,127.0,3224.842,3224.65,3224.89,ETH
2026-01-06 09:17:08+00:00,2026-01-06 09:24:13.475031+00:00,128.0,3224.842,3224.65,3224.88,ETH
2026-01-06 09:17:09+00:00,2026-01-06 09:24:15.492041+00:00,129.0,3224.842,3224.66,3224.92,ETH
2026-01-06 09:17:10+00:00,2026-01-06 09:24:16.491212+00:00,130.0,3224.842,3224.68,3224.91,ETH
2026-01-06 09:17:11+00:00,2026-01-06 09:24:17.484353+00:00,131.0,3224.852,3224.69,3224.9,ETH
2026-01-06 09:17:12+00:00,2026-01-06 09:24:18.479637+00:00,132.0,3224.852,3224.7,3224.94,ETH
2026-01-06 09:17:13+00:00,2026-01-06 09:24:19.499996+00:00,133.0,3224.852,3224.7,3224.96,ETH
2026-01-06 09:17:14+00:00,2026-01-06 09:24:20.510901+00:00,134.0,3224.842,3224.69,3224.93,ETH
2026-01-06 09:17:15+00:00,2026-01-06 09:24:21.523349+00:00,135.0,3224.852,3224.69,3224.9,ETH
2026-01-06 09:17:16+00:00,2026-01-06 09:24:22.529221+00:00,136.0,3224.862,3224.7,3225.01,ETH
2026-01-06 09:17:17+00:00,2026-01-06 09:24:23.543396+00:00,137.0,3224.932,3224.71,3225.14,ETH
2026-01-06 09:17:18+00:00,2026-01-06 09:24:24.544275+00:00,138.0,3225.022,3224.74,3225.2,ETH
2026-01-06 09:17:19+00:00,2026-01-06 09:24:25.546599+00:00,139.0,3225.042,3224.78,3225.25,ETH
2026-01-06 09:17:20+00:00,2026-01-06 09:24:26.557423+00:00,140.0,3225.042,3224.8,3225.24,ETH
2026-01-06 09:17:21+00:00,2026-01-06 09:24:27.573559+00:00,141.0,3225.012,3224.8,3225.22,ETH
2026-01-06 09:17:22+00:00,2026-01-06 09:24:28.573214+00:00,142.0,3224.992,3224.79,3225.2,ETH
2026-01-06 09:17:23+00:00,2026-01-06 09:24:29.589566+00:00,143.0,3224.992,3224.78,3225.18,ETH
2026-01-06 09:17:24+00:00,2026-01-06 09:24:30.607225+00:00,144.0,3224.852,3224.74,3225.16,ETH
2026-01-06 09:17:25+00:00,2026-01-06 09:24:31.611325+00:00,145.0,3224.672,3224.61,3224.92,ETH
2026-01-06 09:17:26+00:00,2026-01-06 09:24:32.621981+00:00,146.0,3224.442,3224.39,3224.58,ETH
2026-01-06 09:17:27+00:00,2026-01-06 09:24:33.645780+00:00,147.0,3224.252,3224.22,3224.46,ETH
2026-01-06 09:17:28+00:00,2026-01-06 09:24:34.637322+00:00,148.0,3224.252,3224.2,3224.44,ETH
2026-01-06 09:17:29+00:00,2026-01-06 09:24:35.635705+00:00,149.0,3224.182,3224.14,3224.34,ETH
2026-01-06 09:17:30+00:00,2026-01-06 09:24:36.643691+00:00,150.0,3224.042,3224.02,3224.23,ETH
2026-01-06 09:17:31+00:00,2026-01-06 09:24:37.640305+00:00,151.0,3223.922,3223.9,3224.08,ETH
2026-01-06 09:17:32+00:00,2026-01-06 09:24:38.645480+00:00,152.0,3223.842,3223.82,3223.97,ETH
2026-01-06 09:17:33+00:00,2026-01-06 09:24:39.642939+00:00,153.0,3223.802,3223.8,3223.99,ETH
2026-01-06 09:17:34+00:00,2026-01-06 09:24:40.657010+00:00,154.0,3223.802,3223.8,3223.98,ETH
2026-01-06 09:17:35+00:00,2026-01-06 09:24:41.707473+00:00,155.0,3223.802,3223.8,3224.05,ETH
2026-01-06 09:17:36+00:00,2026-01-06 09:24:42.725473+00:00,156.0,3223.762,3223.72,3224.0,ETH
2026-01-06 09:17:37+00:00,2026-01-06 09:24:43.706341+00:00,157.0,3223.682,3223.65,3223.94,ETH
2026-01-06 09:17:38+00:00,2026-01-06 09:24:44.716060+00:00,158.0,3223.631,3223.58,3223.88,ETH
2026-01-06 09:17:39+00:00,2026-01-06 09:24:45.720373+00:00,159.0,3223.561,3223.5,3223.88,ETH
2026-01-06 09:17:40+00:00,2026-01-06 09:24:46.712446+00:00,160.0,3223.601,3223.59,3223.92,ETH
2026-01-06 09:17:41+00:00,2026-01-06 09:24:47.743253+00:00,161.0,3223.682,3223.68,3223.93,ETH
2026-01-06 09:17:42+00:00,2026-01-06 09:24:48.736926+00:00,162.0,3223.742,3223.72,3223.97,ETH
2026-01-06 09:17:43+00:00,2026-01-06 09:24:49.744737+00:00,163.0,3223.852,3223.77,3223.99,ETH
2026-01-06 09:17:44+00:00,2026-01-06 09:24:50.757879+00:00,164.0,3223.882,3223.78,3223.98,ETH
2026-01-06 09:17:45+00:00,2026-01-06 09:24:51.762087+00:00,165.0,3223.862,3223.79,3223.97,ETH
2026-01-06 09:17:46+00:00,2026-01-06 09:24:52.774968+00:00,166.0,3223.862,3223.79,3223.98,ETH
2026-01-06 09:17:47+00:00,2026-01-06 09:24:53.772759+00:00,167.0,3223.832,3223.79,3223.97,ETH
2026-01-06 09:17:48+00:00,2026-01-06 09:24:54.776351+00:00,168.0,3223.802,3223.79,3223.93,ETH
2026-01-06 09:17:49+00:00,2026-01-06 09:24:55.778952+00:00,169.0,3223.772,3223.75,3223.91,ETH
2026-01-06 09:17:50+00:00,2026-01-06 09:24:56.791148+00:00,170.0,3223.692,3223.62,3223.88,ETH
2026-01-06 09:17:51+00:00,2026-01-06 09:24:57.812724+00:00,171.0,3223.662,3223.61,3223.87,ETH
2026-01-06 09:17:52+00:00,2026-01-06 09:24:58.844116+00:00,172.0,3223.692,3223.69,3223.87,ETH
2026-01-06 09:17:53+00:00,2026-01-06 09:24:59.854549+00:00,173.0,3223.742,3223.73,3223.91,ETH
2026-01-06 09:17:54+00:00,2026-01-06 09:25:00.856459+00:00,174.0,3223.832,3223.77,3223.93,ETH
2026-01-06 09:17:55+00:00,2026-01-06 09:25:01.875127+00:00,175.0,3224.162,3223.98,3224.19,ETH
2026-01-06 09:17:56+00:00,2026-01-06 09:25:02.875275+00:00,176.0,3224.512,3224.29,3224.54,ETH
2026-01-06 09:17:57+00:00,2026-01-06 09:25:03.893260+00:00,177.0,3224.572,3224.39,3224.62,ETH
2026-01-06 09:17:58+00:00,2026-01-06 09:25:04.889133+00:00,178.0,3224.502,3224.38,3224.9,ETH
2026-01-06 09:17:59+00:00,2026-01-06 09:25:05.889393+00:00,179.0,3224.452,3224.38,3224.96,ETH
2026-01-06 09:18:00+00:00,2026-01-06 09:25:06.891449+00:00,180.0,3224.452,3224.38,3224.89,ETH
2026-01-06 09:18:01+00:00,2026-01-06 09:25:07.892788+00:00,181.0,3224.452,3224.38,3224.54,ETH
2026-01-06 09:18:02+00:00,2026-01-06 09:25:08.888261+00:00,182.0,3224.452,3224.38,3224.75,ETH
2026-01-06 09:18:03+00:00,2026-01-06 09:25:09.891297+00:00,183.0,3224.472,3224.38,3224.53,ETH
2026-01-06 09:18:04+00:00,2026-01-06 09:25:10.894052+00:00,184.0,3224.452,3224.33,3224.73,ETH
2026-01-06 09:18:05+00:00,2026-01-06 09:25:11.888302+00:00,185.0,3224.452,3224.33,3224.71,ETH
2026-01-06 09:18:06+00:00,2026-01-06 09:25:12.889285+00:00,186.0,3224.452,3224.33,3224.71,ETH
2026-01-06 09:18:07+00:00,2026-01-06 09:25:13.895390+00:00,187.0,3224.452,3224.33,3224.84,ETH
2026-01-06 09:18:08+00:00,2026-01-06 09:25:14.895862+00:00,188.0,3224.452,3224.33,3224.83,ETH
2026-01-06 09:18:09+00:00,2026-01-06 09:25:15.888212+00:00,189.0,3224.452,3224.33,3224.83,ETH
2026-01-06 09:18:10+00:00,2026-01-06 09:25:16.890090+00:00,190.0,3224.452,3224.33,3224.61,ETH
2026-01-06 09:18:11+00:00,2026-01-06 09:25:17.905627+00:00,191.0,3224.452,3224.34,3224.57,ETH
2026-01-06 09:18:12+00:00,2026-01-06 09:25:18.907562+00:00,192.0,3224.452,3224.34,3224.75,ETH
2026-01-06 09:18:13+00:00,2026-01-06 09:25:19.912736+00:00,193.0,3224.452,3224.34,3224.58,ETH
2026-01-06 09:18:14+00:00,2026-01-06 09:25:20.910294+00:00,194.0,3224.452,3224.34,3224.82,ETH
2026-01-06 09:18:15+00:00,2026-01-06 09:25:21.924161+00:00,195.0,3224.452,3224.34,3224.82,ETH
2026-01-06 09:18:16+00:00,2026-01-06 09:25:22.927608+00:00,196.0,3224.332,3224.25,3224.74,ETH
2026-01-06 09:18:17+00:00,2026-01-06 09:25:23.945971+00:00,197.0,3224.332,3224.2,3224.7,ETH
2026-01-06 09:18:18+00:00,2026-01-06 09:25:24.942218+00:00,198.0,3224.212,3224.2,3224.66,ETH
2026-01-06 09:18:19+00:00,2026-01-06 09:25:25.939938+00:00,199.0,3224.232,3224.2,3224.65,ETH
2026-01-06 09:18:20+00:00,2026-01-06 09:25:26.953566+00:00,200.0,3224.232,3224.23,3224.65,ETH
2026-01-06 09:18:21+00:00,2026-01-06 09:25:27.954214+00:00,201.0,3224.272,3224.19,3224.64,ETH
2026-01-06 09:18:22+00:00,2026-01-06 09:25:28.960718+00:00,202.0,3224.242,3224.21,3224.67,ETH
2026-01-06 09:18:23+00:00,2026-01-06 09:25:29.959687+00:00,203.0,3224.282,3224.28,3224.74,ETH
2026-01-06 09:18:24+00:00,2026-01-06 09:25:30.960273+00:00,204.0,3224.282,3224.28,3224.64,ETH
2026-01-06 09:18:25+00:00,2026-01-06 09:25:31.957611+00:00,205.0,3224.322,3224.28,3224.62,ETH
2026-01-06 09:18:26+00:00,2026-01-06 09:25:32.961926+00:00,206.0,3224.322,3224.28,3224.63,ETH
2026-01-06 09:18:27+00:00,2026-01-06 09:25:33.975577+00:00,207.0,3224.282,3224.28,3224.74,ETH
2026-01-06 09:18:28+00:00,2026-01-06 09:25:34.971444+00:00,208.0,3224.322,3224.28,3224.74,ETH
2026-01-06 09:18:29+00:00,2026-01-06 09:25:35.986916+00:00,209.0,3224.322,3224.28,3224.72,ETH
2026-01-06 09:18:30+00:00,2026-01-06 09:25:36.987791+00:00,210.0,3224.312,3224.28,3224.61,ETH
2026-01-06 09:18:31+00:00,2026-01-06 09:25:37.991742+00:00,211.0,3224.282,3224.27,3224.78,ETH
2026-01-06 09:18:32+00:00,2026-01-06 09:25:39.005203+00:00,212.0,3224.282,3224.27,3224.78,ETH
2026-01-06 09:18:33+00:00,2026-01-06 09:25:39.990204+00:00,213.0,3224.282,3224.27,3224.79,ETH
2026-01-06 09:18:34+00:00,2026-01-06 09:25:40.978354+00:00,214.0,3225.102,3224.9,3225.19,ETH
2026-01-06 09:18:35+00:00,2026-01-06 09:25:41.995355+00:00,215.0,3225.022,3224.9,3225.19,ETH
2026-01-06 09:18:36+00:00,2026-01-06 09:25:43.013737+00:00,216.0,3224.792,3224.79,3225.19,ETH
2026-01-06 09:18:37+00:00,2026-01-06 09:25:44.023236+00:00,217.0,3224.722,3224.69,3225.06,ETH
2026-01-06 09:18:38+00:00,2026-01-06 09:25:45.024322+00:00,218.0,3224.642,3224.6,3224.93,ETH
2026-01-06 09:18:39+00:00,2026-01-06 09:25:46.043456+00:00,219.0,3224.992,3224.68,3225.27,ETH
2026-01-06 09:18:40+00:00,2026-01-06 09:25:47.055787+00:00,220.0,3225.302,3225.28,3225.74,ETH
2026-01-06 09:18:41+00:00,2026-01-06 09:25:48.069794+00:00,221.0,3226.102,3225.76,3226.18,ETH
2026-01-06 09:18:42+00:00,2026-01-06 09:25:49.058082+00:00,222.0,3226.282,3226.17,3226.7,ETH
2026-01-06 09:18:43+00:00,2026-01-06 09:25:50.075493+00:00,223.0,3226.482,3226.19,3226.56,ETH
2026-01-06 09:18:44+00:00,2026-01-06 09:25:51.090383+00:00,224.0,3226.482,3226.3,3226.89,ETH
2026-01-06 09:18:45+00:00,2026-01-06 09:25:52.102304+00:00,225.0,3226.632,3226.36,3226.91,ETH
2026-01-06 09:18:46+00:00,2026-01-06 09:25:54.111851+00:00,226.0,3226.632,3226.4,3226.94,ETH
2026-01-06 09:18:47+00:00,2026-01-06 09:25:55.109184+00:00,227.0,3226.632,3226.41,3226.91,ETH
2026-01-06 09:18:48+00:00,2026-01-06 09:25:56.105147+00:00,228.0,3226.632,3226.41,3226.91,ETH
2026-01-06 09:18:49+00:00,2026-01-06 09:25:57.103058+00:00,229.0,3226.632,3226.43,3226.89,ETH
2026-01-06 09:18:50+00:00,2026-01-06 09:25:58.122792+00:00,230.0,3226.632,3226.44,3226.93,ETH
2026-01-06 09:18:51+00:00,2026-01-06 09:25:59.140716+00:00,231.0,3226.632,3226.46,3227.02,ETH
2026-01-06 09:18:52+00:00,2026-01-06 09:26:00.140517+00:00,232.0,3226.632,3226.47,3227.1,ETH
2026-01-06 09:18:53+00:00,2026-01-06 09:26:01.139909+00:00,233.0,3226.632,3226.48,3227.13,ETH
2026-01-06 09:18:54+00:00,2026-01-06 09:26:02.142713+00:00,234.0,3226.642,3226.48,3227.13,ETH
2026-01-06 09:18:56+00:00,2026-01-06 09:26:03.246583+00:00,236.0,3226.642,3226.48,3227.13,ETH
2026-01-06 09:18:57+00:00,2026-01-06 09:26:04.211717+00:00,237.0,3226.632,3226.48,3226.84,ETH
2026-01-06 09:18:58+00:00,2026-01-06 09:26:05.216763+00:00,238.0,3226.632,3226.48,3226.84,ETH
2026-01-06 09:18:59+00:00,2026-01-06 09:26:06.232271+00:00,239.0,3226.632,3226.46,3226.77,ETH
2026-01-06 09:19:00+00:00,2026-01-06 09:26:07.236495+00:00,240.0,3226.632,3226.46,3226.74,ETH
2026-01-06 09:19:01+00:00,2026-01-06 09:26:08.238521+00:00,241.0,3226.492,3226.42,3226.96,ETH
2026-01-06 09:19:02+00:00,2026-01-06 09:26:09.221871+00:00,242.0,3226.492,3226.39,3226.96,ETH
2026-01-06 09:19:03+00:00,2026-01-06 09:26:10.234275+00:00,243.0,3226.492,3226.39,3226.97,ETH
2026-01-06 09:19:04+00:00,2026-01-06 09:26:11.229497+00:00,244.0,3226.492,3226.39,3226.72,ETH
2026-01-06 09:19:05+00:00,2026-01-06 09:26:12.222509+00:00,245.0,3226.492,3226.37,3226.94,ETH
2026-01-06 09:19:06+00:00,2026-01-06 09:26:13.216790+00:00,246.0,3226.492,3226.37,3226.96,ETH
2026-01-06 09:19:07+00:00,2026-01-06 09:26:14.237822+00:00,247.0,3226.492,3226.37,3226.96,ETH
2026-01-06 09:19:08+00:00,2026-01-06 09:26:15.236785+00:00,248.0,3226.492,3226.38,3226.93,ETH
2026-01-06 09:19:09+00:00,2026-01-06 09:26:17.270149+00:00,249.0,3226.492,3226.39,3226.95,ETH
2026-01-06 09:19:10+00:00,2026-01-06 09:26:18.276367+00:00,250.0,3226.492,3226.39,3226.95,ETH
2026-01-06 09:19:11+00:00,2026-01-06 09:26:19.291950+00:00,251.0,3226.492,3226.39,3226.8,ETH
2026-01-06 09:19:12+00:00,2026-01-06 09:26:20.309234+00:00,252.0,3226.492,3226.39,3226.69,ETH
2026-01-06 09:19:13+00:00,2026-01-06 09:26:21.308692+00:00,253.0,3226.562,3226.42,3226.84,ETH
2026-01-06 09:19:14+00:00,2026-01-06 09:26:22.342081+00:00,254.0,3226.562,3226.46,3226.96,ETH
2026-01-06 09:19:15+00:00,2026-01-06 09:26:23.357535+00:00,255.0,3226.492,3226.42,3226.93,ETH
2026-01-06 09:19:16+00:00,2026-01-06 09:26:24.375560+00:00,256.0,3226.492,3226.39,3226.91,ETH
2026-01-06 09:19:17+00:00,2026-01-06 09:26:25.387618+00:00,257.0,3226.492,3226.39,3226.85,ETH
2026-01-06 09:19:18+00:00,2026-01-06 09:26:26.390555+00:00,258.0,3226.472,3226.32,3226.77,ETH
2026-01-06 09:19:19+00:00,2026-01-06 09:26:27.388037+00:00,259.0,3226.332,3226.22,3226.72,ETH
2026-01-06 09:19:20+00:00,2026-01-06 09:26:28.406716+00:00,260.0,3226.202,3226.17,3226.6,ETH
2026-01-06 09:19:21+00:00,2026-01-06 09:26:29.424243+00:00,261.0,3226.202,3226.1,3226.53,ETH
2026-01-06 09:19:22+00:00,2026-01-06 09:26:30.440097+00:00,262.0,3226.202,3226.06,3226.51,ETH
2026-01-06 09:19:23+00:00,2026-01-06 09:26:31.439630+00:00,263.0,3226.282,3226.08,3226.56,ETH
2026-01-06 09:19:24+00:00,2026-01-06 09:26:32.441357+00:00,264.0,3226.362,3226.15,3226.62,ETH
2026-01-06 09:19:25+00:00,2026-01-06 09:26:33.441341+00:00,265.0,3226.432,3226.23,3226.68,ETH
2026-01-06 09:19:26+00:00,2026-01-06 09:26:34.462185+00:00,266.0,3226.492,3226.26,3226.73,ETH
2026-01-06 09:19:27+00:00,2026-01-06 09:26:35.473892+00:00,267.0,3226.492,3226.26,3226.78,ETH
2026-01-06 09:19:28+00:00,2026-01-06 09:26:36.472294+00:00,268.0,3226.522,3226.26,3226.84,ETH
2026-01-06 09:19:29+00:00,2026-01-06 09:26:37.471742+00:00,269.0,3226.552,3226.24,3226.85,ETH
2026-01-06 09:19:30+00:00,2026-01-06 09:26:38.472207+00:00,270.0,3226.562,3226.22,3226.86,ETH
2026-01-06 09:19:31+00:00,2026-01-06 09:26:39.489636+00:00,271.0,3226.562,3226.22,3226.88,ETH
2026-01-06 09:19:32+00:00,2026-01-06 09:26:40.476644+00:00,272.0,3226.702,3226.39,3226.91,ETH
2026-01-06 09:19:33+00:00,2026-01-06 09:26:41.472296+00:00,273.0,3226.842,3226.56,3226.92,ETH
2026-01-06 09:19:34+00:00,2026-01-06 09:26:42.486170+00:00,274.0,3226.882,3226.56,3227.05,ETH
2026-01-06 09:19:35+00:00,2026-01-06 09:26:43.491201+00:00,275.0,3226.812,3226.56,3226.99,ETH
2026-01-06 09:19:36+00:00,2026-01-06 09:26:44.485629+00:00,276.0,3226.622,3226.45,3226.88,ETH
2026-01-06 09:19:37+00:00,2026-01-06 09:26:45.503724+00:00,277.0,3226.552,3226.44,3226.79,ETH
2026-01-06 09:19:38+00:00,2026-01-06 09:26:46.505079+00:00,278.0,3226.552,3226.43,3226.77,ETH
2026-01-06 09:19:39+00:00,2026-01-06 09:26:47.503756+00:00,279.0,3226.612,3226.44,3226.78,ETH
2026-01-06 09:19:40+00:00,2026-01-06 09:26:48.505028+00:00,280.0,3226.612,3226.44,3227.0,ETH
2026-01-06 09:19:41+00:00,2026-01-06 09:26:49.544611+00:00,281.0,3226.612,3226.44,3226.86,ETH
2026-01-06 09:19:42+00:00,2026-01-06 09:26:50.552687+00:00,282.0,3226.612,3226.45,3226.81,ETH
2026-01-06 09:19:43+00:00,2026-01-06 09:26:51.551047+00:00,283.0,3226.802,3226.48,3226.99,ETH
2026-01-06 09:19:44+00:00,2026-01-06 09:26:52.557806+00:00,284.0,3226.832,3226.6,3227.01,ETH
2026-01-06 09:19:45+00:00,2026-01-06 09:26:53.570256+00:00,285.0,3226.862,3226.6,3227.0,ETH
2026-01-06 09:19:46+00:00,2026-01-06 09:26:54.570974+00:00,286.0,3226.942,3226.62,3227.25,ETH
2026-01-06 09:19:47+00:00,2026-01-06 09:26:55.570365+00:00,287.0,3227.142,3226.77,3227.42,ETH
2026-01-06 09:19:48+00:00,2026-01-06 09:26:56.581711+00:00,288.0,3227.302,3226.97,3227.56,ETH
2026-01-06 09:19:49+00:00,2026-01-06 09:26:57.592116+00:00,289.0,3227.282,3226.94,3227.62,ETH
2026-01-06 09:19:50+00:00,2026-01-06 09:26:58.600511+00:00,290.0,3227.282,3226.95,3227.56,ETH
2026-01-06 09:19:51+00:00,2026-01-06 09:26:59.607270+00:00,291.0,3227.282,3226.97,3227.54,ETH
2026-01-06 09:19:52+00:00,2026-01-06 09:27:00.620598+00:00,292.0,3227.292,3227.0,3227.51,ETH
2026-01-06 09:19:53+00:00,2026-01-06 09:27:01.641229+00:00,293.0,3227.292,3227.0,3227.58,ETH
2026-01-06 09:19:54+00:00,2026-01-06 09:27:02.656250+00:00,294.0,3227.332,3227.01,3227.64,ETH
2026-01-06 09:19:55+00:00,2026-01-06 09:27:03.654745+00:00,295.0,3227.552,3227.23,3227.82,ETH
2026-01-06 09:19:56+00:00,2026-01-06 09:27:04.666436+00:00,296.0,3227.472,3227.3,3227.67,ETH
2026-01-06 09:19:57+00:00,2026-01-06 09:27:05.686557+00:00,297.0,3227.582,3227.29,3227.85,ETH
2026-01-06 09:19:58+00:00,2026-01-06 09:27:06.705184+00:00,298.0,3227.602,3227.29,3227.86,ETH
2026-01-06 09:19:59+00:00,2026-01-06 09:27:07.723426+00:00,299.0,3227.612,3227.31,3227.87,ETH
2026-01-06 09:20:00+00:00,2026-01-06 09:27:08.715856+00:00,300.0,3227.712,3227.44,3228.03,ETH
2026-01-06 09:20:01+00:00,2026-01-06 09:27:09.732857+00:00,301.0,3227.712,3227.44,3227.91,ETH
2026-01-06 09:20:02+00:00,2026-01-06 09:27:10.735330+00:00,302.0,3227.712,3227.44,3227.98,ETH
2026-01-06 09:20:03+00:00,2026-01-06 09:27:11.739510+00:00,303.0,3227.572,3227.43,3227.77,ETH
2026-01-06 09:20:04+00:00,2026-01-06 09:27:12.806728+00:00,304.0,3227.402,3227.2,3227.54,ETH
2026-01-06 09:20:05+00:00,2026-01-06 09:27:13.801457+00:00,305.0,3227.442,3227.2,3227.56,ETH
2026-01-06 09:20:06+00:00,2026-01-06 09:27:14.799942+00:00,306.0,3227.492,3227.21,3227.6,ETH
2026-01-06 09:20:07+00:00,2026-01-06 09:27:15.813406+00:00,307.0,3227.572,3227.26,3227.76,ETH
2026-01-06 09:20:08+00:00,2026-01-06 09:27:16.807710+00:00,308.0,3227.652,3227.32,3227.89,ETH
2026-01-06 09:20:09+00:00,2026-01-06 09:27:17.815655+00:00,309.0,3227.662,3227.34,3227.92,ETH
2026-01-06 09:20:10+00:00,2026-01-06 09:27:18.812686+00:00,310.0,3227.782,3227.46,3228.01,ETH
2026-01-06 09:20:11+00:00,2026-01-06 09:27:19.815723+00:00,311.0,3227.892,3227.55,3228.07,ETH
2026-01-06 09:20:12+00:00,2026-01-06 09:27:20.814469+00:00,312.0,3227.922,3227.58,3228.09,ETH
2026-01-06 09:20:13+00:00,2026-01-06 09:27:21.825398+00:00,313.0,3227.962,3227.63,3228.21,ETH
2026-01-06 09:20:14+00:00,2026-01-06 09:27:22.829960+00:00,314.0,3227.972,3227.64,3228.26,ETH
2026-01-06 09:20:15+00:00,2026-01-06 09:27:23.822860+00:00,315.0,3227.972,3227.64,3228.22,ETH
2026-01-06 09:20:16+00:00,2026-01-06 09:27:24.828351+00:00,316.0,3228.012,3227.68,3228.21,ETH
2026-01-06 09:20:17+00:00,2026-01-06 09:27:25.832403+00:00,317.0,3228.052,3227.72,3228.22,ETH
2026-01-06 09:20:18+00:00,2026-01-06 09:27:26.835052+00:00,318.0,3228.052,3227.72,3228.25,ETH
2026-01-06 09:20:19+00:00,2026-01-06 09:27:27.832338+00:00,319.0,3228.052,3227.73,3228.21,ETH
2026-01-06 09:20:20+00:00,2026-01-06 09:27:28.835290+00:00,320.0,3228.052,3227.73,3228.21,ETH
2026-01-06 09:20:21+00:00,2026-01-06 09:27:29.824498+00:00,321.0,3228.062,3227.73,3228.29,ETH
2026-01-06 09:20:22+00:00,2026-01-06 09:27:30.834107+00:00,322.0,3228.072,3227.73,3228.28,ETH
2026-01-06 09:20:23+00:00,2026-01-06 09:27:31.839365+00:00,323.0,3228.092,3227.74,3228.21,ETH
2026-01-06 09:20:24+00:00,2026-01-06 09:27:32.861998+00:00,324.0,3228.192,3227.88,3228.31,ETH
2026-01-06 09:20:25+00:00,2026-01-06 09:27:33.885975+00:00,325.0,3228.192,3227.89,3228.29,ETH
2026-01-06 09:20:26+00:00,2026-01-06 09:27:34.884067+00:00,326.0,3228.192,3227.88,3228.34,ETH
2026-01-06 09:20:27+00:00,2026-01-06 09:27:35.901743+00:00,327.0,3228.282,3227.96,3228.48,ETH
2026-01-06 09:20:28+00:00,2026-01-06 09:27:36.920807+00:00,328.0,3228.302,3227.96,3228.46,ETH
2026-01-06 09:20:29+00:00,2026-01-06 09:27:37.915681+00:00,329.0,3228.082,3227.77,3228.25,ETH
2026-01-06 09:20:30+00:00,2026-01-06 09:27:38.917336+00:00,330.0,3228.052,3227.73,3228.11,ETH
2026-01-06 09:20:31+00:00,2026-01-06 09:27:39.924542+00:00,331.0,3227.962,3227.63,3228.01,ETH
2026-01-06 09:20:32+00:00,2026-01-06 09:27:40.931441+00:00,332.0,3227.962,3227.64,3228.05,ETH
2026-01-06 09:20:33+00:00,2026-01-06 09:27:41.932093+00:00,333.0,3227.952,3227.59,3228.06,ETH
2026-01-06 09:20:34+00:00,2026-01-06 09:27:42.953776+00:00,334.0,3227.852,3227.59,3227.92,ETH
2026-01-06 09:20:35+00:00,2026-01-06 09:27:43.969051+00:00,335.0,3227.662,3227.4,3227.71,ETH
2026-01-06 09:20:36+00:00,2026-01-06 09:27:44.983703+00:00,336.0,3227.672,3227.4,3227.74,ETH
2026-01-06 09:20:37+00:00,2026-01-06 09:27:45.987592+00:00,337.0,3227.702,3227.44,3227.83,ETH
2026-01-06 09:20:38+00:00,2026-01-06 09:27:47.006803+00:00,338.0,3227.602,3227.44,3227.71,ETH
2026-01-06 09:20:39+00:00,2026-01-06 09:27:48.002247+00:00,339.0,3227.592,3227.31,3227.71,ETH
2026-01-06 09:20:40+00:00,2026-01-06 09:27:49.005169+00:00,340.0,3227.622,3227.32,3227.71,ETH
2026-01-06 09:20:41+00:00,2026-01-06 09:27:50.019368+00:00,341.0,3227.662,3227.34,3227.72,ETH
2026-01-06 09:20:42+00:00,2026-01-06 09:27:51.016030+00:00,342.0,3227.662,3227.34,3227.71,ETH
2026-01-06 09:20:43+00:00,2026-01-06 09:27:52.022963+00:00,343.0,3227.672,3227.36,3227.74,ETH
2026-01-06 09:20:44+00:00,2026-01-06 09:27:53.024784+00:00,344.0,3227.672,3227.36,3227.74,ETH
2026-01-06 09:20:45+00:00,2026-01-06 09:27:54.034517+00:00,345.0,3227.672,3227.36,3227.74,ETH
2026-01-06 09:20:46+00:00,2026-01-06 09:27:55.033278+00:00,346.0,3227.672,3227.36,3227.71,ETH
2026-01-06 09:20:47+00:00,2026-01-06 09:27:56.049918+00:00,347.0,3227.672,3227.36,3227.71,ETH
2026-01-06 09:20:48+00:00,2026-01-06 09:27:57.053508+00:00,348.0,3227.672,3227.36,3227.73,ETH
2026-01-06 09:20:49+00:00,2026-01-06 09:27:58.051224+00:00,349.0,3227.672,3227.36,3227.71,ETH
2026-01-06 09:20:50+00:00,2026-01-06 09:27:59.064790+00:00,350.0,3227.592,3227.35,3227.71,ETH
2026-01-06 09:20:51+00:00,2026-01-06 09:28:00.103248+00:00,351.0,3227.492,3227.31,3227.56,ETH
2026-01-06 09:20:52+00:00,2026-01-06 09:28:01.108330+00:00,352.0,3227.532,3227.26,3227.56,ETH
2026-01-06 09:20:53+00:00,2026-01-06 09:28:02.101308+00:00,353.0,3227.552,3227.28,3227.59,ETH
2026-01-06 09:20:54+00:00,2026-01-06 09:28:03.104576+00:00,354.0,3227.552,3227.29,3227.59,ETH
2026-01-06 09:20:55+00:00,2026-01-06 09:28:04.119197+00:00,355.0,3227.502,3227.31,3227.56,ETH
2026-01-06 09:20:56+00:00,2026-01-06 09:28:05.115483+00:00,356.0,3227.542,3227.31,3227.56,ETH
2026-01-06 09:20:57+00:00,2026-01-06 09:28:06.103361+00:00,357.0,3227.482,3227.31,3227.56,ETH
2026-01-06 09:20:58+00:00,2026-01-06 09:28:07.119956+00:00,358.0,3227.552,3227.31,3227.59,ETH
2026-01-06 09:20:59+00:00,2026-01-06 09:28:08.146402+00:00,359.0,3227.552,3227.31,3227.6,ETH
2026-01-06 09:21:00+00:00,2026-01-06 09:28:09.143780+00:00,360.0,3227.552,3227.31,3227.66,ETH
2026-01-06 09:21:01+00:00,2026-01-06 09:28:10.153907+00:00,361.0,3227.532,3227.3,3227.57,ETH
2026-01-06 09:21:02+00:00,2026-01-06 09:28:11.167553+00:00,362.0,3227.502,3227.31,3227.56,ETH
2026-01-06 09:21:03+00:00,2026-01-06 09:28:12.174514+00:00,363.0,3227.552,3227.3,3227.75,ETH
2026-01-06 09:21:04+00:00,2026-01-06 09:28:13.186883+00:00,364.0,3227.552,3227.3,3227.61,ETH
2026-01-06 09:21:05+00:00,2026-01-06 09:28:14.198174+00:00,365.0,3227.532,3227.3,3227.57,ETH
2026-01-06 09:21:06+00:00,2026-01-06 09:28:15.220541+00:00,366.0,3227.552,3227.3,3227.59,ETH
2026-01-06 09:21:07+00:00,2026-01-06 09:28:16.233525+00:00,367.0,3227.552,3227.3,3227.78,ETH
2026-01-06 09:21:08+00:00,2026-01-06 09:28:17.247730+00:00,368.0,3227.552,3227.3,3227.7,ETH
2026-01-06 09:21:09+00:00,2026-01-06 09:28:18.255735+00:00,369.0,3227.442,3227.22,3227.65,ETH
2026-01-06 09:21:10+00:00,2026-01-06 09:28:19.249289+00:00,370.0,3227.442,3227.22,3227.65,ETH
2026-01-06 09:21:11+00:00,2026-01-06 09:28:20.264068+00:00,371.0,3227.442,3227.21,3227.64,ETH
2026-01-06 09:21:12+00:00,2026-01-06 09:28:21.273476+00:00,372.0,3227.442,3227.21,3227.63,ETH
2026-01-06 09:21:13+00:00,2026-01-06 09:28:22.263610+00:00,373.0,3227.442,3227.23,3227.67,ETH
2026-01-06 09:21:14+00:00,2026-01-06 09:28:23.263541+00:00,374.0,3227.442,3227.23,3227.67,ETH
2026-01-06 09:21:15+00:00,2026-01-06 09:28:24.267783+00:00,375.0,3227.442,3227.23,3227.67,ETH
2026-01-06 09:21:16+00:00,2026-01-06 09:28:25.268077+00:00,376.0,3227.442,3227.23,3227.64,ETH
2026-01-06 09:21:17+00:00,2026-01-06 09:28:26.289342+00:00,377.0,3227.442,3227.23,3227.63,ETH
2026-01-06 09:21:18+00:00,2026-01-06 09:28:27.281602+00:00,378.0,3227.442,3227.2,3227.59,ETH
2026-01-06 09:21:19+00:00,2026-01-06 09:28:28.286636+00:00,379.0,3227.242,3227.2,3227.3,ETH
2026-01-06 09:21:20+00:00,2026-01-06 09:28:29.304397+00:00,380.0,3227.242,3226.94,3227.28,ETH
2026-01-06 09:21:21+00:00,2026-01-06 09:28:30.286577+00:00,381.0,3226.942,3226.65,3226.99,ETH
2026-01-06 09:21:22+00:00,2026-01-06 09:28:31.286704+00:00,382.0,3226.862,3226.64,3226.98,ETH
2026-01-06 09:21:23+00:00,2026-01-06 09:28:32.297690+00:00,383.0,3226.772,3226.62,3226.96,ETH
2026-01-06 09:21:24+00:00,2026-01-06 09:28:33.315151+00:00,384.0,3226.682,3226.61,3226.95,ETH
2026-01-06 09:21:25+00:00,2026-01-06 09:28:34.335304+00:00,385.0,3226.652,3226.46,3226.77,ETH
2026-01-06 09:21:26+00:00,2026-01-06 09:28:35.320955+00:00,386.0,3226.652,3226.45,3226.8,ETH
2026-01-06 09:21:27+00:00,2026-01-06 09:28:36.320454+00:00,387.0,3226.652,3226.44,3226.73,ETH
2026-01-06 09:21:28+00:00,2026-01-06 09:28:37.333578+00:00,388.0,3226.652,3226.41,3226.79,ETH
2026-01-06 09:21:29+00:00,2026-01-06 09:28:38.350474+00:00,389.0,3226.652,3226.41,3226.78,ETH
2026-01-06 09:21:30+00:00,2026-01-06 09:28:39.378058+00:00,390.0,3226.582,3226.41,3226.65,ETH
2026-01-06 09:21:31+00:00,2026-01-06 09:28:40.369215+00:00,391.0,3226.552,3226.41,3226.65,ETH
2026-01-06 09:21:32+00:00,2026-01-06 09:28:41.368569+00:00,392.0,3226.542,3226.38,3226.65,ETH
2026-01-06 09:21:33+00:00,2026-01-06 09:28:42.373840+00:00,393.0,3226.422,3226.37,3226.66,ETH
2026-01-06 09:21:34+00:00,2026-01-06 09:28:43.371106+00:00,394.0,3226.422,3226.26,3226.5,ETH
2026-01-06 09:21:35+00:00,2026-01-06 09:28:45.384552+00:00,395.0,3226.262,3225.96,3226.38,ETH
2026-01-06 09:21:36+00:00,2026-01-06 09:28:46.394040+00:00,396.0,3226.042,3225.69,3226.2,ETH
2026-01-06 09:21:37+00:00,2026-01-06 09:28:47.402139+00:00,397.0,3226.062,3225.7,3226.24,ETH
2026-01-06 09:21:38+00:00,2026-01-06 09:28:48.416909+00:00,398.0,3226.052,3225.69,3226.24,ETH
2026-01-06 09:21:39+00:00,2026-01-06 09:28:49.421203+00:00,399.0,3226.052,3225.7,3226.22,ETH
2026-01-06 09:21:40+00:00,2026-01-06 09:28:50.432002+00:00,400.0,3226.022,3225.73,3226.19,ETH
2026-01-06 09:21:41+00:00,2026-01-06 09:28:51.450416+00:00,401.0,3225.912,3225.67,3226.12,ETH
2026-01-06 09:21:42+00:00,2026-01-06 09:28:52.471458+00:00,402.0,3225.792,3225.58,3226.13,ETH
2026-01-06 09:21:43+00:00,2026-01-06 09:28:53.465109+00:00,403.0,3225.752,3225.56,3226.11,ETH
2026-01-06 09:21:44+00:00,2026-01-06 09:28:54.484764+00:00,404.0,3225.762,3225.55,3225.98,ETH
2026-01-06 09:21:45+00:00,2026-01-06 09:28:55.481927+00:00,405.0,3225.872,3225.6,3225.99,ETH
2026-01-06 09:21:46+00:00,2026-01-06 09:28:56.482429+00:00,406.0,3225.982,3225.65,3226.09,ETH
2026-01-06 09:21:47+00:00,2026-01-06 09:28:57.502345+00:00,407.0,3225.992,3225.64,3226.17,ETH
2026-01-06 09:21:48+00:00,2026-01-06 09:28:58.501548+00:00,408.0,3225.952,3225.62,3226.19,ETH
2026-01-06 09:21:49+00:00,2026-01-06 09:28:59.515341+00:00,409.0,3225.862,3225.6,3226.15,ETH
2026-01-06 09:21:51+00:00,2026-01-06 09:29:00.693641+00:00,411.0,3225.752,3225.58,3226.11,ETH
2026-01-06 09:21:52+00:00,2026-01-06 09:29:01.707694+00:00,412.0,3225.752,3225.54,3226.01,ETH
2026-01-06 09:21:53+00:00,2026-01-06 09:29:02.702093+00:00,413.0,3225.752,3225.54,3226.01,ETH
2026-01-06 09:21:54+00:00,2026-01-06 09:29:03.714905+00:00,414.0,3225.752,3225.54,3225.94,ETH
2026-01-06 09:21:55+00:00,2026-01-06 09:29:04.702160+00:00,415.0,3225.752,3225.54,3225.92,ETH
2026-01-06 09:21:56+00:00,2026-01-06 09:29:05.692025+00:00,416.0,3225.752,3225.54,3225.93,ETH
2026-01-06 09:21:57+00:00,2026-01-06 09:29:06.699401+00:00,417.0,3225.752,3225.54,3225.93,ETH
2026-01-06 09:21:58+00:00,2026-01-06 09:29:07.715567+00:00,418.0,3225.752,3225.5,3225.89,ETH
2026-01-06 09:21:59+00:00,2026-01-06 09:29:08.709423+00:00,419.0,3225.752,3225.5,3225.89,ETH
2026-01-06 09:22:00+00:00,2026-01-06 09:29:10.714477+00:00,420.0,3225.752,3225.5,3225.98,ETH
2026-01-06 09:22:01+00:00,2026-01-06 09:29:11.720083+00:00,421.0,3225.752,3225.5,3225.89,ETH
2026-01-06 09:22:02+00:00,2026-01-06 09:29:12.731310+00:00,422.0,3225.752,3225.49,3225.8,ETH
2026-01-06 09:22:03+00:00,2026-01-06 09:29:13.743282+00:00,423.0,3225.662,3225.39,3225.76,ETH
2026-01-06 09:22:04+00:00,2026-01-06 09:29:14.733717+00:00,424.0,3225.592,3225.29,3225.73,ETH
2026-01-06 09:22:05+00:00,2026-01-06 09:29:15.740836+00:00,425.0,3225.562,3225.28,3225.7,ETH
2026-01-06 09:22:06+00:00,2026-01-06 09:29:16.748593+00:00,426.0,3225.462,3225.29,3225.67,ETH
2026-01-06 09:22:07+00:00,2026-01-06 09:29:17.764984+00:00,427.0,3225.452,3225.31,3225.71,ETH
2026-01-06 09:22:08+00:00,2026-01-06 09:29:18.788351+00:00,428.0,3225.582,3225.32,3225.75,ETH
2026-01-06 09:22:09+00:00,2026-01-06 09:29:19.784633+00:00,429.0,3225.662,3225.32,3225.76,ETH
2026-01-06 09:22:10+00:00,2026-01-06 09:29:20.779186+00:00,430.0,3225.682,3225.34,3225.77,ETH
2026-01-06 09:22:11+00:00,2026-01-06 09:29:21.797481+00:00,431.0,3225.652,3225.36,3225.77,ETH
2026-01-06 09:22:12+00:00,2026-01-06 09:29:22.817120+00:00,432.0,3225.602,3225.33,3225.81,ETH
2026-01-06 09:22:13+00:00,2026-01-06 09:29:23.800585+00:00,433.0,3225.602,3225.32,3225.81,ETH
2026-01-06 09:22:14+00:00,2026-01-06 09:29:24.801699+00:00,434.0,3225.552,3225.29,3225.74,ETH
2026-01-06 09:22:15+00:00,2026-01-06 09:29:25.811990+00:00,435.0,3225.492,3225.25,3225.62,ETH
2026-01-06 09:22:16+00:00,2026-01-06 09:29:26.811429+00:00,436.0,3225.492,3225.26,3225.54,ETH
2026-01-06 09:22:17+00:00,2026-01-06 09:29:27.822506+00:00,437.0,3225.502,3225.26,3225.54,ETH
2026-01-06 09:22:18+00:00,2026-01-06 09:29:28.838760+00:00,438.0,3225.502,3225.25,3225.55,ETH
2026-01-06 09:22:19+00:00,2026-01-06 09:29:29.832179+00:00,439.0,3225.552,3225.35,3225.63,ETH
2026-01-06 09:22:20+00:00,2026-01-06 09:29:30.832846+00:00,440.0,3225.622,3225.44,3225.7,ETH
2026-01-06 09:22:21+00:00,2026-01-06 09:29:31.849232+00:00,441.0,3225.642,3225.44,3225.7,ETH
2026-01-06 09:22:22+00:00,2026-01-06 09:29:32.865512+00:00,442.0,3225.642,3225.42,3225.7,ETH
2026-01-06 09:22:23+00:00,2026-01-06 09:29:33.858805+00:00,443.0,3225.662,3225.42,3225.73,ETH
2026-01-06 09:22:24+00:00,2026-01-06 09:29:34.882472+00:00,444.0,3225.672,3225.43,3225.76,ETH
2026-01-06 09:22:25+00:00,2026-01-06 09:29:35.886124+00:00,445.0,3225.542,3225.38,3225.67,ETH
2026-01-06 09:22:26+00:00,2026-01-06 09:29:36.882115+00:00,446.0,3225.432,3225.34,3225.56,ETH
2026-01-06 09:22:27+00:00,2026-01-06 09:29:37.900873+00:00,447.0,3225.352,3225.19,3225.48,ETH
2026-01-06 09:22:28+00:00,2026-01-06 09:29:38.925215+00:00,448.0,3225.262,3225.05,3225.41,ETH
2026-01-06 09:22:29+00:00,2026-01-06 09:29:39.938839+00:00,449.0,3225.262,3225.05,3225.42,ETH
2026-01-06 09:22:30+00:00,2026-01-06 09:29:40.931229+00:00,450.0,3225.172,3224.92,3225.27,ETH
2026-01-06 09:22:31+00:00,2026-01-06 09:29:41.936230+00:00,451.0,3225.022,3224.78,3225.11,ETH
2026-01-06 09:22:32+00:00,2026-01-06 09:29:42.970349+00:00,452.0,3224.932,3224.78,3225.11,ETH
2026-01-06 09:22:33+00:00,2026-01-06 09:29:43.965956+00:00,453.0,3224.912,3224.78,3225.11,ETH
2026-01-06 09:22:34+00:00,2026-01-06 09:29:44.991396+00:00,454.0,3224.982,3224.78,3225.11,ETH
2026-01-06 09:22:35+00:00,2026-01-06 09:29:45.989660+00:00,455.0,3225.012,3224.77,3225.1,ETH
2026-01-06 09:22:36+00:00,2026-01-06 09:29:46.982798+00:00,456.0,3224.632,3224.48,3224.78,ETH
2026-01-06 09:22:37+00:00,2026-01-06 09:29:47.996857+00:00,457.0,3224.312,3224.18,3224.46,ETH
2026-01-06 09:22:38+00:00,2026-01-06 09:29:48.992031+00:00,458.0,3224.362,3224.17,3224.47,ETH
2026-01-06 09:22:39+00:00,2026-01-06 09:29:49.999956+00:00,459.0,3224.352,3224.18,3224.53,ETH
2026-01-06 09:22:40+00:00,2026-01-06 09:29:51.011322+00:00,460.0,3224.302,3224.17,3224.57,ETH
2026-01-06 09:22:41+00:00,2026-01-06 09:29:52.031834+00:00,461.0,3224.302,3224.16,3224.59,ETH
2026-01-06 09:22:42+00:00,2026-01-06 09:29:53.028867+00:00,462.0,3224.252,3224.15,3224.52,ETH
2026-01-06 09:22:43+00:00,2026-01-06 09:29:54.032737+00:00,463.0,3224.222,3224.14,3224.45,ETH
2026-01-06 09:22:44+00:00,2026-01-06 09:29:55.030353+00:00,464.0,3224.252,3224.15,3224.49,ETH
2026-01-06 09:22:45+00:00,2026-01-06 09:29:56.045484+00:00,465.0,3224.322,3224.16,3224.45,ETH
2026-01-06 09:22:46+00:00,2026-01-06 09:29:57.063356+00:00,466.0,3224.372,3224.16,3224.43,ETH
2026-01-06 09:22:47+00:00,2026-01-06 09:29:58.078633+00:00,467.0,3224.362,3224.16,3224.44,ETH
2026-01-06 09:22:48+00:00,2026-01-06 09:29:59.081721+00:00,468.0,3224.342,3224.16,3224.43,ETH
2026-01-06 09:22:49+00:00,2026-01-06 09:30:00.093589+00:00,469.0,3224.402,3224.16,3224.62,ETH
2026-01-06 09:22:50+00:00,2026-01-06 09:30:01.098221+00:00,470.0,3224.402,3224.28,3224.58,ETH
2026-01-06 09:22:51+00:00,2026-01-06 09:30:02.095149+00:00,471.0,3224.402,3224.28,3224.58,ETH
2026-01-06 09:22:52+00:00,2026-01-06 09:30:03.105415+00:00,472.0,3224.402,3224.28,3224.5,ETH
2026-01-06 09:22:53+00:00,2026-01-06 09:30:04.114844+00:00,473.0,3224.402,3224.28,3224.59,ETH
2026-01-06 09:22:54+00:00,2026-01-06 09:30:05.115569+00:00,474.0,3224.402,3224.28,3224.46,ETH
2026-01-06 09:22:55+00:00,2026-01-06 09:30:06.115943+00:00,475.0,3224.412,3224.27,3224.58,ETH
2026-01-06 09:22:56+00:00,2026-01-06 09:30:07.108654+00:00,476.0,3224.602,3224.34,3224.85,ETH
2026-01-06 09:22:57+00:00,2026-01-06 09:30:08.125849+00:00,477.0,3225.582,3225.31,3225.71,ETH
2026-01-06 09:22:58+00:00,2026-01-06 09:30:09.132449+00:00,478.0,3225.832,3225.51,3225.9,ETH
2026-01-06 09:22:59+00:00,2026-01-06 09:30:10.132469+00:00,479.0,3225.872,3225.53,3225.91,ETH
2026-01-06 09:23:00+00:00,2026-01-06 09:30:11.136099+00:00,480.0,3225.872,3225.53,3226.08,ETH
2026-01-06 09:23:01+00:00,2026-01-06 09:30:12.125467+00:00,481.0,3225.872,3225.54,3226.06,ETH
2026-01-06 09:23:02+00:00,2026-01-06 09:30:13.132489+00:00,482.0,3225.962,3225.65,3226.23,ETH
2026-01-06 09:23:03+00:00,2026-01-06 09:30:14.129466+00:00,483.0,3225.572,3225.2,3225.71,ETH
2026-01-06 09:23:04+00:00,2026-01-06 09:30:15.129982+00:00,484.0,3225.552,3225.19,3225.71,ETH
2026-01-06 09:23:05+00:00,2026-01-06 09:30:16.134926+00:00,485.0,3225.922,3225.6,3225.95,ETH
2026-01-06 09:23:06+00:00,2026-01-06 09:30:17.142260+00:00,486.0,3225.922,3225.6,3226.26,ETH
2026-01-06 09:23:07+00:00,2026-01-06 09:30:18.159491+00:00,487.0,3226.162,3225.85,3226.47,ETH
2026-01-06 09:23:08+00:00,2026-01-06 09:30:19.148263+00:00,488.0,3226.232,3225.93,3226.49,ETH
2026-01-06 09:23:09+00:00,2026-01-06 09:30:20.143516+00:00,489.0,3226.232,3226.0,3226.56,ETH
2026-01-06 09:23:10+00:00,2026-01-06 09:30:21.155130+00:00,490.0,3226.532,3226.18,3226.69,ETH
2026-01-06 09:23:11+00:00,2026-01-06 09:30:22.183564+00:00,491.0,3226.532,3226.18,3226.77,ETH
2026-01-06 09:23:12+00:00,2026-01-06 09:30:23.186904+00:00,492.0,3226.542,3226.19,3226.79,ETH
2026-01-06 09:23:13+00:00,2026-01-06 09:30:24.231315+00:00,493.0,3226.552,3226.19,3226.87,ETH
2026-01-06 09:23:14+00:00,2026-01-06 09:30:25.223745+00:00,494.0,3226.552,3226.18,3226.9,ETH
2026-01-06 09:23:15+00:00,2026-01-06 09:30:26.222993+00:00,495.0,3226.552,3226.18,3226.91,ETH
2026-01-06 09:23:16+00:00,2026-01-06 09:30:27.221985+00:00,496.0,3226.552,3226.18,3226.91,ETH
2026-01-06 09:23:17+00:00,2026-01-06 09:30:28.234146+00:00,497.0,3226.552,3226.18,3226.91,ETH
2026-01-06 09:23:18+00:00,2026-01-06 09:30:29.260818+00:00,498.0,3226.492,3226.2,3226.8,ETH
2026-01-06 09:23:19+00:00,2026-01-06 09:30:30.229141+00:00,499.0,3226.492,3226.2,3226.81,ETH
2026-01-06 09:23:20+00:00,2026-01-06 09:30:31.225473+00:00,500.0,3226.492,3226.19,3226.83,ETH
2026-01-06 09:23:21+00:00,2026-01-06 09:30:32.270391+00:00,501.0,3226.492,3226.19,3226.85,ETH
2026-01-06 09:23:22+00:00,2026-01-06 09:30:33.245362+00:00,502.0,3226.492,3226.19,3226.78,ETH
2026-01-06 09:23:23+00:00,2026-01-06 09:30:34.254751+00:00,503.0,3226.482,3226.12,3226.69,ETH
2026-01-06 09:23:24+00:00,2026-01-06 09:30:35.249720+00:00,504.0,3226.482,3226.12,3226.59,ETH
2026-01-06 09:23:25+00:00,2026-01-06 09:30:36.224607+00:00,505.0,3226.472,3226.11,3226.68,ETH
2026-01-06 09:23:26+00:00,2026-01-06 09:30:37.224224+00:00,506.0,3226.472,3226.1,3226.68,ETH
2026-01-06 09:23:27+00:00,2026-01-06 09:30:38.230823+00:00,507.0,3226.472,3226.1,3226.7,ETH
2026-01-06 09:23:28+00:00,2026-01-06 09:30:39.230619+00:00,508.0,3226.482,3226.11,3226.7,ETH
2026-01-06 09:23:29+00:00,2026-01-06 09:30:40.264206+00:00,509.0,3226.482,3226.11,3226.71,ETH
2026-01-06 09:23:30+00:00,2026-01-06 09:30:41.241519+00:00,510.0,3226.372,3226.01,3226.72,ETH
2026-01-06 09:23:31+00:00,2026-01-06 09:30:42.254777+00:00,511.0,3226.372,3226.01,3226.63,ETH
2026-01-06 09:23:32+00:00,2026-01-06 09:30:43.252187+00:00,512.0,3226.402,3226.05,3226.72,ETH
2026-01-06 09:23:33+00:00,2026-01-06 09:30:44.257990+00:00,513.0,3226.402,3226.05,3226.62,ETH
2026-01-06 09:23:34+00:00,2026-01-06 09:30:45.256883+00:00,514.0,3226.402,3226.05,3226.62,ETH
2026-01-06 09:23:35+00:00,2026-01-06 09:30:46.259394+00:00,515.0,3226.442,3226.1,3226.78,ETH
2026-01-06 09:23:36+00:00,2026-01-06 09:30:48.301331+00:00,516.0,3226.442,3226.1,3226.76,ETH
2026-01-06 09:23:37+00:00,2026-01-06 09:30:49.297940+00:00,517.0,3226.452,3226.11,3226.79,ETH
2026-01-06 09:23:38+00:00,2026-01-06 09:30:50.316064+00:00,518.0,3226.452,3226.11,3226.79,ETH
2026-01-06 09:23:39+00:00,2026-01-06 09:30:51.318562+00:00,519.0,3226.452,3226.11,3226.79,ETH
2026-01-06 09:23:40+00:00,2026-01-06 09:30:52.316546+00:00,520.0,3226.292,3225.97,3226.51,ETH
2026-01-06 09:23:41+00:00,2026-01-06 09:30:53.331031+00:00,521.0,3226.122,3225.81,3226.22,ETH
2026-01-06 09:23:42+00:00,2026-01-06 09:30:54.324807+00:00,522.0,3226.082,3225.74,3226.22,ETH
2026-01-06 09:23:43+00:00,2026-01-06 09:30:55.334909+00:00,523.0,3226.022,3225.7,3226.23,ETH
2026-01-06 09:23:44+00:00,2026-01-06 09:30:56.329715+00:00,524.0,3226.022,3225.69,3226.23,ETH
2026-01-06 09:23:45+00:00,2026-01-06 09:30:57.344689+00:00,525.0,3226.032,3225.69,3226.23,ETH
2026-01-06 09:23:46+00:00,2026-01-06 09:30:58.346003+00:00,526.0,3226.052,3225.72,3226.23,ETH
2026-01-06 09:23:47+00:00,2026-01-06 09:30:59.358308+00:00,527.0,3226.062,3225.74,3226.23,ETH
2026-01-06 09:23:48+00:00,2026-01-06 09:31:00.360325+00:00,528.0,3226.062,3225.74,3226.23,ETH
2026-01-06 09:23:49+00:00,2026-01-06 09:31:01.379582+00:00,529.0,3226.062,3225.74,3226.23,ETH
2026-01-06 09:23:50+00:00,2026-01-06 09:31:02.379549+00:00,530.0,3226.072,3225.73,3226.23,ETH
2026-01-06 09:23:51+00:00,2026-01-06 09:31:03.443305+00:00,531.0,3226.002,3225.72,3226.23,ETH
2026-01-06 09:23:52+00:00,2026-01-06 09:31:04.443438+00:00,532.0,3225.942,3225.71,3226.23,ETH
2026-01-06 09:23:53+00:00,2026-01-06 09:31:05.432675+00:00,533.0,3225.992,3225.71,3226.23,ETH
2026-01-06 09:23:54+00:00,2026-01-06 09:31:06.444436+00:00,534.0,3226.002,3225.7,3226.23,ETH
2026-01-06 09:23:55+00:00,2026-01-06 09:31:07.443594+00:00,535.0,3226.002,3225.69,3226.23,ETH
2026-01-06 09:23:56+00:00,2026-01-06 09:31:08.446829+00:00,536.0,3226.042,3225.69,3226.23,ETH
2026-01-06 09:23:57+00:00,2026-01-06 09:31:09.448974+00:00,537.0,3226.002,3225.69,3226.23,ETH
2026-01-06 09:23:58+00:00,2026-01-06 09:31:10.473728+00:00,538.0,3225.952,3225.69,3226.23,ETH
2026-01-06 09:23:59+00:00,2026-01-06 09:31:11.477591+00:00,539.0,3225.952,3225.69,3226.23,ETH
2026-01-06 09:24:00+00:00,2026-01-06 09:31:12.493266+00:00,540.0,3225.952,3225.71,3226.23,ETH
2026-01-06 09:24:01+00:00,2026-01-06 09:31:13.477589+00:00,541.0,3225.932,3225.73,3226.23,ETH
2026-01-06 09:24:02+00:00,2026-01-06 09:31:14.510041+00:00,542.0,3225.842,3225.69,3226.23,ETH
2026-01-06 09:24:03+00:00,2026-01-06 09:31:15.513575+00:00,543.0,3225.842,3225.64,3226.23,ETH
2026-01-06 09:24:04+00:00,2026-01-06 09:31:16.529548+00:00,544.0,3225.932,3225.63,3226.23,ETH
2026-01-06 09:24:05+00:00,2026-01-06 09:31:17.532161+00:00,545.0,3225.932,3225.63,3226.23,ETH
2026-01-06 09:24:06+00:00,2026-01-06 09:31:18.544018+00:00,546.0,3225.942,3225.65,3226.23,ETH
2026-01-06 09:24:07+00:00,2026-01-06 09:31:19.563577+00:00,547.0,3226.072,3225.8,3226.29,ETH
2026-01-06 09:24:08+00:00,2026-01-06 09:31:20.575137+00:00,548.0,3226.212,3225.95,3226.34,ETH
2026-01-06 09:24:09+00:00,2026-01-06 09:31:21.577417+00:00,549.0,3226.242,3225.95,3226.36,ETH
2026-01-06 09:24:10+00:00,2026-01-06 09:31:22.577697+00:00,550.0,3226.262,3225.95,3226.39,ETH
2026-01-06 09:24:11+00:00,2026-01-06 09:31:23.575096+00:00,551.0,3226.282,3225.94,3226.39,ETH
2026-01-06 09:24:12+00:00,2026-01-06 09:31:24.579515+00:00,552.0,3226.272,3225.95,3226.35,ETH
2026-01-06 09:24:13+00:00,2026-01-06 09:31:25.590447+00:00,553.0,3226.262,3225.96,3226.35,ETH
2026-01-06 09:24:14+00:00,2026-01-06 09:31:26.594235+00:00,554.0,3226.312,3226.05,3226.47,ETH
2026-01-06 09:24:15+00:00,2026-01-06 09:31:27.628465+00:00,555.0,3226.372,3226.14,3226.56,ETH
2026-01-06 09:24:16+00:00,2026-01-06 09:31:28.623961+00:00,556.0,3226.422,3226.14,3226.62,ETH
2026-01-06 09:24:17+00:00,2026-01-06 09:31:29.641358+00:00,557.0,3226.472,3226.14,3226.66,ETH
2026-01-06 09:24:18+00:00,2026-01-06 09:31:30.646040+00:00,558.0,3226.472,3226.14,3226.68,ETH
2026-01-06 09:24:19+00:00,2026-01-06 09:31:31.645118+00:00,559.0,3226.472,3226.14,3226.66,ETH
2026-01-06 09:24:20+00:00,2026-01-06 09:31:32.660241+00:00,560.0,3226.472,3226.14,3226.66,ETH
2026-01-06 09:24:21+00:00,2026-01-06 09:31:33.703132+00:00,561.0,3226.472,3226.15,3226.69,ETH
2026-01-06 09:24:22+00:00,2026-01-06 09:31:34.705695+00:00,562.0,3226.472,3226.14,3226.73,ETH
2026-01-06 09:24:23+00:00,2026-01-06 09:31:35.712432+00:00,563.0,3226.332,3226.1,3226.7,ETH
2026-01-06 09:24:24+00:00,2026-01-06 09:31:36.738787+00:00,564.0,3226.332,3226.1,3226.6,ETH
2026-01-06 09:24:25+00:00,2026-01-06 09:31:37.722284+00:00,565.0,3226.472,3226.12,3226.6,ETH
2026-01-06 09:24:26+00:00,2026-01-06 09:31:38.731103+00:00,566.0,3226.462,3226.12,3226.61,ETH
2026-01-06 09:24:27+00:00,2026-01-06 09:31:39.738691+00:00,567.0,3226.462,3226.12,3226.61,ETH
2026-01-06 09:24:28+00:00,2026-01-06 09:31:40.728950+00:00,568.0,3226.502,3226.17,3226.63,ETH
2026-01-06 09:24:29+00:00,2026-01-06 09:31:41.740669+00:00,569.0,3226.542,3226.22,3226.64,ETH
2026-01-06 09:24:30+00:00,2026-01-06 09:31:42.740651+00:00,570.0,3226.542,3226.22,3226.62,ETH
2026-01-06 09:24:31+00:00,2026-01-06 09:31:43.736231+00:00,571.0,3226.542,3226.22,3226.62,ETH
2026-01-06 09:24:32+00:00,2026-01-06 09:31:44.739240+00:00,572.0,3226.542,3226.22,3226.64,ETH
2026-01-06 09:24:33+00:00,2026-01-06 09:31:45.740143+00:00,573.0,3226.372,3226.13,3226.61,ETH
2026-01-06 09:24:34+00:00,2026-01-06 09:31:46.845442+00:00,574.0,3226.122,3225.88,3226.44,ETH
2026-01-06 09:24:35+00:00,2026-01-06 09:31:47.837207+00:00,575.0,3226.032,3225.72,3226.28,ETH
2026-01-06 09:24:36+00:00,2026-01-06 09:31:48.855568+00:00,576.0,3226.032,3225.84,3226.21,ETH
2026-01-06 09:24:37+00:00,2026-01-06 09:31:49.876557+00:00,577.0,3226.052,3225.97,3226.18,ETH
2026-01-06 09:24:38+00:00,2026-01-06 09:31:50.893982+00:00,578.0,3226.052,3225.99,3226.2,ETH
2026-01-06 09:24:39+00:00,2026-01-06 09:31:51.895375+00:00,579.0,3226.052,3226.0,3226.16,ETH
2026-01-06 09:24:40+00:00,2026-01-06 09:31:52.898953+00:00,580.0,3226.052,3225.99,3226.09,ETH
2026-01-06 09:24:41+00:00,2026-01-06 09:31:53.911622+00:00,581.0,3226.042,3225.96,3226.09,ETH
2026-01-06 09:24:42+00:00,2026-01-06 09:31:54.912643+00:00,582.0,3226.002,3225.93,3226.08,ETH
2026-01-06 09:24:43+00:00,2026-01-06 09:31:55.924881+00:00,583.0,3225.922,3225.88,3225.99,ETH
2026-01-06 09:24:44+00:00,2026-01-06 09:31:56.926983+00:00,584.0,3225.762,3225.71,3225.84,ETH
2026-01-06 09:24:45+00:00,2026-01-06 09:31:57.946792+00:00,585.0,3225.622,3225.59,3225.76,ETH
2026-01-06 09:24:46+00:00,2026-01-06 09:31:58.946705+00:00,586.0,3225.592,3225.56,3225.7,ETH
2026-01-06 09:24:47+00:00,2026-01-06 09:31:59.955308+00:00,587.0,3225.562,3225.53,3225.62,ETH
2026-01-06 09:24:48+00:00,2026-01-06 09:32:00.958278+00:00,588.0,3225.592,3225.57,3225.66,ETH
2026-01-06 09:24:49+00:00,2026-01-06 09:32:01.975843+00:00,589.0,3225.622,3225.61,3225.7,ETH
2026-01-06 09:24:50+00:00,2026-01-06 09:32:02.987594+00:00,590.0,3225.622,3225.62,3225.77,ETH
2026-01-06 09:24:51+00:00,2026-01-06 09:32:03.996100+00:00,591.0,3225.622,3225.6,3225.65,ETH
2026-01-06 09:24:52+00:00,2026-01-06 09:32:04.978927+00:00,592.0,3225.622,3225.58,3225.66,ETH
2026-01-06 09:24:53+00:00,2026-01-06 09:32:05.992483+00:00,593.0,3225.622,3225.58,3225.64,ETH
2026-01-06 09:24:54+00:00,2026-01-06 09:32:06.992311+00:00,594.0,3225.622,3225.59,3225.65,ETH
2026-01-06 09:24:55+00:00,2026-01-06 09:32:07.980140+00:00,595.0,3225.612,3225.56,3225.65,ETH
2026-01-06 09:24:56+00:00,2026-01-06 09:32:08.992330+00:00,596.0,3225.622,3225.58,3225.7,ETH
2026-01-06 09:24:57+00:00,2026-01-06 09:32:09.996577+00:00,597.0,3225.622,3225.58,3225.72,ETH
2026-01-06 09:24:58+00:00,2026-01-06 09:32:10.996953+00:00,598.0,3225.622,3225.58,3225.67,ETH
2026-01-06 09:24:59+00:00,2026-01-06 09:32:12.003714+00:00,599.0,3225.622,3225.57,3225.69,ETH
2026-01-06 09:25:00+00:00,2026-01-06 09:32:13.010663+00:00,600.0,3225.622,3225.57,3225.69,ETH
2026-01-06 09:25:01+00:00,2026-01-06 09:32:14.020717+00:00,601.0,3225.622,3225.57,3225.69,ETH
2026-01-06 09:25:02+00:00,2026-01-06 09:32:15.032820+00:00,602.0,3225.622,3225.57,3225.68,ETH
2026-01-06 09:25:03+00:00,2026-01-06 09:32:16.042007+00:00,603.0,3225.622,3225.57,3225.73,ETH
2026-01-06 09:25:04+00:00,2026-01-06 09:32:17.058659+00:00,604.0,3225.622,3225.57,3225.79,ETH
2026-01-06 09:25:05+00:00,2026-01-06 09:32:18.075428+00:00,605.0,3225.622,3225.57,3225.73,ETH
2026-01-06 09:25:06+00:00,2026-01-06 09:32:19.090632+00:00,606.0,3225.622,3225.6,3225.85,ETH
2026-01-06 09:25:07+00:00,2026-01-06 09:32:20.110926+00:00,607.0,3225.622,3225.6,3225.87,ETH
2026-01-06 09:25:08+00:00,2026-01-06 09:32:21.132375+00:00,608.0,3225.622,3225.61,3225.88,ETH
2026-01-06 09:25:09+00:00,2026-01-06 09:32:22.107122+00:00,609.0,3225.642,3225.63,3225.79,ETH
2026-01-06 09:25:10+00:00,2026-01-06 09:32:23.124734+00:00,610.0,3225.642,3225.63,3225.84,ETH
2026-01-06 09:25:11+00:00,2026-01-06 09:32:24.119008+00:00,611.0,3225.642,3225.58,3225.79,ETH
2026-01-06 09:25:12+00:00,2026-01-06 09:32:25.126305+00:00,612.0,3225.642,3225.58,3225.77,ETH
2026-01-06 09:25:13+00:00,2026-01-06 09:32:26.137927+00:00,613.0,3225.642,3225.58,3225.75,ETH
2026-01-06 09:25:14+00:00,2026-01-06 09:32:28.141142+00:00,614.0,3225.472,3225.46,3225.61,ETH
2026-01-06 09:25:15+00:00,2026-01-06 09:32:29.153633+00:00,615.0,3225.452,3225.35,3225.47,ETH
2026-01-06 09:25:17+00:00,2026-01-06 09:32:30.187722+00:00,617.0,3225.432,3225.25,3225.45,ETH
2026-01-06 09:25:18+00:00,2026-01-06 09:32:31.219308+00:00,618.0,3225.432,3225.23,3225.45,ETH
2026-01-06 09:25:19+00:00,2026-01-06 09:32:32.226173+00:00,619.0,3225.432,3225.27,3225.48,ETH
2026-01-06 09:25:20+00:00,2026-01-06 09:32:33.189960+00:00,620.0,3225.392,3225.24,3225.45,ETH
2026-01-06 09:25:21+00:00,2026-01-06 09:32:34.189630+00:00,621.0,3225.392,3225.24,3225.45,ETH
2026-01-06 09:25:22+00:00,2026-01-06 09:32:35.205569+00:00,622.0,3225.372,3225.24,3225.45,ETH
2026-01-06 09:25:23+00:00,2026-01-06 09:32:36.197665+00:00,623.0,3225.402,3225.23,3225.44,ETH
2026-01-06 09:25:24+00:00,2026-01-06 09:32:37.189980+00:00,624.0,3225.392,3225.24,3225.42,ETH
2026-01-06 09:25:25+00:00,2026-01-06 09:32:38.197553+00:00,625.0,3225.382,3225.24,3225.45,ETH
2026-01-06 09:25:26+00:00,2026-01-06 09:32:39.216255+00:00,626.0,3225.412,3225.27,3225.45,ETH
2026-01-06 09:25:27+00:00,2026-01-06 09:32:40.212291+00:00,627.0,3225.412,3225.27,3225.45,ETH
2026-01-06 09:25:28+00:00,2026-01-06 09:32:41.226046+00:00,628.0,3225.422,3225.27,3225.46,ETH
2026-01-06 09:25:29+00:00,2026-01-06 09:32:42.238802+00:00,629.0,3225.432,3225.27,3225.47,ETH
2026-01-06 09:25:30+00:00,2026-01-06 09:32:43.344895+00:00,630.0,3225.412,3225.27,3225.45,ETH
2026-01-06 09:25:31+00:00,2026-01-06 09:32:44.356471+00:00,631.0,3225.422,3225.27,3225.46,ETH
2026-01-06 09:25:32+00:00,2026-01-06 09:32:45.376577+00:00,632.0,3225.422,3225.27,3225.45,ETH
2026-01-06 09:25:33+00:00,2026-01-06 09:32:46.392965+00:00,633.0,3225.412,3225.25,3225.45,ETH
2026-01-06 09:25:34+00:00,2026-01-06 09:32:47.403254+00:00,634.0,3225.392,3225.25,3225.45,ETH
2026-01-06 09:25:35+00:00,2026-01-06 09:32:48.421807+00:00,635.0,3225.412,3225.25,3225.45,ETH
2026-01-06 09:25:36+00:00,2026-01-06 09:32:49.435653+00:00,636.0,3225.372,3225.25,3225.45,ETH
2026-01-06 09:25:37+00:00,2026-01-06 09:32:50.456327+00:00,637.0,3225.362,3225.25,3225.45,ETH
2026-01-06 09:25:38+00:00,2026-01-06 09:32:51.459006+00:00,638.0,3225.372,3225.26,3225.45,ETH
2026-01-06 09:25:39+00:00,2026-01-06 09:32:52.461526+00:00,639.0,3225.382,3225.25,3225.45,ETH
2026-01-06 09:25:40+00:00,2026-01-06 09:32:53.473921+00:00,640.0,3225.432,3225.27,3225.47,ETH
2026-01-06 09:25:41+00:00,2026-01-06 09:32:54.475481+00:00,641.0,3225.442,3225.39,3225.58,ETH
2026-01-06 09:25:42+00:00,2026-01-06 09:32:55.480019+00:00,642.0,3225.442,3225.4,3225.58,ETH
2026-01-06 09:25:43+00:00,2026-01-06 09:32:56.488875+00:00,643.0,3225.492,3225.41,3225.56,ETH
2026-01-06 09:25:44+00:00,2026-01-06 09:32:57.491045+00:00,644.0,3225.492,3225.41,3225.53,ETH
2026-01-06 09:25:45+00:00,2026-01-06 09:32:58.491326+00:00,645.0,3225.492,3225.41,3225.55,ETH
2026-01-06 09:25:46+00:00,2026-01-06 09:32:59.487409+00:00,646.0,3225.442,3225.35,3225.51,ETH
2026-01-06 09:25:47+00:00,2026-01-06 09:33:00.495571+00:00,647.0,3225.482,3225.35,3225.51,ETH
2026-01-06 09:25:48+00:00,2026-01-06 09:33:01.510968+00:00,648.0,3225.512,3225.38,3225.55,ETH
2026-01-06 09:25:49+00:00,2026-01-06 09:33:02.528324+00:00,649.0,3225.512,3225.39,3225.56,ETH
2026-01-06 09:25:50+00:00,2026-01-06 09:33:03.521512+00:00,650.0,3225.522,3225.38,3225.57,ETH
2026-01-06 09:25:51+00:00,2026-01-06 09:33:04.527758+00:00,651.0,3225.512,3225.39,3225.59,ETH
2026-01-06 09:25:52+00:00,2026-01-06 09:33:05.544017+00:00,652.0,3225.532,3225.38,3225.59,ETH
2026-01-06 09:25:53+00:00,2026-01-06 09:33:06.557541+00:00,653.0,3225.522,3225.39,3225.57,ETH
2026-01-06 09:25:54+00:00,2026-01-06 09:33:07.571528+00:00,654.0,3225.522,3225.38,3225.56,ETH
2026-01-06 09:25:55+00:00,2026-01-06 09:33:08.571826+00:00,655.0,3225.512,3225.39,3225.55,ETH
2026-01-06 09:25:56+00:00,2026-01-06 09:33:09.561662+00:00,656.0,3225.522,3225.38,3225.57,ETH
2026-01-06 09:25:57+00:00,2026-01-06 09:33:10.576506+00:00,657.0,3225.522,3225.39,3225.6,ETH
2026-01-06 09:25:58+00:00,2026-01-06 09:33:11.587036+00:00,658.0,3225.522,3225.39,3225.57,ETH
2026-01-06 09:25:59+00:00,2026-01-06 09:33:12.594240+00:00,659.0,3225.522,3225.39,3225.56,ETH
2026-01-06 09:26:00+00:00,2026-01-06 09:33:13.587545+00:00,660.0,3225.522,3225.39,3225.57,ETH
2026-01-06 09:26:01+00:00,2026-01-06 09:33:14.583360+00:00,661.0,3225.522,3225.38,3225.58,ETH
2026-01-06 09:26:02+00:00,2026-01-06 09:33:16.588810+00:00,662.0,3225.522,3225.38,3225.61,ETH
2026-01-06 09:26:03+00:00,2026-01-06 09:33:17.589361+00:00,663.0,3225.522,3225.38,3225.61,ETH
2026-01-06 09:26:04+00:00,2026-01-06 09:33:18.600079+00:00,664.0,3225.522,3225.38,3225.62,ETH
2026-01-06 09:26:05+00:00,2026-01-06 09:33:19.612083+00:00,665.0,3225.422,3225.33,3225.57,ETH
2026-01-06 09:26:06+00:00,2026-01-06 09:33:20.610325+00:00,666.0,3225.422,3225.33,3225.55,ETH
2026-01-06 09:26:07+00:00,2026-01-06 09:33:21.622114+00:00,667.0,3225.512,3225.39,3225.59,ETH
2026-01-06 09:26:08+00:00,2026-01-06 09:33:22.620638+00:00,668.0,3225.512,3225.39,3225.59,ETH
2026-01-06 09:26:09+00:00,2026-01-06 09:33:23.624034+00:00,669.0,3225.512,3225.39,3225.56,ETH
2026-01-06 09:26:10+00:00,2026-01-06 09:33:24.633129+00:00,670.0,3225.502,3225.38,3225.53,ETH
2026-01-06 09:26:11+00:00,2026-01-06 09:33:25.643783+00:00,671.0,3225.502,3225.39,3225.53,ETH
2026-01-06 09:26:12+00:00,2026-01-06 09:33:26.643471+00:00,672.0,3225.502,3225.4,3225.54,ETH
2026-01-06 09:26:13+00:00,2026-01-06 09:33:27.653532+00:00,673.0,3225.512,3225.39,3225.54,ETH
2026-01-06 09:26:15+00:00,2026-01-06 09:33:28.700228+00:00,675.0,3225.522,3225.4,3225.57,ETH
2026-01-06 09:26:16+00:00,2026-01-06 09:33:29.704985+00:00,676.0,3225.512,3225.4,3225.56,ETH
2026-01-06 09:26:17+00:00,2026-01-06 09:33:30.713895+00:00,677.0,3225.472,3225.39,3225.52,ETH
2026-01-06 09:26:18+00:00,2026-01-06 09:33:31.725491+00:00,678.0,3225.482,3225.42,3225.57,ETH
2026-01-06 09:26:19+00:00,2026-01-06 09:33:32.706143+00:00,679.0,3225.472,3225.41,3225.53,ETH
2026-01-06 09:26:20+00:00,2026-01-06 09:33:33.735527+00:00,680.0,3225.462,3225.41,3225.55,ETH
2026-01-06 09:26:21+00:00,2026-01-06 09:33:34.715016+00:00,681.0,3225.462,3225.41,3225.54,ETH
2026-01-06 09:26:22+00:00,2026-01-06 09:33:35.722623+00:00,682.0,3225.452,3225.41,3225.59,ETH
2026-01-06 09:26:23+00:00,2026-01-06 09:33:36.731484+00:00,683.0,3225.452,3225.3,3225.5,ETH
2026-01-06 09:26:24+00:00,2026-01-06 09:33:37.726651+00:00,684.0,3225.372,3225.31,3225.46,ETH
2026-01-06 09:26:25+00:00,2026-01-06 09:33:38.739198+00:00,685.0,3225.362,3225.31,3225.46,ETH
2026-01-06 09:26:26+00:00,2026-01-06 09:33:40.765575+00:00,686.0,3225.412,3225.31,3225.46,ETH
2026-01-06 09:26:27+00:00,2026-01-06 09:33:41.774610+00:00,687.0,3225.392,3225.3,3225.46,ETH
2026-01-06 09:26:28+00:00,2026-01-06 09:33:42.774080+00:00,688.0,3225.392,3225.3,3225.46,ETH
2026-01-06 09:26:29+00:00,2026-01-06 09:33:43.787317+00:00,689.0,3225.392,3225.3,3225.46,ETH
2026-01-06 09:26:30+00:00,2026-01-06 09:33:44.791940+00:00,690.0,3225.382,3225.3,3225.46,ETH
2026-01-06 09:26:31+00:00,2026-01-06 09:33:45.802942+00:00,691.0,3225.392,3225.3,3225.46,ETH
2026-01-06 09:26:32+00:00,2026-01-06 09:33:46.804826+00:00,692.0,3225.392,3225.3,3225.46,ETH
2026-01-06 09:26:33+00:00,2026-01-06 09:33:47.806736+00:00,693.0,3225.392,3225.31,3225.46,ETH
2026-01-06 09:26:34+00:00,2026-01-06 09:33:48.807343+00:00,694.0,3225.412,3225.3,3225.46,ETH
2026-01-06 09:26:35+00:00,2026-01-06 09:33:49.823397+00:00,695.0,3225.402,3225.3,3225.46,ETH
2026-01-06 09:26:36+00:00,2026-01-06 09:33:50.827129+00:00,696.0,3225.392,3225.31,3225.46,ETH
2026-01-06 09:26:37+00:00,2026-01-06 09:33:51.836700+00:00,697.0,3225.382,3225.32,3225.45,ETH
2026-01-06 09:26:38+00:00,2026-01-06 09:33:52.833283+00:00,698.0,3225.382,3225.32,3225.45,ETH
2026-01-06 09:26:39+00:00,2026-01-06 09:33:53.840828+00:00,699.0,3225.252,3225.16,3225.44,ETH
2026-01-06 09:26:40+00:00,2026-01-06 09:33:54.853220+00:00,700.0,3225.122,3225.05,3225.42,ETH
2026-01-06 09:26:41+00:00,2026-01-06 09:33:55.855884+00:00,701.0,3225.072,3225.05,3225.25,ETH
2026-01-06 09:26:42+00:00,2026-01-06 09:33:56.875645+00:00,702.0,3225.012,3225.0,3225.17,ETH
2026-01-06 09:26:43+00:00,2026-01-06 09:33:57.870834+00:00,703.0,3225.002,3224.99,3225.19,ETH
2026-01-06 09:26:44+00:00,2026-01-06 09:33:58.891682+00:00,704.0,3225.002,3224.99,3225.1,ETH
2026-01-06 09:26:45+00:00,2026-01-06 09:33:59.892633+00:00,705.0,3225.002,3224.99,3225.08,ETH
2026-01-06 09:26:46+00:00,2026-01-06 09:34:00.888147+00:00,706.0,3225.002,3224.99,3225.07,ETH
2026-01-06 09:26:47+00:00,2026-01-06 09:34:01.896361+00:00,707.0,3225.002,3224.99,3225.06,ETH
2026-01-06 09:26:48+00:00,2026-01-06 09:34:02.868603+00:00,708.0,3225.002,3224.98,3225.05,ETH
2026-01-06 09:26:49+00:00,2026-01-06 09:34:03.874108+00:00,709.0,3225.002,3224.98,3225.04,ETH
2026-01-06 09:26:50+00:00,2026-01-06 09:34:04.871538+00:00,710.0,3224.972,3224.94,3225.02,ETH
2026-01-06 09:26:51+00:00,2026-01-06 09:34:05.887259+00:00,711.0,3224.942,3224.9,3225.0,ETH
2026-01-06 09:26:52+00:00,2026-01-06 09:34:06.903738+00:00,712.0,3224.992,3224.89,3225.0,ETH
2026-01-06 09:26:53+00:00,2026-01-06 09:34:07.885031+00:00,713.0,3224.952,3224.89,3225.0,ETH
2026-01-06 09:26:54+00:00,2026-01-06 09:34:08.886482+00:00,714.0,3224.982,3224.9,3225.02,ETH
2026-01-06 09:26:55+00:00,2026-01-06 09:34:09.906175+00:00,715.0,3224.922,3224.89,3225.0,ETH
2026-01-06 09:26:56+00:00,2026-01-06 09:34:10.921172+00:00,716.0,3224.842,3224.8,3225.0,ETH
2026-01-06 09:26:57+00:00,2026-01-06 09:34:11.919512+00:00,717.0,3224.842,3224.8,3225.0,ETH
2026-01-06 09:26:58+00:00,2026-01-06 09:34:12.921290+00:00,718.0,3224.842,3224.81,3225.0,ETH
2026-01-06 09:26:59+00:00,2026-01-06 09:34:13.919004+00:00,719.0,3224.922,3224.83,3225.0,ETH
2026-01-06 09:27:00+00:00,2026-01-06 09:34:14.936060+00:00,720.0,3224.872,3224.83,3225.0,ETH
2026-01-06 09:27:01+00:00,2026-01-06 09:34:15.949773+00:00,721.0,3224.842,3224.8,3225.0,ETH
2026-01-06 09:27:02+00:00,2026-01-06 09:34:16.950895+00:00,722.0,3224.932,3224.85,3225.06,ETH
2026-01-06 09:27:03+00:00,2026-01-06 09:34:17.971347+00:00,723.0,3224.672,3224.63,3224.71,ETH
2026-01-06 09:27:04+00:00,2026-01-06 09:34:18.971516+00:00,724.0,3224.672,3224.64,3224.71,ETH
2026-01-06 09:27:05+00:00,2026-01-06 09:34:19.969424+00:00,725.0,3224.722,3224.66,3224.79,ETH
2026-01-06 09:27:06+00:00,2026-01-06 09:34:20.971211+00:00,726.0,3224.712,3224.66,3224.81,ETH
2026-01-06 09:27:07+00:00,2026-01-06 09:34:21.977188+00:00,727.0,3224.712,3224.68,3224.83,ETH
2026-01-06 09:27:08+00:00,2026-01-06 09:34:22.972569+00:00,728.0,3224.672,3224.65,3224.71,ETH
2026-01-06 09:27:09+00:00,2026-01-06 09:34:23.970727+00:00,729.0,3224.712,3224.68,3224.82,ETH
2026-01-06 09:27:10+00:00,2026-01-06 09:34:24.969837+00:00,730.0,3224.692,3224.65,3224.75,ETH
2026-01-06 09:27:11+00:00,2026-01-06 09:34:25.985045+00:00,731.0,3224.732,3224.68,3224.82,ETH
2026-01-06 09:27:12+00:00,2026-01-06 09:34:26.999185+00:00,732.0,3224.712,3224.68,3224.81,ETH
2026-01-06 09:27:13+00:00,2026-01-06 09:34:28.005332+00:00,733.0,3224.722,3224.69,3224.77,ETH
2026-01-06 09:27:14+00:00,2026-01-06 09:34:29.003382+00:00,734.0,3224.722,3224.68,3224.75,ETH
2026-01-06 09:27:15+00:00,2026-01-06 09:34:30.015838+00:00,735.0,3224.722,3224.65,3224.91,ETH
2026-01-06 09:27:16+00:00,2026-01-06 09:34:31.020360+00:00,736.0,3224.722,3224.64,3224.79,ETH
2026-01-06 09:27:17+00:00,2026-01-06 09:34:32.037967+00:00,737.0,3224.722,3224.68,3224.78,ETH
2026-01-06 09:27:18+00:00,2026-01-06 09:34:33.038816+00:00,738.0,3224.672,3224.63,3224.8,ETH
2026-01-06 09:27:19+00:00,2026-01-06 09:34:34.035862+00:00,739.0,3224.722,3224.68,3224.85,ETH
2026-01-06 09:27:20+00:00,2026-01-06 09:34:35.050284+00:00,740.0,3224.712,3224.45,3224.78,ETH
2026-01-06 09:27:21+00:00,2026-01-06 09:34:36.054437+00:00,741.0,3224.712,3224.46,3224.75,ETH
2026-01-06 09:27:22+00:00,2026-01-06 09:34:37.071167+00:00,742.0,3224.642,3224.43,3224.72,ETH
2026-01-06 09:27:23+00:00,2026-01-06 09:34:38.086532+00:00,743.0,3224.712,3224.42,3224.78,ETH
2026-01-06 09:27:24+00:00,2026-01-06 09:34:39.087994+00:00,744.0,3224.712,3224.42,3224.76,ETH
2026-01-06 09:27:25+00:00,2026-01-06 09:34:40.102786+00:00,745.0,3224.702,3224.39,3224.76,ETH
2026-01-06 09:27:26+00:00,2026-01-06 09:34:41.089252+00:00,746.0,3224.642,3224.39,3224.71,ETH
2026-01-06 09:27:27+00:00,2026-01-06 09:34:42.137179+00:00,747.0,3224.702,3224.43,3224.79,ETH
2026-01-06 09:27:28+00:00,2026-01-06 09:34:43.136062+00:00,748.0,3224.702,3224.42,3224.97,ETH
2026-01-06 09:27:29+00:00,2026-01-06 09:34:44.149226+00:00,749.0,3224.702,3224.42,3224.99,ETH
2026-01-06 09:27:30+00:00,2026-01-06 09:34:45.170140+00:00,750.0,3224.702,3224.42,3224.96,ETH
2026-01-06 09:27:31+00:00,2026-01-06 09:34:46.171045+00:00,751.0,3224.702,3224.43,3224.92,ETH
2026-01-06 09:27:32+00:00,2026-01-06 09:34:47.166920+00:00,752.0,3224.702,3224.43,3224.92,ETH
2026-01-06 09:27:33+00:00,2026-01-06 09:34:48.185550+00:00,753.0,3224.702,3224.44,3224.92,ETH
2026-01-06 09:27:34+00:00,2026-01-06 09:34:49.184181+00:00,754.0,3224.702,3224.44,3224.92,ETH
2026-01-06 09:27:35+00:00,2026-01-06 09:34:50.197745+00:00,755.0,3224.702,3224.44,3224.92,ETH
2026-01-06 09:27:36+00:00,2026-01-06 09:34:51.213364+00:00,756.0,3224.702,3224.44,3224.92,ETH
2026-01-06 09:27:37+00:00,2026-01-06 09:34:52.221070+00:00,757.0,3224.702,3224.44,3224.91,ETH
2026-01-06 09:27:38+00:00,2026-01-06 09:34:53.239490+00:00,758.0,3224.702,3224.44,3224.94,ETH
2026-01-06 09:27:39+00:00,2026-01-06 09:34:54.244069+00:00,759.0,3224.702,3224.44,3224.91,ETH
2026-01-06 09:27:40+00:00,2026-01-06 09:34:55.247924+00:00,760.0,3224.752,3224.44,3224.95,ETH
2026-01-06 09:27:41+00:00,2026-01-06 09:34:56.262588+00:00,761.0,3224.722,3224.44,3224.97,ETH
2026-01-06 09:27:42+00:00,2026-01-06 09:34:57.267172+00:00,762.0,3224.722,3224.44,3224.93,ETH
2026-01-06 09:27:43+00:00,2026-01-06 09:34:58.271842+00:00,763.0,3224.732,3224.45,3224.93,ETH
2026-01-06 09:27:44+00:00,2026-01-06 09:34:59.266224+00:00,764.0,3224.712,3224.47,3224.96,ETH
2026-01-06 09:27:45+00:00,2026-01-06 09:35:00.261164+00:00,765.0,3224.732,3224.47,3224.96,ETH
2026-01-06 09:27:46+00:00,2026-01-06 09:35:01.280328+00:00,766.0,3224.732,3224.44,3224.92,ETH
2026-01-06 09:27:47+00:00,2026-01-06 09:35:02.282797+00:00,767.0,3224.732,3224.44,3224.84,ETH
2026-01-06 09:27:48+00:00,2026-01-06 09:35:03.288068+00:00,768.0,3224.732,3224.44,3224.88,ETH
2026-01-06 09:27:49+00:00,2026-01-06 09:35:04.290941+00:00,769.0,3224.732,3224.44,3224.89,ETH
2026-01-06 09:27:50+00:00,2026-01-06 09:35:05.301101+00:00,770.0,3224.732,3224.43,3224.9,ETH
2026-01-06 09:27:51+00:00,2026-01-06 09:35:06.305172+00:00,771.0,3224.732,3224.44,3224.88,ETH
2026-01-06 09:27:52+00:00,2026-01-06 09:35:07.296511+00:00,772.0,3224.732,3224.45,3224.89,ETH
2026-01-06 09:27:53+00:00,2026-01-06 09:35:08.309010+00:00,773.0,3224.732,3224.45,3224.95,ETH
2026-01-06 09:27:54+00:00,2026-01-06 09:35:09.337893+00:00,774.0,3224.722,3224.44,3224.95,ETH
2026-01-06 09:27:55+00:00,2026-01-06 09:35:10.337086+00:00,775.0,3224.712,3224.45,3224.95,ETH
2026-01-06 09:27:56+00:00,2026-01-06 09:35:11.338429+00:00,776.0,3224.712,3224.44,3224.95,ETH
2026-01-06 09:27:57+00:00,2026-01-06 09:35:12.356619+00:00,777.0,3224.712,3224.44,3224.91,ETH
2026-01-06 09:27:58+00:00,2026-01-06 09:35:13.352485+00:00,778.0,3224.712,3224.6,3224.93,ETH
2026-01-06 09:27:59+00:00,2026-01-06 09:35:14.353943+00:00,779.0,3224.712,3224.6,3224.95,ETH
2026-01-06 09:28:00+00:00,2026-01-06 09:35:15.367507+00:00,780.0,3224.712,3224.6,3224.93,ETH
2026-01-06 09:28:01+00:00,2026-01-06 09:35:16.368929+00:00,781.0,3224.732,3224.6,3224.92,ETH
2026-01-06 09:28:02+00:00,2026-01-06 09:35:17.350565+00:00,782.0,3224.402,3224.39,3224.77,ETH
2026-01-06 09:28:03+00:00,2026-01-06 09:35:19.366902+00:00,783.0,3224.112,3223.98,3224.29,ETH
2026-01-06 09:28:04+00:00,2026-01-06 09:35:20.371252+00:00,784.0,3224.072,3223.96,3224.29,ETH
2026-01-06 09:28:05+00:00,2026-01-06 09:35:21.386187+00:00,785.0,3224.152,3223.96,3224.34,ETH
2026-01-06 09:28:06+00:00,2026-01-06 09:35:22.400677+00:00,786.0,3224.152,3223.99,3224.36,ETH
2026-01-06 09:28:07+00:00,2026-01-06 09:35:23.385505+00:00,787.0,3224.082,3224.01,3224.29,ETH
2026-01-06 09:28:08+00:00,2026-01-06 09:35:24.399932+00:00,788.0,3224.012,3223.99,3224.25,ETH
2026-01-06 09:28:09+00:00,2026-01-06 09:35:25.402617+00:00,789.0,3223.982,3223.97,3224.25,ETH
2026-01-06 09:28:10+00:00,2026-01-06 09:35:26.417266+00:00,790.0,3223.952,3223.94,3224.25,ETH
2026-01-06 09:28:11+00:00,2026-01-06 09:35:27.434479+00:00,791.0,3223.872,3223.87,3224.2,ETH
2026-01-06 09:28:12+00:00,2026-01-06 09:35:28.457764+00:00,792.0,3223.812,3223.8,3224.14,ETH
2026-01-06 09:28:13+00:00,2026-01-06 09:35:29.454609+00:00,793.0,3223.812,3223.8,3224.13,ETH
2026-01-06 09:28:14+00:00,2026-01-06 09:35:30.466632+00:00,794.0,3223.812,3223.8,3224.18,ETH
2026-01-06 09:28:15+00:00,2026-01-06 09:35:31.484144+00:00,795.0,3223.812,3223.8,3224.25,ETH
2026-01-06 09:28:16+00:00,2026-01-06 09:35:32.487116+00:00,796.0,3223.812,3223.8,3224.27,ETH
2026-01-06 09:28:17+00:00,2026-01-06 09:35:33.495452+00:00,797.0,3223.872,3223.87,3224.29,ETH
2026-01-06 09:28:18+00:00,2026-01-06 09:35:34.499495+00:00,798.0,3223.942,3223.93,3224.28,ETH
2026-01-06 09:28:19+00:00,2026-01-06 09:35:35.511544+00:00,799.0,3223.942,3223.93,3224.27,ETH
2026-01-06 09:28:20+00:00,2026-01-06 09:35:36.521914+00:00,800.0,3223.942,3223.93,3224.25,ETH
2026-01-06 09:28:21+00:00,2026-01-06 09:35:37.514477+00:00,801.0,3223.942,3223.93,3224.24,ETH
2026-01-06 09:28:22+00:00,2026-01-06 09:35:38.514426+00:00,802.0,3223.942,3223.93,3224.26,ETH
2026-01-06 09:28:23+00:00,2026-01-06 09:35:39.516689+00:00,803.0,3223.942,3223.93,3224.25,ETH
2026-01-06 09:28:24+00:00,2026-01-06 09:35:40.528133+00:00,804.0,3223.942,3223.93,3224.22,ETH
2026-01-06 09:28:25+00:00,2026-01-06 09:35:41.533126+00:00,805.0,3223.942,3223.93,3224.18,ETH
2026-01-06 09:28:26+00:00,2026-01-06 09:35:42.545049+00:00,806.0,3223.942,3223.93,3224.17,ETH
2026-01-06 09:28:27+00:00,2026-01-06 09:35:43.554213+00:00,807.0,3223.942,3223.93,3224.17,ETH
2026-01-06 09:28:28+00:00,2026-01-06 09:35:44.547944+00:00,808.0,3223.942,3223.93,3224.23,ETH
2026-01-06 09:28:29+00:00,2026-01-06 09:35:45.577965+00:00,809.0,3223.942,3223.93,3224.24,ETH
2026-01-06 09:28:30+00:00,2026-01-06 09:35:46.570348+00:00,810.0,3224.042,3223.99,3224.24,ETH
2026-01-06 09:28:31+00:00,2026-01-06 09:35:47.571328+00:00,811.0,3224.152,3224.06,3224.27,ETH
2026-01-06 09:28:32+00:00,2026-01-06 09:35:48.576103+00:00,812.0,3224.152,3224.06,3224.28,ETH
2026-01-06 09:28:33+00:00,2026-01-06 09:35:49.604401+00:00,813.0,3224.152,3224.06,3224.31,ETH
2026-01-06 09:28:34+00:00,2026-01-06 09:35:50.618945+00:00,814.0,3224.152,3224.06,3224.31,ETH
2026-01-06 09:28:35+00:00,2026-01-06 09:35:51.626602+00:00,815.0,3224.152,3224.06,3224.32,ETH
2026-01-06 09:28:36+00:00,2026-01-06 09:35:52.633604+00:00,816.0,3224.152,3224.06,3224.33,ETH
2026-01-06 09:28:37+00:00,2026-01-06 09:35:53.647069+00:00,817.0,3224.152,3224.06,3224.34,ETH
2026-01-06 09:28:38+00:00,2026-01-06 09:35:54.646655+00:00,818.0,3224.152,3224.05,3224.34,ETH
2026-01-06 09:28:39+00:00,2026-01-06 09:35:55.646802+00:00,819.0,3224.042,3223.99,3224.28,ETH
2026-01-06 09:28:40+00:00,2026-01-06 09:35:56.644584+00:00,820.0,3223.942,3223.93,3224.23,ETH
2026-01-06 09:28:41+00:00,2026-01-06 09:35:57.648516+00:00,821.0,3223.772,3223.72,3224.03,ETH
2026-01-06 09:28:42+00:00,2026-01-06 09:35:58.709446+00:00,822.0,3223.561,3223.51,3223.84,ETH
2026-01-06 09:28:43+00:00,2026-01-06 09:35:59.721080+00:00,823.0,3223.511,3223.51,3223.83,ETH
2026-01-06 09:28:44+00:00,2026-01-06 09:36:00.737811+00:00,824.0,3223.682,3223.53,3223.89,ETH
2026-01-06 09:28:45+00:00,2026-01-06 09:36:01.733781+00:00,825.0,3223.832,3223.68,3223.97,ETH
2026-01-06 09:28:46+00:00,2026-01-06 09:36:02.734314+00:00,826.0,3223.812,3223.78,3223.99,ETH
2026-01-06 09:28:48+00:00,2026-01-06 09:36:03.797646+00:00,828.0,3223.812,3223.78,3224.02,ETH
2026-01-06 09:28:49+00:00,2026-01-06 09:36:04.794569+00:00,829.0,3223.812,3223.77,3223.97,ETH
2026-01-06 09:28:50+00:00,2026-01-06 09:36:05.796406+00:00,830.0,3223.812,3223.77,3224.0,ETH
2026-01-06 09:28:51+00:00,2026-01-06 09:36:06.789393+00:00,831.0,3224.082,3223.93,3224.14,ETH
2026-01-06 09:28:52+00:00,2026-01-06 09:36:08.799991+00:00,832.0,3224.182,3224.01,3224.29,ETH
2026-01-06 09:28:53+00:00,2026-01-06 09:36:09.796154+00:00,833.0,3224.242,3224.07,3224.38,ETH
2026-01-06 09:28:54+00:00,2026-01-06 09:36:10.795476+00:00,834.0,3224.272,3224.06,3224.38,ETH
2026-01-06 09:28:55+00:00,2026-01-06 09:36:11.813488+00:00,835.0,3224.272,3224.05,3224.38,ETH
2026-01-06 09:28:56+00:00,2026-01-06 09:36:12.844407+00:00,836.0,3224.262,3224.05,3224.38,ETH
2026-01-06 09:28:57+00:00,2026-01-06 09:36:13.835539+00:00,837.0,3224.262,3224.05,3224.38,ETH
2026-01-06 09:28:58+00:00,2026-01-06 09:36:14.837645+00:00,838.0,3224.272,3224.05,3224.38,ETH
2026-01-06 09:28:59+00:00,2026-01-06 09:36:15.849165+00:00,839.0,3224.272,3224.05,3224.38,ETH
2026-01-06 09:29:00+00:00,2026-01-06 09:36:16.838278+00:00,840.0,3224.291,3224.09,3224.4,ETH
2026-01-06 09:29:01+00:00,2026-01-06 09:36:17.849744+00:00,841.0,3224.321,3224.13,3224.42,ETH
2026-01-06 09:29:02+00:00,2026-01-06 09:36:18.854235+00:00,842.0,3224.321,3224.13,3224.5,ETH
2026-01-06 09:29:03+00:00,2026-01-06 09:36:19.885002+00:00,843.0,3224.391,3224.19,3224.56,ETH
2026-01-06 09:29:04+00:00,2026-01-06 09:36:20.901112+00:00,844.0,3224.481,3224.24,3224.59,ETH
2026-01-06 09:29:05+00:00,2026-01-06 09:36:21.913447+00:00,845.0,3224.521,3224.27,3224.62,ETH
2026-01-06 09:29:06+00:00,2026-01-06 09:36:22.915760+00:00,846.0,3224.521,3224.29,3224.6,ETH
2026-01-06 09:29:07+00:00,2026-01-06 09:36:23.932708+00:00,847.0,3224.501,3224.29,3224.59,ETH
2026-01-06 09:29:08+00:00,2026-01-06 09:36:24.927480+00:00,848.0,3224.481,3224.29,3224.56,ETH
2026-01-06 09:29:09+00:00,2026-01-06 09:36:25.949802+00:00,849.0,3224.491,3224.29,3224.57,ETH
2026-01-06 09:29:10+00:00,2026-01-06 09:36:26.969996+00:00,850.0,3224.481,3224.29,3224.61,ETH
2026-01-06 09:29:11+00:00,2026-01-06 09:36:27.969485+00:00,851.0,3224.471,3224.29,3224.63,ETH
2026-01-06 09:29:12+00:00,2026-01-06 09:36:28.983768+00:00,852.0,3224.491,3224.29,3224.62,ETH
2026-01-06 09:29:13+00:00,2026-01-06 09:36:29.995923+00:00,853.0,3224.511,3224.29,3224.61,ETH
2026-01-06 09:29:14+00:00,2026-01-06 09:36:31.003632+00:00,854.0,3224.511,3224.3,3224.58,ETH
2026-01-06 09:29:15+00:00,2026-01-06 09:36:31.993397+00:00,855.0,3224.501,3224.3,3224.54,ETH
2026-01-06 09:29:16+00:00,2026-01-06 09:36:33.017512+00:00,856.0,3224.551,3224.3,3224.8,ETH
2026-01-06 09:29:17+00:00,2026-01-06 09:36:34.019216+00:00,857.0,3225.021,3224.86,3225.09,ETH
2026-01-06 09:29:18+00:00,2026-01-06 09:36:35.033742+00:00,858.0,3224.971,3224.86,3225.03,ETH
2026-01-06 09:29:19+00:00,2026-01-06 09:36:36.047975+00:00,859.0,3225.041,3224.86,3225.12,ETH
2026-01-06 09:29:20+00:00,2026-01-06 09:36:37.066042+00:00,860.0,3225.061,3224.99,3225.26,ETH
2026-01-06 09:29:21+00:00,2026-01-06 09:36:38.075720+00:00,861.0,3225.291,3225.16,3225.48,ETH
2026-01-06 09:29:22+00:00,2026-01-06 09:36:39.080909+00:00,862.0,3225.231,3225.16,3225.36,ETH
2026-01-06 09:29:23+00:00,2026-01-06 09:36:40.106737+00:00,863.0,3225.231,3225.13,3225.41,ETH
2026-01-06 09:29:24+00:00,2026-01-06 09:36:41.142798+00:00,864.0,3225.241,3225.13,3225.5,ETH
2026-01-06 09:29:25+00:00,2026-01-06 09:36:42.150064+00:00,865.0,3225.351,3225.18,3225.74,ETH
2026-01-06 09:29:26+00:00,2026-01-06 09:36:43.200752+00:00,866.0,3225.631,3225.52,3225.75,ETH
2026-01-06 09:29:27+00:00,2026-01-06 09:36:44.208067+00:00,867.0,3225.621,3225.51,3225.74,ETH
2026-01-06 09:29:28+00:00,2026-01-06 09:36:45.200806+00:00,868.0,3225.711,3225.52,3225.74,ETH
2026-01-06 09:29:29+00:00,2026-01-06 09:36:46.217765+00:00,869.0,3225.721,3225.53,3225.77,ETH
2026-01-06 09:29:30+00:00,2026-01-06 09:36:47.219151+00:00,870.0,3225.741,3225.54,3225.79,ETH
2026-01-06 09:29:31+00:00,2026-01-06 09:36:48.230909+00:00,871.0,3225.761,3225.56,3225.82,ETH
2026-01-06 09:29:32+00:00,2026-01-06 09:36:49.248649+00:00,872.0,3225.771,3225.56,3225.84,ETH
2026-01-06 09:29:33+00:00,2026-01-06 09:36:50.278376+00:00,873.0,3225.781,3225.57,3225.84,ETH
2026-01-06 09:29:34+00:00,2026-01-06 09:36:51.277240+00:00,874.0,3225.801,3225.57,3225.88,ETH
2026-01-06 09:29:35+00:00,2026-01-06 09:36:52.323627+00:00,875.0,3225.811,3225.57,3225.94,ETH
2026-01-06 09:29:36+00:00,2026-01-06 09:36:53.315514+00:00,876.0,3225.871,3225.64,3226.03,ETH
2026-01-06 09:29:37+00:00,2026-01-06 09:36:54.297911+00:00,877.0,3225.931,3225.73,3226.04,ETH
2026-01-06 09:29:38+00:00,2026-01-06 09:36:55.300572+00:00,878.0,3225.941,3225.74,3226.02,ETH
2026-01-06 09:29:39+00:00,2026-01-06 09:36:56.309167+00:00,879.0,3225.951,3225.75,3226.06,ETH
2026-01-06 09:29:40+00:00,2026-01-06 09:36:57.319601+00:00,880.0,3225.961,3225.75,3226.08,ETH
2026-01-06 09:29:41+00:00,2026-01-06 09:36:58.314609+00:00,881.0,3225.881,3225.71,3226.06,ETH
2026-01-06 09:29:42+00:00,2026-01-06 09:36:59.316263+00:00,882.0,3225.841,3225.68,3226.06,ETH
2026-01-06 09:29:43+00:00,2026-01-06 09:37:00.325662+00:00,883.0,3225.891,3225.68,3226.07,ETH
2026-01-06 09:29:44+00:00,2026-01-06 09:37:01.346589+00:00,884.0,3225.891,3225.69,3226.05,ETH
2026-01-06 09:29:45+00:00,2026-01-06 09:37:02.344661+00:00,885.0,3225.851,3225.7,3225.97,ETH
2026-01-06 09:29:46+00:00,2026-01-06 09:37:03.344362+00:00,886.0,3225.871,3225.7,3225.96,ETH
2026-01-06 09:29:47+00:00,2026-01-06 09:37:04.349045+00:00,887.0,3225.861,3225.7,3226.02,ETH
2026-01-06 09:29:48+00:00,2026-01-06 09:37:05.362641+00:00,888.0,3225.811,3225.69,3226.06,ETH
2026-01-06 09:29:49+00:00,2026-01-06 09:37:06.366217+00:00,889.0,3225.851,3225.7,3226.05,ETH
2026-01-06 09:29:50+00:00,2026-01-06 09:37:07.360105+00:00,890.0,3225.901,3225.71,3226.0,ETH
2026-01-06 09:29:51+00:00,2026-01-06 09:37:08.382467+00:00,891.0,3225.911,3225.72,3225.95,ETH
2026-01-06 09:29:52+00:00,2026-01-06 09:37:09.377185+00:00,892.0,3225.891,3225.71,3225.94,ETH
2026-01-06 09:29:53+00:00,2026-01-06 09:37:10.384348+00:00,893.0,3225.861,3225.7,3225.97,ETH
2026-01-06 09:29:54+00:00,2026-01-06 09:37:11.414221+00:00,894.0,3225.851,3225.69,3226.01,ETH
2026-01-06 09:29:55+00:00,2026-01-06 09:37:12.424080+00:00,895.0,3225.851,3225.69,3226.05,ETH
2026-01-06 09:29:56+00:00,2026-01-06 09:37:13.428033+00:00,896.0,3225.851,3225.69,3226.06,ETH
2026-01-06 09:29:57+00:00,2026-01-06 09:37:14.433417+00:00,897.0,3225.851,3225.69,3226.03,ETH
2026-01-06 09:29:58+00:00,2026-01-06 09:37:15.449986+00:00,898.0,3225.851,3225.69,3226.0,ETH
2026-01-06 09:29:59+00:00,2026-01-06 09:37:16.463674+00:00,899.0,3225.531,3225.33,3225.61,ETH
