timestamp,collected_at,seconds,up_mid,up_best_bid,up_best_ask,down_mid,down_best_bid,down_best_ask,up_best_bid_size,up_best_ask_size,down_best_bid_size,down_best_ask_size
2026-01-06 09:15:00.543000+00:00,2026-01-06 09:15:00.801134+00:00,0.543,0.4649999999999999,0.46,0.47,0.535,0.53,0.54,,,,
2026-01-06 09:15:01.557000+00:00,2026-01-06 09:15:01.822481+00:00,1.557,0.4649999999999999,0.46,0.47,0.535,0.53,0.54,,,,
2026-01-06 09:15:02.526000+00:00,2026-01-06 09:15:02.837170+00:00,2.526,0.4649999999999999,0.46,0.47,0.535,0.53,0.54,,,,
2026-01-06 09:15:03.663000+00:00,2026-01-06 09:15:03.861153+00:00,3.663,0.495,0.49,0.5,0.455,0.45,0.46,,,,
2026-01-06 09:15:04.615000+00:00,2026-01-06 09:15:04.880763+00:00,4.615,0.595,0.59,0.6,0.395,0.39,0.4,,,,
2026-01-06 09:15:05.664000+00:00,2026-01-06 09:15:05.877136+00:00,5.664,0.625,0.62,0.63,0.385,0.38,0.39,,,,
2026-01-06 09:15:06.651000+00:00,2026-01-06 09:15:06.879676+00:00,6.651,0.555,0.55,0.56,0.445,0.44,0.45,,,,
2026-01-06 09:15:07.684000+00:00,2026-01-06 09:15:07.886080+00:00,7.684,0.545,0.54,0.55,0.455,0.45,0.46,,,,
2026-01-06 09:15:08.689000+00:00,2026-01-06 09:15:08.892731+00:00,8.689,0.565,0.56,0.57,0.435,0.43,0.44,,,,
2026-01-06 09:15:09.680000+00:00,2026-01-06 09:15:09.893627+00:00,9.68,0.585,0.58,0.59,0.415,0.41,0.42,,,,
2026-01-06 09:15:10.694000+00:00,2026-01-06 09:15:10.907823+00:00,10.694,0.58,0.57,0.59,0.415,0.41,0.42,,,,
2026-01-06 09:15:11.547000+00:00,2026-01-06 09:15:11.916626+00:00,11.547,0.585,0.58,0.59,0.42,0.41,0.43,,,,
2026-01-06 09:15:12.705000+00:00,2026-01-06 09:15:12.928712+00:00,12.705,0.585,0.58,0.59,0.415,0.41,0.42,,,,
2026-01-06 09:15:13.730000+00:00,2026-01-06 09:15:13.938777+00:00,13.73,0.575,0.57,0.58,0.435,0.43,0.44,,,,
2026-01-06 09:15:14.720000+00:00,2026-01-06 09:15:14.936232+00:00,14.72,0.555,0.55,0.56,0.445,0.44,0.45,,,,
2026-01-06 09:15:15.726000+00:00,2026-01-06 09:15:15.945684+00:00,15.726,0.59,0.57,0.61,0.4,0.39,0.41,,,,
2026-01-06 09:15:16.549000+00:00,2026-01-06 09:15:16.944553+00:00,16.549,0.6,0.59,0.61,0.4,0.39,0.41,,,,
2026-01-06 09:15:17.454000+00:00,2026-01-06 09:15:17.958435+00:00,17.454,0.6,0.59,0.61,0.4,0.39,0.41,,,,
2026-01-06 09:15:18.647000+00:00,2026-01-06 09:15:18.972724+00:00,18.647,0.6,0.59,0.61,0.4,0.39,0.41,,,,
2026-01-06 09:15:19.714000+00:00,2026-01-06 09:15:19.975798+00:00,19.714,0.595,0.59,0.6,0.405,0.4,0.41,,,,
2026-01-06 09:15:20.762000+00:00,2026-01-06 09:15:20.993213+00:00,20.762,0.595,0.59,0.6,0.405,0.4,0.41,,,,
2026-01-06 09:15:21.783000+00:00,2026-01-06 09:15:22.007892+00:00,21.783,0.605,0.6,0.61,0.4,0.39,0.41,,,,
2026-01-06 09:15:22.806000+00:00,2026-01-06 09:15:23.014388+00:00,22.806,0.595,0.59,0.6,0.405,0.4,0.41,,,,
2026-01-06 09:15:23.495000+00:00,2026-01-06 09:15:24.025592+00:00,23.495,0.6,0.59,0.61,0.4,0.39,0.41,,,,
2026-01-06 09:15:24.831000+00:00,2026-01-06 09:15:25.037785+00:00,24.831,0.595,0.59,0.6,0.4,0.39,0.41,,,,
2026-01-06 09:15:25.834000+00:00,2026-01-06 09:15:26.044831+00:00,25.834,0.605,0.6,0.61,0.395,0.39,0.4,,,,
2026-01-06 09:15:26.811000+00:00,2026-01-06 09:15:27.046468+00:00,26.811,0.605,0.6,0.61,0.395,0.39,0.4,,,,
2026-01-06 09:15:27.510000+00:00,2026-01-06 09:15:28.058187+00:00,27.51,0.605,0.6,0.61,0.395,0.39,0.4,,,,
2026-01-06 09:15:28.795000+00:00,2026-01-06 09:15:29.066979+00:00,28.795,0.61,0.6,0.62,0.39,0.38,0.4,,,,
2026-01-06 09:15:29.751000+00:00,2026-01-06 09:15:30.086385+00:00,29.751,0.605,0.6,0.61,0.395,0.39,0.4,,,,
2026-01-06 09:15:30.881000+00:00,2026-01-06 09:15:31.108740+00:00,30.881,0.595,0.59,0.6,0.405,0.4,0.41,,,,
2026-01-06 09:15:31.801000+00:00,2026-01-06 09:15:32.118338+00:00,31.801,0.585,0.58,0.59,0.415,0.41,0.42,,,,
2026-01-06 09:15:32.868000+00:00,2026-01-06 09:15:33.139888+00:00,32.868,0.59,0.58,0.6,0.41,0.4,0.42,,,,
2026-01-06 09:15:33.890000+00:00,2026-01-06 09:15:34.159271+00:00,33.89,0.59,0.58,0.6,0.41,0.4,0.42,,,,
2026-01-06 09:15:34.837000+00:00,2026-01-06 09:15:35.169268+00:00,34.837,0.59,0.58,0.6,0.41,0.4,0.42,,,,
2026-01-06 09:15:35.975000+00:00,2026-01-06 09:15:36.183682+00:00,35.975,0.595,0.59,0.6,0.405,0.4,0.41,,,,
2026-01-06 09:15:36.983000+00:00,2026-01-06 09:15:37.200347+00:00,36.983,0.595,0.59,0.6,0.405,0.4,0.41,,,,
2026-01-06 09:15:38.002000+00:00,2026-01-06 09:15:38.215731+00:00,38.002,0.6,0.59,0.61,0.4,0.39,0.41,,,,
2026-01-06 09:15:39.019000+00:00,2026-01-06 09:15:39.231411+00:00,39.019,0.605,0.6,0.61,0.395,0.39,0.4,,,,
2026-01-06 09:15:40.918000+00:00,2026-01-06 09:15:41.254751+00:00,40.918,0.605,0.6,0.61,0.395,0.39,0.4,,,,
2026-01-06 09:15:42.053000+00:00,2026-01-06 09:15:42.257121+00:00,42.053,0.605,0.6,0.61,0.385,0.38,0.39,,,,
2026-01-06 09:15:43.043000+00:00,2026-01-06 09:15:43.264700+00:00,43.043,0.645,0.64,0.65,0.355,0.35,0.36,,,,
2026-01-06 09:15:44.020000+00:00,2026-01-06 09:15:44.270830+00:00,44.02,0.655,0.65,0.66,0.345,0.34,0.35,,,,
2026-01-06 09:15:45.036000+00:00,2026-01-06 09:15:45.274954+00:00,45.036,0.655,0.65,0.66,0.345,0.34,0.35,,,,
2026-01-06 09:15:46.036000+00:00,2026-01-06 09:15:46.292486+00:00,46.036,0.655,0.65,0.66,0.345,0.34,0.35,,,,
2026-01-06 09:15:47.004000+00:00,2026-01-06 09:15:47.307272+00:00,47.004,0.655,0.65,0.66,0.345,0.34,0.35,,,,
2026-01-06 09:15:48.101000+00:00,2026-01-06 09:15:48.311981+00:00,48.101,0.645,0.64,0.65,0.355,0.35,0.36,,,,
2026-01-06 09:15:49.129000+00:00,2026-01-06 09:15:49.318282+00:00,49.129,0.635,0.63,0.64,0.365,0.36,0.37,,,,
2026-01-06 09:15:50.128000+00:00,2026-01-06 09:15:50.334234+00:00,50.128,0.635,0.63,0.64,0.365,0.36,0.37,,,,
2026-01-06 09:15:51.127000+00:00,2026-01-06 09:15:51.335322+00:00,51.127,0.625,0.62,0.63,0.375,0.37,0.38,,,,
2026-01-06 09:15:52.088000+00:00,2026-01-06 09:15:52.339650+00:00,52.088,0.625,0.62,0.63,0.375,0.37,0.38,,,,
2026-01-06 09:15:53.974000+00:00,2026-01-06 09:15:54.375372+00:00,53.974,0.615,0.61,0.62,0.385,0.38,0.39,,,,
2026-01-06 09:15:55.161000+00:00,2026-01-06 09:15:55.376738+00:00,55.161,0.615,0.61,0.62,0.385,0.38,0.39,,,,
2026-01-06 09:15:56.924000+00:00,2026-01-06 09:15:57.388547+00:00,56.924,0.615,0.61,0.62,0.385,0.38,0.39,,,,
2026-01-06 09:15:58.178000+00:00,2026-01-06 09:15:58.400534+00:00,58.178,0.595,0.59,0.6,0.405,0.4,0.41,,,,
2026-01-06 09:15:59.135000+00:00,2026-01-06 09:15:59.389601+00:00,59.135,0.605,0.6,0.61,0.39,0.38,0.4,,,,
2026-01-06 09:16:00.191000+00:00,2026-01-06 09:16:00.396605+00:00,60.191,0.615,0.61,0.62,0.385,0.38,0.39,,,,
2026-01-06 09:16:01.192000+00:00,2026-01-06 09:16:01.400719+00:00,61.192,0.615,0.61,0.62,0.375,0.37,0.38,,,,
2026-01-06 09:16:02.179000+00:00,2026-01-06 09:16:02.406091+00:00,62.179,0.635,0.63,0.64,0.365,0.36,0.37,,,,
2026-01-06 09:16:03.183000+00:00,2026-01-06 09:16:03.403287+00:00,63.183,0.635,0.63,0.64,0.365,0.36,0.37,,,,
2026-01-06 09:16:04.206000+00:00,2026-01-06 09:16:04.416029+00:00,64.206,0.635,0.63,0.64,0.365,0.36,0.37,,,,
2026-01-06 09:16:05.199000+00:00,2026-01-06 09:16:05.417332+00:00,65.199,0.675,0.67,0.68,0.32,0.31,0.33,,,,
2026-01-06 09:16:06.192000+00:00,2026-01-06 09:16:06.407397+00:00,66.192,0.685,0.68,0.69,0.315,0.31,0.32,,,,
2026-01-06 09:16:07.129000+00:00,2026-01-06 09:16:07.408631+00:00,67.129,0.675,0.67,0.68,0.325,0.32,0.33,,,,
2026-01-06 09:16:08.207000+00:00,2026-01-06 09:16:08.414754+00:00,68.207,0.685,0.68,0.69,0.315,0.31,0.32,,,,
2026-01-06 09:16:09.222000+00:00,2026-01-06 09:16:09.422068+00:00,69.222,0.695,0.69,0.7,0.305,0.3,0.31,,,,
2026-01-06 09:16:10.186000+00:00,2026-01-06 09:16:10.424429+00:00,70.186,0.695,0.69,0.7,0.305,0.3,0.31,,,,
2026-01-06 09:16:11.202000+00:00,2026-01-06 09:16:11.439319+00:00,71.202,0.685,0.68,0.69,0.315,0.31,0.32,,,,
2026-01-06 09:16:12.969000+00:00,2026-01-06 09:16:13.450916+00:00,72.969,0.685,0.68,0.69,0.315,0.31,0.32,,,,
2026-01-06 09:16:14.154000+00:00,2026-01-06 09:16:14.456215+00:00,74.154,0.675,0.66,0.69,0.325,0.31,0.34,,,,
2026-01-06 09:16:15.219000+00:00,2026-01-06 09:16:15.449723+00:00,75.219,0.695,0.69,0.7,0.305,0.3,0.31,,,,
2026-01-06 09:16:16.984000+00:00,2026-01-06 09:16:17.454080+00:00,76.984,0.72,0.71,0.73,0.28,0.27,0.29,,,,
2026-01-06 09:16:18.211000+00:00,2026-01-06 09:16:18.471271+00:00,78.211,0.715,0.71,0.72,0.285,0.28,0.29,,,,
2026-01-06 09:16:19.224000+00:00,2026-01-06 09:16:19.489633+00:00,79.224,0.715,0.71,0.72,0.285,0.28,0.29,,,,
2026-01-06 09:16:20.073000+00:00,2026-01-06 09:16:20.507046+00:00,80.073,0.72,0.71,0.73,0.28,0.27,0.29,,,,
2026-01-06 09:16:21.292000+00:00,2026-01-06 09:16:21.506182+00:00,81.292,0.72,0.71,0.73,0.28,0.27,0.29,,,,
2026-01-06 09:16:22.280000+00:00,2026-01-06 09:16:22.510883+00:00,82.28,0.725,0.72,0.73,0.275,0.27,0.28,,,,
2026-01-06 09:16:23.288000+00:00,2026-01-06 09:16:23.521354+00:00,83.288,0.725,0.72,0.73,0.275,0.27,0.28,,,,
2026-01-06 09:16:24.312000+00:00,2026-01-06 09:16:24.521003+00:00,84.312,0.715,0.71,0.72,0.285,0.28,0.29,,,,
2026-01-06 09:16:25.322000+00:00,2026-01-06 09:16:25.524682+00:00,85.322,0.715,0.71,0.72,0.285,0.28,0.29,,,,
2026-01-06 09:16:26.284000+00:00,2026-01-06 09:16:26.537980+00:00,86.284,0.715,0.71,0.72,0.29,0.28,0.3,,,,
2026-01-06 09:16:27.336000+00:00,2026-01-06 09:16:27.555264+00:00,87.336,0.71,0.7,0.72,0.29,0.28,0.3,,,,
2026-01-06 09:16:28.176000+00:00,2026-01-06 09:16:28.559975+00:00,88.176,0.705,0.7,0.71,0.295,0.29,0.3,,,,
2026-01-06 09:16:29.380000+00:00,2026-01-06 09:16:29.578413+00:00,89.38,0.705,0.7,0.71,0.295,0.29,0.3,,,,
2026-01-06 09:16:30.241000+00:00,2026-01-06 09:16:30.586240+00:00,90.241,0.705,0.7,0.71,0.295,0.29,0.3,,,,
2026-01-06 09:16:31.373000+00:00,2026-01-06 09:16:31.587622+00:00,91.373,0.705,0.7,0.71,0.295,0.29,0.3,,,,
2026-01-06 09:16:32.430000+00:00,2026-01-06 09:16:32.600933+00:00,92.43,0.67,0.66,0.68,0.33,0.32,0.34,,,,
2026-01-06 09:16:33.403000+00:00,2026-01-06 09:16:33.615033+00:00,93.403,0.665,0.66,0.67,0.335,0.33,0.34,,,,
2026-01-06 09:16:34.406000+00:00,2026-01-06 09:16:34.622942+00:00,94.406,0.67,0.66,0.68,0.33,0.32,0.34,,,,
2026-01-06 09:16:35.354000+00:00,2026-01-06 09:16:35.631953+00:00,95.354,0.67,0.66,0.68,0.33,0.32,0.34,,,,
2026-01-06 09:16:36.427000+00:00,2026-01-06 09:16:36.640741+00:00,96.427,0.675,0.67,0.68,0.325,0.32,0.33,,,,
2026-01-06 09:16:37.364000+00:00,2026-01-06 09:16:37.642081+00:00,97.364,0.6950000000000001,0.68,0.71,0.305,0.29,0.32,,,,
2026-01-06 09:16:38.299000+00:00,2026-01-06 09:16:38.637590+00:00,98.299,0.6950000000000001,0.68,0.71,0.31,0.29,0.33,,,,
2026-01-06 09:16:39.425000+00:00,2026-01-06 09:16:39.654955+00:00,99.425,0.7,0.69,0.71,0.3,0.29,0.31,,,,
2026-01-06 09:16:40.425000+00:00,2026-01-06 09:16:40.664649+00:00,100.425,0.71,0.7,0.72,0.29,0.28,0.3,,,,
2026-01-06 09:16:41.451000+00:00,2026-01-06 09:16:41.681405+00:00,101.451,0.71,0.7,0.72,0.29,0.28,0.3,,,,
2026-01-06 09:16:42.404000+00:00,2026-01-06 09:16:42.696981+00:00,102.404,0.715,0.7,0.73,0.285,0.27,0.3,,,,
2026-01-06 09:16:43.500000+00:00,2026-01-06 09:16:43.714946+00:00,103.5,0.71,0.7,0.72,0.29,0.28,0.3,,,,
2026-01-06 09:16:44.531000+00:00,2026-01-06 09:16:44.731303+00:00,104.531,0.71,0.7,0.72,0.29,0.28,0.3,,,,
2026-01-06 09:16:45.509000+00:00,2026-01-06 09:16:45.734553+00:00,105.509,0.71,0.7,0.72,0.29,0.28,0.3,,,,
2026-01-06 09:16:46.370000+00:00,2026-01-06 09:16:46.749678+00:00,106.37,0.71,0.7,0.72,0.29,0.28,0.3,,,,
2026-01-06 09:16:47.256000+00:00,2026-01-06 09:16:47.765358+00:00,107.256,0.715,0.71,0.72,0.285,0.28,0.29,,,,
2026-01-06 09:16:48.362000+00:00,2026-01-06 09:16:48.783838+00:00,108.362,0.72,0.71,0.73,0.28,0.27,0.29,,,,
2026-01-06 09:16:49.494000+00:00,2026-01-06 09:16:49.784666+00:00,109.494,0.71,0.7,0.72,0.29,0.28,0.3,,,,
2026-01-06 09:16:50.450000+00:00,2026-01-06 09:16:50.799560+00:00,110.45,0.71,0.7,0.72,0.285,0.28,0.29,,,,
2026-01-06 09:16:51.589000+00:00,2026-01-06 09:16:51.798119+00:00,111.589,0.725,0.72,0.73,0.275,0.27,0.28,,,,
2026-01-06 09:16:52.588000+00:00,2026-01-06 09:16:52.808456+00:00,112.588,0.725,0.72,0.73,0.275,0.27,0.28,,,,
2026-01-06 09:16:53.517000+00:00,2026-01-06 09:16:53.800489+00:00,113.517,0.745,0.74,0.75,0.255,0.25,0.26,,,,
2026-01-06 09:16:54.609000+00:00,2026-01-06 09:16:54.807502+00:00,114.609,0.735,0.73,0.74,0.265,0.26,0.27,,,,
2026-01-06 09:16:55.594000+00:00,2026-01-06 09:16:55.803658+00:00,115.594,0.735,0.73,0.74,0.265,0.26,0.27,,,,
2026-01-06 09:16:56.542000+00:00,2026-01-06 09:16:56.818810+00:00,116.542,0.735,0.73,0.74,0.265,0.26,0.27,,,,
2026-01-06 09:16:57.631000+00:00,2026-01-06 09:16:57.840541+00:00,117.631,0.745,0.74,0.75,0.25,0.24,0.26,,,,
2026-01-06 09:16:58.594000+00:00,2026-01-06 09:16:58.842308+00:00,118.594,0.76,0.75,0.77,0.24,0.23,0.25,,,,
2026-01-06 09:16:59.624000+00:00,2026-01-06 09:16:59.853306+00:00,119.624,0.755,0.75,0.76,0.245,0.24,0.25,,,,
2026-01-06 09:17:00.651000+00:00,2026-01-06 09:17:00.871945+00:00,120.651,0.755,0.75,0.76,0.25,0.24,0.26,,,,
2026-01-06 09:17:01.639000+00:00,2026-01-06 09:17:01.886597+00:00,121.639,0.755,0.75,0.76,0.245,0.24,0.25,,,,
2026-01-06 09:17:02.661000+00:00,2026-01-06 09:17:02.887273+00:00,122.661,0.755,0.75,0.76,0.235,0.23,0.24,,,,
2026-01-06 09:17:03.682000+00:00,2026-01-06 09:17:03.893202+00:00,123.682,0.765,0.76,0.77,0.235,0.23,0.24,,,,
2026-01-06 09:17:04.631000+00:00,2026-01-06 09:17:04.897714+00:00,124.631,0.755,0.75,0.76,0.245,0.24,0.25,,,,
2026-01-06 09:17:05.684000+00:00,2026-01-06 09:17:05.909236+00:00,125.684,0.74,0.73,0.75,0.26,0.25,0.27,,,,
2026-01-06 09:17:06.697000+00:00,2026-01-06 09:17:06.907089+00:00,126.697,0.745,0.74,0.75,0.255,0.25,0.26,,,,
2026-01-06 09:17:07.676000+00:00,2026-01-06 09:17:07.915581+00:00,127.676,0.755,0.75,0.76,0.245,0.24,0.25,,,,
2026-01-06 09:17:08.706000+00:00,2026-01-06 09:17:08.925682+00:00,128.706,0.765,0.76,0.77,0.235,0.23,0.24,,,,
2026-01-06 09:17:09.643000+00:00,2026-01-06 09:17:09.931750+00:00,129.643,0.765,0.76,0.77,0.24,0.23,0.25,,,,
2026-01-06 09:17:10.433000+00:00,2026-01-06 09:17:10.928749+00:00,130.433,0.76,0.75,0.77,0.24,0.23,0.25,,,,
2026-01-06 09:17:11.707000+00:00,2026-01-06 09:17:11.938458+00:00,131.707,0.765,0.76,0.77,0.235,0.23,0.24,,,,
2026-01-06 09:17:12.721000+00:00,2026-01-06 09:17:12.935689+00:00,132.721,0.755,0.75,0.76,0.245,0.24,0.25,,,,
2026-01-06 09:17:13.690000+00:00,2026-01-06 09:17:13.937975+00:00,133.69,0.745,0.74,0.75,0.255,0.25,0.26,,,,
2026-01-06 09:17:14.687000+00:00,2026-01-06 09:17:14.939129+00:00,134.687,0.75,0.74,0.76,0.25,0.24,0.26,,,,
2026-01-06 09:17:15.621000+00:00,2026-01-06 09:17:15.953875+00:00,135.621,0.75,0.74,0.76,0.25,0.24,0.26,,,,
2026-01-06 09:17:16.579000+00:00,2026-01-06 09:17:16.958948+00:00,136.579,0.75,0.74,0.76,0.245,0.24,0.25,,,,
2026-01-06 09:17:17.750000+00:00,2026-01-06 09:17:17.965177+00:00,137.75,0.755,0.75,0.76,0.24,0.23,0.25,,,,
2026-01-06 09:17:18.753000+00:00,2026-01-06 09:17:18.971167+00:00,138.753,0.77,0.76,0.78,0.225,0.22,0.23,,,,
2026-01-06 09:17:19.755000+00:00,2026-01-06 09:17:19.964404+00:00,139.755,0.78,0.77,0.79,0.22,0.21,0.23,,,,
2026-01-06 09:17:20.755000+00:00,2026-01-06 09:17:20.970530+00:00,140.755,0.775,0.77,0.78,0.225,0.22,0.23,,,,
2026-01-06 09:17:21.583000+00:00,2026-01-06 09:17:21.971695+00:00,141.583,0.775,0.77,0.78,0.225,0.22,0.23,,,,
2026-01-06 09:17:22.737000+00:00,2026-01-06 09:17:22.971825+00:00,142.737,0.77,0.76,0.78,0.2299999999999999,0.22,0.24,,,,
2026-01-06 09:17:23.676000+00:00,2026-01-06 09:17:23.970969+00:00,143.676,0.77,0.76,0.78,0.2299999999999999,0.22,0.24,,,,
2026-01-06 09:17:24.658000+00:00,2026-01-06 09:17:24.974546+00:00,144.658,0.77,0.76,0.78,0.2299999999999999,0.22,0.24,,,,
2026-01-06 09:17:25.700000+00:00,2026-01-06 09:17:25.980725+00:00,145.7,0.77,0.76,0.78,0.2299999999999999,0.22,0.24,,,,
2026-01-06 09:17:26.687000+00:00,2026-01-06 09:17:26.980816+00:00,146.687,0.77,0.76,0.78,0.2299999999999999,0.22,0.24,,,,
2026-01-06 09:17:27.793000+00:00,2026-01-06 09:17:28.006437+00:00,147.793,0.77,0.76,0.78,0.2299999999999999,0.22,0.24,,,,
2026-01-06 09:17:28.794000+00:00,2026-01-06 09:17:29.014042+00:00,148.794,0.77,0.76,0.78,0.2299999999999999,0.22,0.24,,,,
2026-01-06 09:17:29.742000+00:00,2026-01-06 09:17:30.014876+00:00,149.742,0.765,0.76,0.77,0.235,0.23,0.24,,,,
2026-01-06 09:17:30.792000+00:00,2026-01-06 09:17:31.027558+00:00,150.792,0.77,0.76,0.78,0.235,0.23,0.24,,,,
2026-01-06 09:17:31.808000+00:00,2026-01-06 09:17:32.030142+00:00,151.808,0.765,0.76,0.77,0.235,0.23,0.24,,,,
2026-01-06 09:17:32.725000+00:00,2026-01-06 09:17:33.033126+00:00,152.725,0.77,0.76,0.78,0.2299999999999999,0.22,0.24,,,,
2026-01-06 09:17:33.826000+00:00,2026-01-06 09:17:34.047149+00:00,153.826,0.77,0.76,0.78,0.2299999999999999,0.22,0.24,,,,
2026-01-06 09:17:34.813000+00:00,2026-01-06 09:17:35.039268+00:00,154.813,0.765,0.76,0.77,0.2299999999999999,0.22,0.24,,,,
2026-01-06 09:17:35.770000+00:00,2026-01-06 09:17:36.053086+00:00,155.77,0.77,0.76,0.78,0.2299999999999999,0.22,0.24,,,,
2026-01-06 09:17:36.831000+00:00,2026-01-06 09:17:37.055935+00:00,156.831,0.725,0.72,0.73,0.275,0.27,0.28,,,,
2026-01-06 09:17:37.837000+00:00,2026-01-06 09:17:38.054812+00:00,157.837,0.72,0.71,0.73,0.28,0.27,0.29,,,,
2026-01-06 09:17:38.841000+00:00,2026-01-06 09:17:39.071281+00:00,158.841,0.725,0.72,0.73,0.275,0.27,0.28,,,,
2026-01-06 09:17:39.862000+00:00,2026-01-06 09:17:40.079532+00:00,159.862,0.72,0.71,0.73,0.28,0.27,0.29,,,,
2026-01-06 09:17:40.865000+00:00,2026-01-06 09:17:41.089558+00:00,160.865,0.715,0.71,0.72,0.285,0.28,0.29,,,,
2026-01-06 09:17:41.880000+00:00,2026-01-06 09:17:42.102292+00:00,161.88,0.725,0.72,0.73,0.275,0.27,0.28,,,,
2026-01-06 09:17:42.875000+00:00,2026-01-06 09:17:43.112660+00:00,162.875,0.725,0.72,0.73,0.275,0.27,0.28,,,,
2026-01-06 09:17:43.894000+00:00,2026-01-06 09:17:44.113888+00:00,163.894,0.73,0.72,0.74,0.27,0.26,0.28,,,,
2026-01-06 09:17:44.886000+00:00,2026-01-06 09:17:45.118530+00:00,164.886,0.73,0.72,0.74,0.27,0.26,0.28,,,,
2026-01-06 09:17:45.880000+00:00,2026-01-06 09:17:46.135162+00:00,165.88,0.73,0.72,0.74,0.27,0.26,0.28,,,,
2026-01-06 09:17:46.909000+00:00,2026-01-06 09:17:47.139182+00:00,166.909,0.725,0.72,0.73,0.275,0.27,0.28,,,,
2026-01-06 09:17:47.722000+00:00,2026-01-06 09:17:48.152675+00:00,167.722,0.72,0.71,0.73,0.28,0.27,0.29,,,,
2026-01-06 09:17:48.636000+00:00,2026-01-06 09:17:49.154408+00:00,168.636,0.72,0.71,0.73,0.28,0.27,0.29,,,,
2026-01-06 09:17:49.935000+00:00,2026-01-06 09:17:50.169579+00:00,169.935,0.72,0.71,0.73,0.28,0.27,0.29,,,,
2026-01-06 09:17:50.966000+00:00,2026-01-06 09:17:51.185468+00:00,170.966,0.72,0.71,0.73,0.28,0.27,0.29,,,,
2026-01-06 09:17:51.777000+00:00,2026-01-06 09:17:52.187817+00:00,171.777,0.725,0.72,0.73,0.275,0.27,0.28,,,,
2026-01-06 09:17:52.943000+00:00,2026-01-06 09:17:53.210941+00:00,172.943,0.725,0.72,0.73,0.275,0.27,0.28,,,,
2026-01-06 09:17:53.956000+00:00,2026-01-06 09:17:54.227269+00:00,173.956,0.715,0.71,0.72,0.285,0.28,0.29,,,,
2026-01-06 09:17:55.942000+00:00,2026-01-06 09:17:56.261367+00:00,175.942,0.705,0.7,0.71,0.295,0.29,0.3,,,,
2026-01-06 09:17:56.925000+00:00,2026-01-06 09:17:57.261542+00:00,176.925,0.705,0.7,0.71,0.29,0.28,0.3,,,,
2026-01-06 09:17:58.972000+00:00,2026-01-06 09:17:59.275609+00:00,178.972,0.695,0.69,0.7,0.305,0.3,0.31,,,,
2026-01-06 09:18:00.049000+00:00,2026-01-06 09:18:00.269598+00:00,180.049,0.705,0.7,0.71,0.295,0.29,0.3,,,,
2026-01-06 09:18:01.016000+00:00,2026-01-06 09:18:01.283559+00:00,181.016,0.705,0.7,0.71,0.295,0.29,0.3,,,,
2026-01-06 09:18:02.056000+00:00,2026-01-06 09:18:02.301289+00:00,182.056,0.715,0.71,0.72,0.285,0.28,0.29,,,,
2026-01-06 09:18:03.049000+00:00,2026-01-06 09:18:03.321121+00:00,183.049,0.715,0.71,0.72,0.285,0.28,0.29,,,,
2026-01-06 09:18:04.983000+00:00,2026-01-06 09:18:05.328699+00:00,184.983,0.715,0.71,0.72,0.285,0.28,0.29,,,,
2026-01-06 09:18:06.001000+00:00,2026-01-06 09:18:06.336666+00:00,186.001,0.715,0.71,0.72,0.285,0.28,0.29,,,,
2026-01-06 09:18:07.133000+00:00,2026-01-06 09:18:07.350401+00:00,187.133,0.715,0.71,0.72,0.285,0.28,0.29,,,,
2026-01-06 09:18:08.117000+00:00,2026-01-06 09:18:08.356257+00:00,188.117,0.725,0.72,0.73,0.27,0.26,0.28,,,,
2026-01-06 09:18:09.032000+00:00,2026-01-06 09:18:09.368480+00:00,189.032,0.73,0.72,0.74,0.27,0.26,0.28,,,,
2026-01-06 09:18:10.174000+00:00,2026-01-06 09:18:10.385930+00:00,190.174,0.735,0.73,0.74,0.265,0.26,0.27,,,,
2026-01-06 09:18:11.879000+00:00,2026-01-06 09:18:12.387054+00:00,191.879,0.745,0.74,0.75,0.255,0.25,0.26,,,,
2026-01-06 09:18:13.145000+00:00,2026-01-06 09:18:13.395378+00:00,193.145,0.745,0.74,0.75,0.255,0.25,0.26,,,,
2026-01-06 09:18:14.026000+00:00,2026-01-06 09:18:14.418288+00:00,194.026,0.735,0.73,0.74,0.265,0.26,0.27,,,,
2026-01-06 09:18:15.189000+00:00,2026-01-06 09:18:15.419367+00:00,195.189,0.735,0.73,0.74,0.265,0.26,0.27,,,,
2026-01-06 09:18:16.009000+00:00,2026-01-06 09:18:16.429231+00:00,196.009,0.735,0.73,0.74,0.265,0.26,0.27,,,,
2026-01-06 09:18:17.175000+00:00,2026-01-06 09:18:17.435851+00:00,197.175,0.74,0.73,0.75,0.26,0.25,0.27,,,,
2026-01-06 09:18:18.973000+00:00,2026-01-06 09:18:19.450682+00:00,198.973,0.745,0.74,0.75,0.255,0.25,0.26,,,,
2026-01-06 09:18:20.187000+00:00,2026-01-06 09:18:20.448562+00:00,200.187,0.745,0.74,0.75,0.255,0.25,0.26,,,,
2026-01-06 09:18:21.252000+00:00,2026-01-06 09:18:21.462981+00:00,201.252,0.735,0.73,0.74,0.265,0.26,0.27,,,,
2026-01-06 09:18:22.990000+00:00,2026-01-06 09:18:23.499594+00:00,202.99,0.73,0.72,0.74,0.27,0.26,0.28,,,,
2026-01-06 09:18:24.267000+00:00,2026-01-06 09:18:24.496642+00:00,204.267,0.735,0.73,0.74,0.265,0.26,0.27,,,,
2026-01-06 09:18:25.288000+00:00,2026-01-06 09:18:25.495746+00:00,205.288,0.725,0.72,0.73,0.285,0.28,0.29,,,,
2026-01-06 09:18:26.300000+00:00,2026-01-06 09:18:26.511236+00:00,206.3,0.685,0.68,0.69,0.315,0.31,0.32,,,,
2026-01-06 09:18:27.301000+00:00,2026-01-06 09:18:27.520481+00:00,207.301,0.685,0.68,0.69,0.315,0.31,0.32,,,,
2026-01-06 09:18:28.329000+00:00,2026-01-06 09:18:28.538906+00:00,208.329,0.685,0.68,0.69,0.315,0.31,0.32,,,,
2026-01-06 09:18:29.335000+00:00,2026-01-06 09:18:29.545807+00:00,209.335,0.685,0.68,0.69,0.315,0.31,0.32,,,,
2026-01-06 09:18:30.303000+00:00,2026-01-06 09:18:30.537569+00:00,210.303,0.6799999999999999,0.67,0.69,0.32,0.31,0.33,,,,
2026-01-06 09:18:31.321000+00:00,2026-01-06 09:18:31.557010+00:00,211.321,0.675,0.67,0.68,0.325,0.32,0.33,,,,
2026-01-06 09:18:32.347000+00:00,2026-01-06 09:18:32.560557+00:00,212.347,0.665,0.66,0.67,0.335,0.33,0.34,,,,
2026-01-06 09:18:33.343000+00:00,2026-01-06 09:18:33.579634+00:00,213.343,0.665,0.66,0.67,0.335,0.33,0.34,,,,
2026-01-06 09:18:34.362000+00:00,2026-01-06 09:18:34.583158+00:00,214.362,0.67,0.66,0.68,0.325,0.32,0.33,,,,
2026-01-06 09:18:35.381000+00:00,2026-01-06 09:18:35.597411+00:00,215.381,0.66,0.65,0.67,0.3399999999999999,0.33,0.35,,,,
2026-01-06 09:18:36.408000+00:00,2026-01-06 09:18:36.614103+00:00,216.408,0.655,0.65,0.66,0.345,0.34,0.35,,,,
2026-01-06 09:18:37.365000+00:00,2026-01-06 09:18:37.615792+00:00,217.365,0.645,0.64,0.65,0.355,0.35,0.36,,,,
2026-01-06 09:18:38.349000+00:00,2026-01-06 09:18:38.628248+00:00,218.349,0.655,0.65,0.66,0.345,0.34,0.35,,,,
2026-01-06 09:18:39.275000+00:00,2026-01-06 09:18:39.630376+00:00,219.275,0.655,0.65,0.66,0.345,0.34,0.35,,,,
2026-01-06 09:18:40.397000+00:00,2026-01-06 09:18:40.643057+00:00,220.397,0.655,0.65,0.66,0.345,0.34,0.35,,,,
2026-01-06 09:18:41.424000+00:00,2026-01-06 09:18:41.642991+00:00,221.424,0.66,0.65,0.67,0.3399999999999999,0.33,0.35,,,,
2026-01-06 09:18:42.435000+00:00,2026-01-06 09:18:42.643410+00:00,222.435,0.665,0.66,0.67,0.335,0.33,0.34,,,,
2026-01-06 09:18:43.410000+00:00,2026-01-06 09:18:43.644804+00:00,223.41,0.6799999999999999,0.67,0.69,0.32,0.31,0.33,,,,
2026-01-06 09:18:44.408000+00:00,2026-01-06 09:18:44.649017+00:00,224.408,0.685,0.68,0.69,0.315,0.31,0.32,,,,
2026-01-06 09:18:45.455000+00:00,2026-01-06 09:18:45.659962+00:00,225.455,0.6799999999999999,0.67,0.69,0.32,0.31,0.33,,,,
2026-01-06 09:18:46.421000+00:00,2026-01-06 09:18:46.653168+00:00,226.421,0.675,0.67,0.68,0.325,0.32,0.33,,,,
2026-01-06 09:18:47.467000+00:00,2026-01-06 09:18:47.676563+00:00,227.467,0.675,0.67,0.68,0.325,0.32,0.33,,,,
2026-01-06 09:18:48.415000+00:00,2026-01-06 09:18:48.691841+00:00,228.415,0.675,0.67,0.68,0.325,0.32,0.33,,,,
2026-01-06 09:18:49.490000+00:00,2026-01-06 09:18:49.709932+00:00,229.49,0.66,0.65,0.67,0.3399999999999999,0.33,0.35,,,,
2026-01-06 09:18:50.503000+00:00,2026-01-06 09:18:50.726691+00:00,230.503,0.655,0.65,0.66,0.345,0.34,0.35,,,,
2026-01-06 09:18:51.491000+00:00,2026-01-06 09:18:51.742070+00:00,231.491,0.65,0.64,0.66,0.35,0.34,0.36,,,,
2026-01-06 09:18:52.516000+00:00,2026-01-06 09:18:52.744211+00:00,232.516,0.665,0.65,0.68,0.325,0.32,0.33,,,,
2026-01-06 09:18:53.520000+00:00,2026-01-06 09:18:53.743685+00:00,233.52,0.675,0.67,0.68,0.325,0.32,0.33,,,,
2026-01-06 09:18:54.510000+00:00,2026-01-06 09:18:54.746094+00:00,234.51,0.675,0.67,0.68,0.325,0.32,0.33,,,,
2026-01-06 09:18:55.529000+00:00,2026-01-06 09:18:55.742662+00:00,235.529,0.685,0.68,0.69,0.3,0.28,0.32,,,,
2026-01-06 09:18:56.540000+00:00,2026-01-06 09:18:56.759761+00:00,236.54,0.745,0.74,0.75,0.255,0.25,0.26,,,,
2026-01-06 09:18:57.548000+00:00,2026-01-06 09:18:57.762224+00:00,237.548,0.745,0.74,0.75,0.255,0.25,0.26,,,,
2026-01-06 09:18:58.486000+00:00,2026-01-06 09:18:58.765404+00:00,238.486,0.745,0.74,0.75,0.255,0.25,0.26,,,,
2026-01-06 09:18:59.585000+00:00,2026-01-06 09:18:59.788530+00:00,239.585,0.74,0.73,0.75,0.26,0.25,0.27,,,,
2026-01-06 09:19:00.535000+00:00,2026-01-06 09:19:00.795674+00:00,240.535,0.725,0.72,0.73,0.275,0.27,0.28,,,,
2026-01-06 09:19:01.579000+00:00,2026-01-06 09:19:01.801252+00:00,241.579,0.725,0.72,0.73,0.275,0.27,0.28,,,,
2026-01-06 09:19:02.495000+00:00,2026-01-06 09:19:02.800348+00:00,242.495,0.725,0.72,0.73,0.275,0.27,0.28,,,,
2026-01-06 09:19:03.592000+00:00,2026-01-06 09:19:03.809626+00:00,243.592,0.725,0.72,0.73,0.275,0.27,0.28,,,,
2026-01-06 09:19:04.492000+00:00,2026-01-06 09:19:04.827266+00:00,244.492,0.72,0.71,0.73,0.28,0.27,0.29,,,,
2026-01-06 09:19:05.585000+00:00,2026-01-06 09:19:05.827622+00:00,245.585,0.72,0.71,0.73,0.28,0.27,0.29,,,,
2026-01-06 09:19:06.456000+00:00,2026-01-06 09:19:06.827561+00:00,246.456,0.72,0.71,0.73,0.28,0.27,0.29,,,,
2026-01-06 09:19:07.387000+00:00,2026-01-06 09:19:07.829792+00:00,247.387,0.72,0.71,0.73,0.28,0.27,0.29,,,,
2026-01-06 09:19:08.515000+00:00,2026-01-06 09:19:08.839481+00:00,248.515,0.72,0.71,0.73,0.27,0.26,0.28,,,,
2026-01-06 09:19:09.583000+00:00,2026-01-06 09:19:09.850473+00:00,249.583,0.735,0.73,0.74,0.265,0.26,0.27,,,,
2026-01-06 09:19:10.551000+00:00,2026-01-06 09:19:10.851391+00:00,250.551,0.73,0.72,0.74,0.275,0.27,0.28,,,,
2026-01-06 09:19:11.400000+00:00,2026-01-06 09:19:11.852732+00:00,251.4,0.72,0.71,0.73,0.28,0.27,0.29,,,,
2026-01-06 09:19:12.646000+00:00,2026-01-06 09:19:12.859922+00:00,252.646,0.72,0.71,0.73,0.28,0.27,0.29,,,,
2026-01-06 09:19:13.407000+00:00,2026-01-06 09:19:13.859447+00:00,253.407,0.72,0.71,0.73,0.28,0.27,0.29,,,,
2026-01-06 09:19:14.406000+00:00,2026-01-06 09:19:14.857500+00:00,254.406,0.72,0.71,0.73,0.28,0.27,0.29,,,,
2026-01-06 09:19:15.648000+00:00,2026-01-06 09:19:15.854644+00:00,255.648,0.715,0.71,0.72,0.285,0.28,0.29,,,,
2026-01-06 09:19:16.589000+00:00,2026-01-06 09:19:16.868973+00:00,256.589,0.705,0.7,0.71,0.295,0.29,0.3,,,,
2026-01-06 09:19:17.554000+00:00,2026-01-06 09:19:17.870671+00:00,257.554,0.71,0.7,0.72,0.29,0.28,0.3,,,,
2026-01-06 09:19:18.639000+00:00,2026-01-06 09:19:18.867004+00:00,258.639,0.71,0.7,0.72,0.29,0.28,0.3,,,,
2026-01-06 09:19:19.569000+00:00,2026-01-06 09:19:19.892325+00:00,259.569,0.71,0.7,0.72,0.29,0.28,0.3,,,,
2026-01-06 09:19:20.675000+00:00,2026-01-06 09:19:20.901079+00:00,260.675,0.71,0.7,0.72,0.285,0.28,0.29,,,,
2026-01-06 09:19:21.687000+00:00,2026-01-06 09:19:21.903849+00:00,261.687,0.715,0.71,0.72,0.29,0.28,0.3,,,,
2026-01-06 09:19:22.635000+00:00,2026-01-06 09:19:22.898316+00:00,262.635,0.715,0.71,0.72,0.285,0.28,0.29,,,,
2026-01-06 09:19:23.666000+00:00,2026-01-06 09:19:23.898997+00:00,263.666,0.715,0.71,0.72,0.285,0.28,0.29,,,,
2026-01-06 09:19:24.689000+00:00,2026-01-06 09:19:24.905876+00:00,264.689,0.715,0.71,0.72,0.285,0.28,0.29,,,,
2026-01-06 09:19:25.590000+00:00,2026-01-06 09:19:25.918261+00:00,265.59,0.71,0.7,0.72,0.29,0.28,0.3,,,,
2026-01-06 09:19:26.655000+00:00,2026-01-06 09:19:26.913120+00:00,266.655,0.715,0.71,0.72,0.28,0.27,0.29,,,,
2026-01-06 09:19:27.618000+00:00,2026-01-06 09:19:27.933546+00:00,267.618,0.72,0.71,0.73,0.28,0.27,0.29,,,,
2026-01-06 09:19:28.732000+00:00,2026-01-06 09:19:28.948992+00:00,268.732,0.735,0.73,0.74,0.265,0.26,0.27,,,,
2026-01-06 09:19:29.625000+00:00,2026-01-06 09:19:29.942689+00:00,269.625,0.735,0.73,0.74,0.26,0.25,0.27,,,,
2026-01-06 09:19:30.721000+00:00,2026-01-06 09:19:30.941455+00:00,270.721,0.735,0.73,0.74,0.265,0.26,0.27,,,,
2026-01-06 09:19:31.706000+00:00,2026-01-06 09:19:31.942424+00:00,271.706,0.725,0.72,0.73,0.275,0.27,0.28,,,,
2026-01-06 09:19:32.685000+00:00,2026-01-06 09:19:32.941938+00:00,272.685,0.725,0.72,0.73,0.275,0.27,0.28,,,,
2026-01-06 09:19:33.731000+00:00,2026-01-06 09:19:33.942533+00:00,273.731,0.745,0.74,0.75,0.255,0.25,0.26,,,,
2026-01-06 09:19:34.735000+00:00,2026-01-06 09:19:34.943945+00:00,274.735,0.765,0.76,0.77,0.2299999999999999,0.22,0.24,,,,
2026-01-06 09:19:35.730000+00:00,2026-01-06 09:19:35.942482+00:00,275.73,0.765,0.76,0.77,0.235,0.23,0.24,,,,
2026-01-06 09:19:36.738000+00:00,2026-01-06 09:19:36.948379+00:00,276.738,0.745,0.74,0.75,0.265,0.25,0.28,,,,
2026-01-06 09:19:37.836000+00:00,2026-01-06 09:19:37.964655+00:00,277.836,0.745,0.74,0.75,0.25,0.24,0.26,,,,
2026-01-06 09:19:38.770000+00:00,2026-01-06 09:19:38.985490+00:00,278.77,0.765,0.76,0.77,0.235,0.23,0.24,,,,
2026-01-06 09:19:39.764000+00:00,2026-01-06 09:19:39.980303+00:00,279.764,0.8,0.79,0.81,0.2,0.19,0.21,,,,
2026-01-06 09:19:40.766000+00:00,2026-01-06 09:19:40.993054+00:00,280.766,0.8200000000000001,0.81,0.83,0.175,0.17,0.18,,,,
2026-01-06 09:19:41.790000+00:00,2026-01-06 09:19:42.003329+00:00,281.79,0.84,0.83,0.85,0.16,0.15,0.17,,,,
2026-01-06 09:19:42.786000+00:00,2026-01-06 09:19:43.001731+00:00,282.786,0.845,0.84,0.85,0.155,0.15,0.16,,,,
2026-01-06 09:19:43.792000+00:00,2026-01-06 09:19:44.013436+00:00,283.792,0.845,0.84,0.85,0.155,0.15,0.16,,,,
2026-01-06 09:19:44.817000+00:00,2026-01-06 09:19:45.031956+00:00,284.817,0.85,0.84,0.86,0.15,0.14,0.16,,,,
2026-01-06 09:19:45.676000+00:00,2026-01-06 09:19:46.030380+00:00,285.676,0.845,0.84,0.85,0.155,0.15,0.16,,,,
2026-01-06 09:19:46.787000+00:00,2026-01-06 09:19:47.042627+00:00,286.787,0.845,0.84,0.85,0.155,0.15,0.16,,,,
2026-01-06 09:19:47.847000+00:00,2026-01-06 09:19:48.069453+00:00,287.847,0.845,0.84,0.85,0.155,0.15,0.16,,,,
2026-01-06 09:19:48.873000+00:00,2026-01-06 09:19:49.098587+00:00,288.873,0.845,0.84,0.85,0.155,0.15,0.16,,,,
2026-01-06 09:19:49.904000+00:00,2026-01-06 09:19:50.119790+00:00,289.904,0.85,0.84,0.86,0.155,0.15,0.16,,,,
2026-01-06 09:19:50.893000+00:00,2026-01-06 09:19:51.141289+00:00,290.893,0.85,0.84,0.86,0.15,0.14,0.16,,,,
2026-01-06 09:19:51.921000+00:00,2026-01-06 09:19:52.141215+00:00,291.921,0.85,0.84,0.86,0.15,0.14,0.16,,,,
2026-01-06 09:19:52.923000+00:00,2026-01-06 09:19:53.157595+00:00,292.923,0.865,0.86,0.87,0.135,0.13,0.14,,,,
2026-01-06 09:19:53.888000+00:00,2026-01-06 09:19:54.164481+00:00,293.888,0.85,0.84,0.86,0.15,0.14,0.16,,,,
2026-01-06 09:19:54.723000+00:00,2026-01-06 09:19:55.174171+00:00,294.723,0.85,0.84,0.86,0.15,0.14,0.16,,,,
2026-01-06 09:19:55.775000+00:00,2026-01-06 09:19:56.174098+00:00,295.775,0.845,0.84,0.85,0.155,0.15,0.16,,,,
2026-01-06 09:19:56.646000+00:00,2026-01-06 09:19:57.174308+00:00,296.646,0.845,0.84,0.85,0.155,0.15,0.16,,,,
2026-01-06 09:19:57.974000+00:00,2026-01-06 09:19:58.188929+00:00,297.974,0.845,0.84,0.85,0.155,0.15,0.16,,,,
2026-01-06 09:19:58.800000+00:00,2026-01-06 09:19:59.189828+00:00,298.8,0.855,0.85,0.86,0.145,0.14,0.15,,,,
2026-01-06 09:19:59.896000+00:00,2026-01-06 09:20:00.207159+00:00,299.896,0.84,0.83,0.85,0.165,0.16,0.17,,,,
2026-01-06 09:20:00.978000+00:00,2026-01-06 09:20:01.207752+00:00,300.978,0.835,0.83,0.84,0.165,0.16,0.17,,,,
2026-01-06 09:20:01.991000+00:00,2026-01-06 09:20:02.221662+00:00,301.991,0.835,0.83,0.84,0.165,0.16,0.17,,,,
2026-01-06 09:20:02.969000+00:00,2026-01-06 09:20:03.224788+00:00,302.969,0.835,0.83,0.84,0.165,0.16,0.17,,,,
2026-01-06 09:20:03.994000+00:00,2026-01-06 09:20:04.239893+00:00,303.994,0.835,0.83,0.84,0.165,0.16,0.17,,,,
2026-01-06 09:20:05.035000+00:00,2026-01-06 09:20:05.242064+00:00,305.035,0.835,0.83,0.84,0.165,0.16,0.17,,,,
2026-01-06 09:20:06.891000+00:00,2026-01-06 09:20:07.242927+00:00,306.891,0.835,0.83,0.84,0.165,0.16,0.17,,,,
2026-01-06 09:20:07.658000+00:00,2026-01-06 09:20:08.242557+00:00,307.658,0.835,0.83,0.84,0.165,0.16,0.17,,,,
2026-01-06 09:20:09.494000+00:00,2026-01-06 09:20:10.243326+00:00,309.494,0.835,0.83,0.84,0.16,0.15,0.17,,,,
2026-01-06 09:20:10.979000+00:00,2026-01-06 09:20:11.237347+00:00,310.979,0.835,0.83,0.84,0.165,0.16,0.17,,,,
2026-01-06 09:20:12.099000+00:00,2026-01-06 09:20:13.255628+00:00,312.099,0.835,0.83,0.84,0.165,0.16,0.17,,,,
2026-01-06 09:20:13.857000+00:00,2026-01-06 09:20:14.274622+00:00,313.857,0.835,0.83,0.84,0.165,0.16,0.17,,,,
2026-01-06 09:20:15.996000+00:00,2026-01-06 09:20:16.292923+00:00,315.996,0.835,0.83,0.84,0.165,0.16,0.17,,,,
2026-01-06 09:20:16.314000+00:00,2026-01-06 09:20:17.292507+00:00,316.314,0.835,0.83,0.84,0.165,0.16,0.17,,,,
2026-01-06 09:20:18.081000+00:00,2026-01-06 09:20:18.292987+00:00,318.081,0.835,0.83,0.84,0.165,0.16,0.17,,,,
2026-01-06 09:20:19.047000+00:00,2026-01-06 09:20:19.314493+00:00,319.047,0.825,0.82,0.83,0.175,0.17,0.18,,,,
2026-01-06 09:20:20.112000+00:00,2026-01-06 09:20:20.328598+00:00,320.112,0.825,0.82,0.83,0.175,0.17,0.18,,,,
2026-01-06 09:20:21.890000+00:00,2026-01-06 09:20:22.364042+00:00,321.89,0.825,0.82,0.83,0.175,0.17,0.18,,,,
2026-01-06 09:20:23.102000+00:00,2026-01-06 09:20:23.378233+00:00,323.102,0.825,0.82,0.83,0.165,0.16,0.17,,,,
2026-01-06 09:20:24.126000+00:00,2026-01-06 09:20:24.384017+00:00,324.126,0.83,0.82,0.84,0.16,0.15,0.17,,,,
2026-01-06 09:20:25.176000+00:00,2026-01-06 09:20:25.389595+00:00,325.176,0.845,0.84,0.85,0.155,0.15,0.16,,,,
2026-01-06 09:20:26.158000+00:00,2026-01-06 09:20:26.415387+00:00,326.158,0.845,0.84,0.85,0.155,0.15,0.16,,,,
2026-01-06 09:20:27.057000+00:00,2026-01-06 09:20:27.414446+00:00,327.057,0.84,0.83,0.85,0.16,0.15,0.17,,,,
2026-01-06 09:20:28.181000+00:00,2026-01-06 09:20:28.406438+00:00,328.181,0.84,0.83,0.85,0.16,0.15,0.17,,,,
2026-01-06 09:20:29.064000+00:00,2026-01-06 09:20:29.412093+00:00,329.064,0.84,0.83,0.85,0.16,0.15,0.17,,,,
2026-01-06 09:20:30.149000+00:00,2026-01-06 09:20:30.423652+00:00,330.149,0.84,0.83,0.85,0.16,0.15,0.17,,,,
2026-01-06 09:20:31.332000+00:00,2026-01-06 09:20:31.425271+00:00,331.332,0.84,0.83,0.85,0.16,0.15,0.17,,,,
2026-01-06 09:20:32.203000+00:00,2026-01-06 09:20:32.418913+00:00,332.203,0.845,0.84,0.85,0.155,0.15,0.16,,,,
2026-01-06 09:20:33.209000+00:00,2026-01-06 09:20:33.420165+00:00,333.209,0.865,0.86,0.87,0.135,0.13,0.14,,,,
2026-01-06 09:20:34.200000+00:00,2026-01-06 09:20:34.412942+00:00,334.2,0.865,0.86,0.87,0.135,0.13,0.14,,,,
2026-01-06 09:20:35.172000+00:00,2026-01-06 09:20:35.413171+00:00,335.172,0.835,0.83,0.84,0.165,0.16,0.17,,,,
2026-01-06 09:20:36.145000+00:00,2026-01-06 09:20:36.430834+00:00,336.145,0.835,0.83,0.84,0.165,0.16,0.17,,,,
2026-01-06 09:20:37.156000+00:00,2026-01-06 09:20:37.430100+00:00,337.156,0.835,0.83,0.84,0.165,0.16,0.17,,,,
2026-01-06 09:20:38.122000+00:00,2026-01-06 09:20:38.445191+00:00,338.122,0.835,0.83,0.84,0.165,0.16,0.17,,,,
2026-01-06 09:20:39.138000+00:00,2026-01-06 09:20:39.447523+00:00,339.138,0.84,0.83,0.85,0.16,0.15,0.17,,,,
2026-01-06 09:20:40.124000+00:00,2026-01-06 09:20:40.446991+00:00,340.124,0.845,0.84,0.85,0.155,0.15,0.16,,,,
2026-01-06 09:20:41.191000+00:00,2026-01-06 09:20:41.460595+00:00,341.191,0.845,0.84,0.85,0.155,0.15,0.16,,,,
2026-01-06 09:20:42.208000+00:00,2026-01-06 09:20:42.463181+00:00,342.208,0.855,0.85,0.86,0.145,0.14,0.15,,,,
2026-01-06 09:20:43.267000+00:00,2026-01-06 09:20:43.478058+00:00,343.267,0.865,0.86,0.87,0.135,0.13,0.14,,,,
2026-01-06 09:20:44.207000+00:00,2026-01-06 09:20:44.493445+00:00,344.207,0.865,0.86,0.87,0.135,0.13,0.14,,,,
2026-01-06 09:20:45.224000+00:00,2026-01-06 09:20:45.506743+00:00,345.224,0.865,0.86,0.87,0.135,0.13,0.14,,,,
2026-01-06 09:20:46.287000+00:00,2026-01-06 09:20:46.515552+00:00,346.287,0.875,0.87,0.88,0.125,0.12,0.13,,,,
2026-01-06 09:20:47.303000+00:00,2026-01-06 09:20:47.519763+00:00,347.303,0.875,0.87,0.88,0.125,0.12,0.13,,,,
2026-01-06 09:20:48.309000+00:00,2026-01-06 09:20:48.536536+00:00,348.309,0.875,0.87,0.88,0.1149999999999999,0.11,0.12,,,,
2026-01-06 09:20:49.308000+00:00,2026-01-06 09:20:49.539307+00:00,349.308,0.885,0.88,0.89,0.1149999999999999,0.11,0.12,,,,
2026-01-06 09:20:50.330000+00:00,2026-01-06 09:20:50.546146+00:00,350.33,0.885,0.88,0.89,0.125,0.12,0.13,,,,
2026-01-06 09:20:51.325000+00:00,2026-01-06 09:20:51.538210+00:00,351.325,0.885,0.88,0.89,0.1149999999999999,0.11,0.12,,,,
2026-01-06 09:20:52.263000+00:00,2026-01-06 09:20:52.545540+00:00,352.263,0.885,0.88,0.89,0.1149999999999999,0.11,0.12,,,,
2026-01-06 09:20:53.313000+00:00,2026-01-06 09:20:53.542844+00:00,353.313,0.885,0.88,0.89,0.1149999999999999,0.11,0.12,,,,
2026-01-06 09:20:54.316000+00:00,2026-01-06 09:20:54.546745+00:00,354.316,0.895,0.89,0.9,0.105,0.1,0.11,,,,
2026-01-06 09:20:55.333000+00:00,2026-01-06 09:20:55.561152+00:00,355.333,0.895,0.89,0.9,0.105,0.1,0.11,,,,
2026-01-06 09:20:56.147000+00:00,2026-01-06 09:20:56.578427+00:00,356.147,0.89,0.88,0.9,0.11,0.1,0.12,,,,
2026-01-06 09:20:57.367000+00:00,2026-01-06 09:20:57.580104+00:00,357.367,0.895,0.89,0.9,0.105,0.1,0.11,,,,
2026-01-06 09:20:58.380000+00:00,2026-01-06 09:20:58.588162+00:00,358.38,0.89,0.88,0.9,0.11,0.1,0.12,,,,
2026-01-06 09:20:59.372000+00:00,2026-01-06 09:20:59.590664+00:00,359.372,0.895,0.89,0.9,0.105,0.1,0.11,,,,
2026-01-06 09:21:00.333000+00:00,2026-01-06 09:21:00.585542+00:00,360.333,0.895,0.89,0.9,0.11,0.1,0.12,,,,
2026-01-06 09:21:01.373000+00:00,2026-01-06 09:21:01.589383+00:00,361.373,0.89,0.88,0.9,0.11,0.1,0.12,,,,
2026-01-06 09:21:02.377000+00:00,2026-01-06 09:21:02.588068+00:00,362.377,0.885,0.88,0.89,0.1149999999999999,0.11,0.12,,,,
2026-01-06 09:21:03.360000+00:00,2026-01-06 09:21:03.590512+00:00,363.36,0.885,0.88,0.89,0.1149999999999999,0.11,0.12,,,,
2026-01-06 09:21:04.397000+00:00,2026-01-06 09:21:04.605581+00:00,364.397,0.89,0.88,0.9,0.105,0.1,0.11,,,,
2026-01-06 09:21:05.348000+00:00,2026-01-06 09:21:05.610421+00:00,365.348,0.875,0.87,0.88,0.125,0.12,0.13,,,,
2026-01-06 09:21:06.412000+00:00,2026-01-06 09:21:06.628959+00:00,366.412,0.875,0.87,0.88,0.125,0.12,0.13,,,,
2026-01-06 09:21:07.425000+00:00,2026-01-06 09:21:07.630018+00:00,367.425,0.89,0.88,0.9,0.11,0.1,0.12,,,,
2026-01-06 09:21:08.366000+00:00,2026-01-06 09:21:08.626863+00:00,368.366,0.89,0.88,0.9,0.11,0.1,0.12,,,,
2026-01-06 09:21:09.437000+00:00,2026-01-06 09:21:09.642915+00:00,369.437,0.885,0.88,0.89,0.1149999999999999,0.11,0.12,,,,
2026-01-06 09:21:10.440000+00:00,2026-01-06 09:21:10.660619+00:00,370.44,0.905,0.9,0.91,0.095,0.09,0.1,,,,
2026-01-06 09:21:11.372000+00:00,2026-01-06 09:21:11.659269+00:00,371.372,0.905,0.9,0.91,0.095,0.09,0.1,,,,
2026-01-06 09:21:12.404000+00:00,2026-01-06 09:21:12.676005+00:00,372.404,0.905,0.9,0.91,0.095,0.09,0.1,,,,
2026-01-06 09:21:13.276000+00:00,2026-01-06 09:21:13.686342+00:00,373.276,0.905,0.9,0.91,0.095,0.09,0.1,,,,
2026-01-06 09:21:14.440000+00:00,2026-01-06 09:21:14.702552+00:00,374.44,0.91,0.9,0.92,0.09,0.08,0.1,,,,
2026-01-06 09:21:15.398000+00:00,2026-01-06 09:21:15.722305+00:00,375.398,0.915,0.91,0.92,0.0849999999999999,0.08,0.09,,,,
2026-01-06 09:21:16.391000+00:00,2026-01-06 09:21:16.727158+00:00,376.391,0.915,0.91,0.92,0.0849999999999999,0.08,0.09,,,,
2026-01-06 09:21:17.291000+00:00,2026-01-06 09:21:17.731727+00:00,377.291,0.915,0.91,0.92,0.0849999999999999,0.08,0.09,,,,
2026-01-06 09:21:18.529000+00:00,2026-01-06 09:21:18.743719+00:00,378.529,0.92,0.91,0.93,0.08,0.07,0.09,,,,
2026-01-06 09:21:19.552000+00:00,2026-01-06 09:21:19.768397+00:00,379.552,0.91,0.9,0.92,0.09,0.08,0.1,,,,
2026-01-06 09:21:20.539000+00:00,2026-01-06 09:21:20.780836+00:00,380.539,0.91,0.9,0.92,0.09,0.08,0.1,,,,
2026-01-06 09:21:21.543000+00:00,2026-01-06 09:21:21.799541+00:00,381.543,0.91,0.9,0.92,0.09,0.08,0.1,,,,
2026-01-06 09:21:22.573000+00:00,2026-01-06 09:21:22.805694+00:00,382.573,0.91,0.9,0.92,0.09,0.08,0.1,,,,
2026-01-06 09:21:23.591000+00:00,2026-01-06 09:21:23.805579+00:00,383.591,0.915,0.91,0.92,0.0849999999999999,0.08,0.09,,,,
2026-01-06 09:21:24.593000+00:00,2026-01-06 09:21:24.812956+00:00,384.593,0.915,0.91,0.92,0.0849999999999999,0.08,0.09,,,,
2026-01-06 09:21:25.530000+00:00,2026-01-06 09:21:25.827657+00:00,385.53,0.915,0.91,0.92,0.0849999999999999,0.08,0.09,,,,
2026-01-06 09:21:26.615000+00:00,2026-01-06 09:21:26.829251+00:00,386.615,0.915,0.91,0.92,0.0849999999999999,0.08,0.09,,,,
2026-01-06 09:21:27.605000+00:00,2026-01-06 09:21:27.835727+00:00,387.605,0.91,0.9,0.92,0.09,0.08,0.1,,,,
2026-01-06 09:21:28.643000+00:00,2026-01-06 09:21:28.844921+00:00,388.643,0.915,0.91,0.92,0.0849999999999999,0.08,0.09,,,,
2026-01-06 09:21:29.594000+00:00,2026-01-06 09:21:29.855884+00:00,389.594,0.905,0.9,0.91,0.095,0.09,0.1,,,,
2026-01-06 09:21:30.651000+00:00,2026-01-06 09:21:30.865660+00:00,390.651,0.905,0.9,0.91,0.095,0.09,0.1,,,,
2026-01-06 09:21:31.595000+00:00,2026-01-06 09:21:31.877782+00:00,391.595,0.905,0.9,0.91,0.095,0.09,0.1,,,,
2026-01-06 09:21:32.523000+00:00,2026-01-06 09:21:32.889139+00:00,392.523,0.905,0.9,0.91,0.095,0.09,0.1,,,,
2026-01-06 09:21:33.661000+00:00,2026-01-06 09:21:33.887951+00:00,393.661,0.905,0.9,0.91,0.095,0.09,0.1,,,,
2026-01-06 09:21:34.658000+00:00,2026-01-06 09:21:34.896146+00:00,394.658,0.905,0.9,0.91,0.095,0.09,0.1,,,,
2026-01-06 09:21:35.708000+00:00,2026-01-06 09:21:35.921399+00:00,395.708,0.915,0.91,0.92,0.0849999999999999,0.08,0.09,,,,
2026-01-06 09:21:36.680000+00:00,2026-01-06 09:21:36.920843+00:00,396.68,0.91,0.9,0.92,0.09,0.08,0.1,,,,
2026-01-06 09:21:37.681000+00:00,2026-01-06 09:21:37.920041+00:00,397.681,0.905,0.9,0.91,0.095,0.09,0.1,,,,
2026-01-06 09:21:38.703000+00:00,2026-01-06 09:21:38.921955+00:00,398.703,0.91,0.9,0.92,0.09,0.08,0.1,,,,
2026-01-06 09:21:39.633000+00:00,2026-01-06 09:21:39.928690+00:00,399.633,0.915,0.91,0.92,0.0849999999999999,0.08,0.09,,,,
2026-01-06 09:21:40.508000+00:00,2026-01-06 09:21:40.946707+00:00,400.508,0.92,0.91,0.93,0.08,0.07,0.09,,,,
2026-01-06 09:21:41.736000+00:00,2026-01-06 09:21:41.964309+00:00,401.736,0.915,0.91,0.92,0.0849999999999999,0.08,0.09,,,,
2026-01-06 09:21:42.726000+00:00,2026-01-06 09:21:42.964515+00:00,402.726,0.915,0.91,0.92,0.0849999999999999,0.08,0.09,,,,
2026-01-06 09:21:43.687000+00:00,2026-01-06 09:21:43.978794+00:00,403.687,0.915,0.91,0.92,0.0849999999999999,0.08,0.09,,,,
2026-01-06 09:21:44.761000+00:00,2026-01-06 09:21:44.979037+00:00,404.761,0.92,0.91,0.93,0.08,0.07,0.09,,,,
2026-01-06 09:21:45.673000+00:00,2026-01-06 09:21:45.987813+00:00,405.673,0.92,0.91,0.93,0.0849999999999999,0.08,0.09,,,,
2026-01-06 09:21:46.648000+00:00,2026-01-06 09:21:46.999583+00:00,406.648,0.915,0.91,0.92,0.0849999999999999,0.08,0.09,,,,
2026-01-06 09:21:47.775000+00:00,2026-01-06 09:21:48.004428+00:00,407.775,0.915,0.91,0.92,0.0849999999999999,0.08,0.09,,,,
2026-01-06 09:21:48.717000+00:00,2026-01-06 09:21:49.011978+00:00,408.717,0.915,0.91,0.92,0.0849999999999999,0.08,0.09,,,,
2026-01-06 09:21:49.370000+00:00,2026-01-06 09:21:50.020719+00:00,409.37,0.915,0.91,0.92,0.0849999999999999,0.08,0.09,,,,
2026-01-06 09:21:50.686000+00:00,2026-01-06 09:21:51.038162+00:00,410.686,0.915,0.91,0.92,0.0849999999999999,0.08,0.09,,,,
2026-01-06 09:21:51.650000+00:00,2026-01-06 09:21:52.038132+00:00,411.65,0.915,0.91,0.92,0.0849999999999999,0.08,0.09,,,,
2026-01-06 09:21:52.477000+00:00,2026-01-06 09:21:53.054339+00:00,412.477,0.91,0.9,0.92,0.09,0.08,0.1,,,,
2026-01-06 09:21:53.814000+00:00,2026-01-06 09:21:54.071474+00:00,413.814,0.915,0.91,0.92,0.09,0.08,0.1,,,,
2026-01-06 09:21:54.835000+00:00,2026-01-06 09:21:55.065193+00:00,414.835,0.92,0.91,0.93,0.08,0.07,0.09,,,,
2026-01-06 09:21:55.756000+00:00,2026-01-06 09:21:56.075229+00:00,415.756,0.915,0.91,0.92,0.0849999999999999,0.08,0.09,,,,
2026-01-06 09:21:56.872000+00:00,2026-01-06 09:21:57.088146+00:00,416.872,0.91,0.9,0.92,0.0849999999999999,0.08,0.09,,,,
2026-01-06 09:21:57.752000+00:00,2026-01-06 09:21:58.103858+00:00,417.752,0.91,0.9,0.92,0.09,0.08,0.1,,,,
2026-01-06 09:21:58.784000+00:00,2026-01-06 09:21:59.105280+00:00,418.784,0.91,0.9,0.92,0.09,0.08,0.1,,,,
2026-01-06 09:21:59.905000+00:00,2026-01-06 09:22:00.119616+00:00,419.905,0.91,0.9,0.92,0.09,0.08,0.1,,,,
2026-01-06 09:22:00.915000+00:00,2026-01-06 09:22:01.135659+00:00,420.915,0.915,0.91,0.92,0.0849999999999999,0.08,0.09,,,,
2026-01-06 09:22:01.891000+00:00,2026-01-06 09:22:02.151133+00:00,421.891,0.915,0.91,0.92,0.0849999999999999,0.08,0.09,,,,
2026-01-06 09:22:02.837000+00:00,2026-01-06 09:22:03.153903+00:00,422.837,0.915,0.91,0.92,0.0849999999999999,0.08,0.09,,,,
2026-01-06 09:22:03.617000+00:00,2026-01-06 09:22:04.167658+00:00,423.617,0.915,0.91,0.92,0.0849999999999999,0.08,0.09,,,,
2026-01-06 09:22:04.944000+00:00,2026-01-06 09:22:05.165338+00:00,424.944,0.915,0.91,0.92,0.0849999999999999,0.08,0.09,,,,
2026-01-06 09:22:05.626000+00:00,2026-01-06 09:22:06.163446+00:00,425.626,0.915,0.91,0.92,0.0849999999999999,0.08,0.09,,,,
2026-01-06 09:22:06.769000+00:00,2026-01-06 09:22:07.175131+00:00,426.769,0.915,0.91,0.92,0.0849999999999999,0.08,0.09,,,,
2026-01-06 09:22:07.968000+00:00,2026-01-06 09:22:08.183164+00:00,427.968,0.915,0.91,0.92,0.0849999999999999,0.08,0.09,,,,
2026-01-06 09:22:08.871000+00:00,2026-01-06 09:22:09.185631+00:00,428.871,0.91,0.9,0.92,0.09,0.08,0.1,,,,
2026-01-06 09:22:09.957000+00:00,2026-01-06 09:22:10.200933+00:00,429.957,0.91,0.9,0.92,0.09,0.08,0.1,,,,
2026-01-06 09:22:10.883000+00:00,2026-01-06 09:22:11.201399+00:00,430.883,0.91,0.9,0.92,0.09,0.08,0.1,,,,
2026-01-06 09:22:11.734000+00:00,2026-01-06 09:22:12.213971+00:00,431.734,0.91,0.9,0.92,0.09,0.08,0.1,,,,
2026-01-06 09:22:12.976000+00:00,2026-01-06 09:22:13.223058+00:00,432.976,0.91,0.9,0.92,0.09,0.08,0.1,,,,
2026-01-06 09:22:13.820000+00:00,2026-01-06 09:22:14.244693+00:00,433.82,0.91,0.9,0.92,0.09,0.08,0.1,,,,
2026-01-06 09:22:15.381000+00:00,2026-01-06 09:22:16.265603+00:00,435.381,0.91,0.9,0.92,0.09,0.08,0.1,,,,
2026-01-06 09:22:16.895000+00:00,2026-01-06 09:22:17.286667+00:00,436.895,0.905,0.9,0.91,0.095,0.09,0.1,,,,
2026-01-06 09:22:17.654000+00:00,2026-01-06 09:22:18.287756+00:00,437.654,0.91,0.9,0.92,0.1,0.09,0.11,,,,
2026-01-06 09:22:18.872000+00:00,2026-01-06 09:22:19.295964+00:00,438.872,0.9,0.89,0.91,0.1,0.09,0.11,,,,
2026-01-06 09:22:19.959000+00:00,2026-01-06 09:22:20.293401+00:00,439.959,0.895,0.89,0.9,0.105,0.1,0.11,,,,
2026-01-06 09:22:21.062000+00:00,2026-01-06 09:22:21.306459+00:00,441.062,0.9,0.89,0.91,0.1,0.09,0.11,,,,
2026-01-06 09:22:22.071000+00:00,2026-01-06 09:22:22.320334+00:00,442.071,0.895,0.89,0.9,0.105,0.1,0.11,,,,
2026-01-06 09:22:23.062000+00:00,2026-01-06 09:22:23.327517+00:00,443.062,0.895,0.89,0.9,0.105,0.1,0.11,,,,
2026-01-06 09:22:24.106000+00:00,2026-01-06 09:22:24.324553+00:00,444.106,0.895,0.89,0.9,0.1149999999999999,0.11,0.12,,,,
2026-01-06 09:22:25.142000+00:00,2026-01-06 09:22:25.331675+00:00,445.142,0.885,0.88,0.89,0.1149999999999999,0.11,0.12,,,,
2026-01-06 09:22:26.150000+00:00,2026-01-06 09:22:26.354092+00:00,446.15,0.885,0.88,0.89,0.1149999999999999,0.11,0.12,,,,
2026-01-06 09:22:27.147000+00:00,2026-01-06 09:22:27.365357+00:00,447.147,0.88,0.87,0.89,0.125,0.12,0.13,,,,
2026-01-06 09:22:28.162000+00:00,2026-01-06 09:22:28.372357+00:00,448.162,0.875,0.87,0.88,0.125,0.12,0.13,,,,
2026-01-06 09:22:29.142000+00:00,2026-01-06 09:22:29.386856+00:00,449.142,0.885,0.88,0.89,0.1149999999999999,0.11,0.12,,,,
2026-01-06 09:22:30.051000+00:00,2026-01-06 09:22:30.390351+00:00,450.051,0.885,0.88,0.89,0.1149999999999999,0.11,0.12,,,,
2026-01-06 09:22:31.189000+00:00,2026-01-06 09:22:31.385123+00:00,451.189,0.885,0.88,0.89,0.1149999999999999,0.11,0.12,,,,
2026-01-06 09:22:32.026000+00:00,2026-01-06 09:22:32.385709+00:00,452.026,0.885,0.88,0.89,0.1149999999999999,0.11,0.12,,,,
2026-01-06 09:22:33.170000+00:00,2026-01-06 09:22:33.377356+00:00,453.17,0.875,0.87,0.88,0.125,0.12,0.13,,,,
2026-01-06 09:22:34.149000+00:00,2026-01-06 09:22:34.372790+00:00,454.149,0.87,0.86,0.88,0.125,0.12,0.13,,,,
2026-01-06 09:22:35.124000+00:00,2026-01-06 09:22:35.361134+00:00,455.124,0.865,0.86,0.87,0.13,0.12,0.14,,,,
2026-01-06 09:22:36.156000+00:00,2026-01-06 09:22:36.372807+00:00,456.156,0.855,0.85,0.86,0.145,0.14,0.15,,,,
2026-01-06 09:22:37.138000+00:00,2026-01-06 09:22:37.373786+00:00,457.138,0.855,0.85,0.86,0.145,0.14,0.15,,,,
2026-01-06 09:22:38.156000+00:00,2026-01-06 09:22:38.377559+00:00,458.156,0.86,0.85,0.87,0.14,0.13,0.15,,,,
2026-01-06 09:22:39.170000+00:00,2026-01-06 09:22:39.384616+00:00,459.17,0.855,0.85,0.86,0.135,0.13,0.14,,,,
2026-01-06 09:22:40.105000+00:00,2026-01-06 09:22:40.384904+00:00,460.105,0.865,0.86,0.87,0.14,0.13,0.15,,,,
2026-01-06 09:22:41.183000+00:00,2026-01-06 09:22:41.401323+00:00,461.183,0.855,0.85,0.86,0.145,0.14,0.15,,,,
2026-01-06 09:22:42.211000+00:00,2026-01-06 09:22:42.419752+00:00,462.211,0.855,0.85,0.86,0.145,0.14,0.15,,,,
2026-01-06 09:22:43.220000+00:00,2026-01-06 09:22:43.435387+00:00,463.22,0.855,0.85,0.86,0.145,0.14,0.15,,,,
2026-01-06 09:22:44.131000+00:00,2026-01-06 09:22:44.443089+00:00,464.131,0.855,0.85,0.86,0.145,0.14,0.15,,,,
2026-01-06 09:22:45.244000+00:00,2026-01-06 09:22:45.452394+00:00,465.244,0.855,0.85,0.86,0.145,0.14,0.15,,,,
2026-01-06 09:22:46.231000+00:00,2026-01-06 09:22:46.454410+00:00,466.231,0.855,0.85,0.86,0.145,0.14,0.15,,,,
2026-01-06 09:22:47.227000+00:00,2026-01-06 09:22:47.467882+00:00,467.227,0.855,0.85,0.86,0.145,0.14,0.15,,,,
2026-01-06 09:22:48.065000+00:00,2026-01-06 09:22:48.476184+00:00,468.065,0.855,0.85,0.86,0.145,0.14,0.15,,,,
2026-01-06 09:22:49.089000+00:00,2026-01-06 09:22:49.471905+00:00,469.089,0.855,0.85,0.86,0.145,0.14,0.15,,,,
2026-01-06 09:22:50.264000+00:00,2026-01-06 09:22:50.470987+00:00,470.264,0.855,0.85,0.86,0.145,0.14,0.15,,,,
2026-01-06 09:22:51.272000+00:00,2026-01-06 09:22:51.487990+00:00,471.272,0.855,0.85,0.86,0.145,0.14,0.15,,,,
2026-01-06 09:22:52.245000+00:00,2026-01-06 09:22:52.500145+00:00,472.245,0.855,0.85,0.86,0.145,0.14,0.15,,,,
2026-01-06 09:22:53.250000+00:00,2026-01-06 09:22:53.514073+00:00,473.25,0.855,0.85,0.86,0.145,0.14,0.15,,,,
2026-01-06 09:22:54.090000+00:00,2026-01-06 09:22:54.518950+00:00,474.09,0.855,0.85,0.86,0.145,0.14,0.15,,,,
2026-01-06 09:22:55.290000+00:00,2026-01-06 09:22:55.534935+00:00,475.29,0.855,0.85,0.86,0.145,0.14,0.15,,,,
2026-01-06 09:22:56.228000+00:00,2026-01-06 09:22:56.552417+00:00,476.228,0.855,0.85,0.86,0.145,0.14,0.15,,,,
2026-01-06 09:22:57.339000+00:00,2026-01-06 09:22:57.557814+00:00,477.339,0.855,0.85,0.86,0.145,0.14,0.15,,,,
2026-01-06 09:22:58.267000+00:00,2026-01-06 09:22:58.551365+00:00,478.267,0.855,0.85,0.86,0.145,0.14,0.15,,,,
2026-01-06 09:22:59.097000+00:00,2026-01-06 09:22:59.550469+00:00,479.097,0.855,0.85,0.86,0.145,0.14,0.15,,,,
2026-01-06 09:23:00.226000+00:00,2026-01-06 09:23:00.577093+00:00,480.226,0.855,0.85,0.86,0.145,0.14,0.15,,,,
2026-01-06 09:23:01.283000+00:00,2026-01-06 09:23:01.585479+00:00,481.283,0.855,0.85,0.86,0.145,0.14,0.15,,,,
2026-01-06 09:23:02.302000+00:00,2026-01-06 09:23:02.602173+00:00,482.302,0.855,0.85,0.86,0.145,0.14,0.15,,,,
2026-01-06 09:23:03.345000+00:00,2026-01-06 09:23:03.596542+00:00,483.345,0.855,0.85,0.86,0.145,0.14,0.15,,,,
2026-01-06 09:23:04.387000+00:00,2026-01-06 09:23:04.609988+00:00,484.387,0.855,0.85,0.86,0.145,0.14,0.15,,,,
2026-01-06 09:23:05.307000+00:00,2026-01-06 09:23:05.616414+00:00,485.307,0.855,0.85,0.86,0.145,0.14,0.15,,,,
2026-01-06 09:23:06.402000+00:00,2026-01-06 09:23:06.618774+00:00,486.402,0.855,0.85,0.86,0.145,0.14,0.15,,,,
2026-01-06 09:23:07.183000+00:00,2026-01-06 09:23:07.633227+00:00,487.183,0.855,0.85,0.86,0.145,0.14,0.15,,,,
2026-01-06 09:23:08.413000+00:00,2026-01-06 09:23:08.633394+00:00,488.413,0.855,0.85,0.86,0.145,0.14,0.15,,,,
2026-01-06 09:23:09.437000+00:00,2026-01-06 09:23:09.649321+00:00,489.437,0.855,0.85,0.86,0.145,0.14,0.15,,,,
2026-01-06 09:23:10.447000+00:00,2026-01-06 09:23:10.652152+00:00,490.447,0.865,0.86,0.87,0.135,0.13,0.14,,,,
2026-01-06 09:23:11.370000+00:00,2026-01-06 09:23:11.659165+00:00,491.37,0.86,0.85,0.87,0.14,0.13,0.15,,,,
2026-01-06 09:23:12.460000+00:00,2026-01-06 09:23:12.673017+00:00,492.46,0.865,0.86,0.87,0.135,0.13,0.14,,,,
2026-01-06 09:23:13.483000+00:00,2026-01-06 09:23:13.691471+00:00,493.483,0.87,0.86,0.88,0.13,0.12,0.14,,,,
2026-01-06 09:23:14.473000+00:00,2026-01-06 09:23:14.692697+00:00,494.473,0.865,0.86,0.87,0.135,0.13,0.14,,,,
2026-01-06 09:23:15.440000+00:00,2026-01-06 09:23:15.699268+00:00,495.44,0.86,0.85,0.87,0.14,0.13,0.15,,,,
2026-01-06 09:23:16.339000+00:00,2026-01-06 09:23:16.699743+00:00,496.339,0.865,0.86,0.87,0.135,0.13,0.14,,,,
2026-01-06 09:23:17.309000+00:00,2026-01-06 09:23:17.704499+00:00,497.309,0.865,0.86,0.87,0.135,0.13,0.14,,,,
2026-01-06 09:23:18.304000+00:00,2026-01-06 09:23:18.719442+00:00,498.304,0.86,0.85,0.87,0.14,0.13,0.15,,,,
2026-01-06 09:23:19.509000+00:00,2026-01-06 09:23:19.719064+00:00,499.509,0.87,0.86,0.88,0.125,0.12,0.13,,,,
2026-01-06 09:23:20.499000+00:00,2026-01-06 09:23:20.715786+00:00,500.499,0.875,0.87,0.88,0.125,0.12,0.13,,,,
2026-01-06 09:23:21.453000+00:00,2026-01-06 09:23:21.717024+00:00,501.453,0.875,0.87,0.88,0.125,0.12,0.13,,,,
2026-01-06 09:23:22.512000+00:00,2026-01-06 09:23:22.729214+00:00,502.512,0.875,0.87,0.88,0.125,0.12,0.13,,,,
2026-01-06 09:23:23.457000+00:00,2026-01-06 09:23:23.732265+00:00,503.457,0.875,0.87,0.88,0.125,0.12,0.13,,,,
2026-01-06 09:23:24.515000+00:00,2026-01-06 09:23:24.729284+00:00,504.515,0.875,0.87,0.88,0.125,0.12,0.13,,,,
2026-01-06 09:23:25.493000+00:00,2026-01-06 09:23:25.733973+00:00,505.493,0.865,0.86,0.87,0.135,0.13,0.14,,,,
2026-01-06 09:23:26.486000+00:00,2026-01-06 09:23:26.733455+00:00,506.486,0.865,0.86,0.87,0.135,0.13,0.14,,,,
2026-01-06 09:23:27.543000+00:00,2026-01-06 09:23:27.749221+00:00,507.543,0.855,0.85,0.86,0.145,0.14,0.15,,,,
2026-01-06 09:23:28.509000+00:00,2026-01-06 09:23:28.750492+00:00,508.509,0.855,0.85,0.86,0.145,0.14,0.15,,,,
2026-01-06 09:23:29.511000+00:00,2026-01-06 09:23:29.751988+00:00,509.511,0.855,0.85,0.86,0.145,0.14,0.15,,,,
2026-01-06 09:23:30.550000+00:00,2026-01-06 09:23:30.767045+00:00,510.55,0.84,0.83,0.85,0.155,0.15,0.16,,,,
2026-01-06 09:23:31.555000+00:00,2026-01-06 09:23:31.768227+00:00,511.555,0.845,0.84,0.85,0.155,0.15,0.16,,,,
2026-01-06 09:23:32.563000+00:00,2026-01-06 09:23:32.773328+00:00,512.563,0.845,0.84,0.85,0.155,0.15,0.16,,,,
2026-01-06 09:23:33.465000+00:00,2026-01-06 09:23:33.785147+00:00,513.465,0.845,0.84,0.85,0.155,0.15,0.16,,,,
2026-01-06 09:23:34.467000+00:00,2026-01-06 09:23:34.798163+00:00,514.467,0.845,0.84,0.85,0.155,0.15,0.16,,,,
2026-01-06 09:23:35.595000+00:00,2026-01-06 09:23:35.800760+00:00,515.595,0.84,0.83,0.85,0.165,0.16,0.17,,,,
2026-01-06 09:23:36.598000+00:00,2026-01-06 09:23:36.809881+00:00,516.598,0.835,0.83,0.84,0.165,0.16,0.17,,,,
2026-01-06 09:23:37.476000+00:00,2026-01-06 09:23:37.816784+00:00,517.476,0.815,0.81,0.82,0.195,0.19,0.2,,,,
2026-01-06 09:23:38.599000+00:00,2026-01-06 09:23:38.815381+00:00,518.599,0.825,0.82,0.83,0.175,0.17,0.18,,,,
2026-01-06 09:23:39.435000+00:00,2026-01-06 09:23:39.818058+00:00,519.435,0.815,0.81,0.82,0.185,0.18,0.19,,,,
2026-01-06 09:23:40.584000+00:00,2026-01-06 09:23:40.825685+00:00,520.584,0.815,0.81,0.82,0.185,0.18,0.19,,,,
2026-01-06 09:23:41.592000+00:00,2026-01-06 09:23:41.827785+00:00,521.592,0.825,0.82,0.83,0.175,0.17,0.18,,,,
2026-01-06 09:23:42.606000+00:00,2026-01-06 09:23:42.843991+00:00,522.606,0.805,0.8,0.81,0.195,0.19,0.2,,,,
2026-01-06 09:23:43.478000+00:00,2026-01-06 09:23:43.855893+00:00,523.478,0.805,0.8,0.81,0.195,0.19,0.2,,,,
2026-01-06 09:23:44.654000+00:00,2026-01-06 09:23:44.871346+00:00,524.654,0.815,0.81,0.82,0.185,0.18,0.19,,,,
2026-01-06 09:23:45.648000+00:00,2026-01-06 09:23:45.882737+00:00,525.648,0.815,0.81,0.82,0.185,0.18,0.19,,,,
2026-01-06 09:23:46.539000+00:00,2026-01-06 09:23:46.887865+00:00,526.539,0.815,0.81,0.82,0.185,0.18,0.19,,,,
2026-01-06 09:23:47.666000+00:00,2026-01-06 09:23:47.888335+00:00,527.666,0.815,0.81,0.82,0.185,0.18,0.19,,,,
2026-01-06 09:23:48.661000+00:00,2026-01-06 09:23:48.887662+00:00,528.661,0.815,0.81,0.82,0.185,0.18,0.19,,,,
2026-01-06 09:23:49.618000+00:00,2026-01-06 09:23:49.882979+00:00,529.618,0.845,0.84,0.85,0.155,0.15,0.16,,,,
2026-01-06 09:23:50.670000+00:00,2026-01-06 09:23:50.886053+00:00,530.67,0.835,0.83,0.84,0.165,0.16,0.17,,,,
2026-01-06 09:23:51.646000+00:00,2026-01-06 09:23:51.892977+00:00,531.646,0.835,0.83,0.84,0.165,0.16,0.17,,,,
2026-01-06 09:23:52.687000+00:00,2026-01-06 09:23:52.901442+00:00,532.687,0.835,0.83,0.84,0.165,0.16,0.17,,,,
2026-01-06 09:23:53.688000+00:00,2026-01-06 09:23:53.902131+00:00,533.688,0.825,0.82,0.83,0.175,0.17,0.18,,,,
2026-01-06 09:23:54.426000+00:00,2026-01-06 09:23:54.899469+00:00,534.426,0.835,0.83,0.84,0.165,0.16,0.17,,,,
2026-01-06 09:23:55.650000+00:00,2026-01-06 09:23:55.915962+00:00,535.65,0.845,0.84,0.85,0.155,0.15,0.16,,,,
2026-01-06 09:23:56.699000+00:00,2026-01-06 09:23:56.915215+00:00,536.699,0.9,0.89,0.91,0.1,0.09,0.11,,,,
2026-01-06 09:23:57.705000+00:00,2026-01-06 09:23:57.922161+00:00,537.705,0.905,0.9,0.91,0.095,0.09,0.1,,,,
2026-01-06 09:23:58.657000+00:00,2026-01-06 09:23:58.934841+00:00,538.657,0.905,0.9,0.91,0.095,0.09,0.1,,,,
2026-01-06 09:23:59.653000+00:00,2026-01-06 09:23:59.944943+00:00,539.653,0.9,0.89,0.91,0.095,0.09,0.1,,,,
2026-01-06 09:24:00.715000+00:00,2026-01-06 09:24:00.949694+00:00,540.715,0.9,0.89,0.91,0.105,0.1,0.11,,,,
2026-01-06 09:24:01.730000+00:00,2026-01-06 09:24:01.949966+00:00,541.73,0.905,0.9,0.91,0.095,0.09,0.1,,,,
2026-01-06 09:24:02.747000+00:00,2026-01-06 09:24:02.958491+00:00,542.747,0.86,0.84,0.88,0.145,0.13,0.16,,,,
2026-01-06 09:24:03.749000+00:00,2026-01-06 09:24:03.963302+00:00,543.749,0.86,0.84,0.88,0.135,0.12,0.15,,,,
2026-01-06 09:24:04.762000+00:00,2026-01-06 09:24:04.990927+00:00,544.762,0.9,0.89,0.91,0.1,0.09,0.11,,,,
2026-01-06 09:24:05.706000+00:00,2026-01-06 09:24:05.988870+00:00,545.706,0.9,0.89,0.91,0.095,0.09,0.1,,,,
2026-01-06 09:24:06.771000+00:00,2026-01-06 09:24:06.999486+00:00,546.771,0.905,0.9,0.91,0.1,0.09,0.11,,,,
2026-01-06 09:24:07.800000+00:00,2026-01-06 09:24:08.016154+00:00,547.8,0.905,0.9,0.91,0.095,0.09,0.1,,,,
2026-01-06 09:24:08.806000+00:00,2026-01-06 09:24:09.017815+00:00,548.806,0.905,0.89,0.92,0.09,0.08,0.1,,,,
2026-01-06 09:24:09.596000+00:00,2026-01-06 09:24:10.030964+00:00,549.596,0.91,0.9,0.92,0.0849999999999999,0.08,0.09,,,,
2026-01-06 09:24:10.842000+00:00,2026-01-06 09:24:11.036010+00:00,550.842,0.91,0.9,0.92,0.09,0.08,0.1,,,,
2026-01-06 09:24:11.665000+00:00,2026-01-06 09:24:12.038194+00:00,551.665,0.915,0.91,0.92,0.0849999999999999,0.08,0.09,,,,
2026-01-06 09:24:12.700000+00:00,2026-01-06 09:24:13.036471+00:00,552.7,0.915,0.91,0.92,0.0849999999999999,0.08,0.09,,,,
2026-01-06 09:24:13.812000+00:00,2026-01-06 09:24:14.038187+00:00,553.812,0.915,0.91,0.92,0.0849999999999999,0.08,0.09,,,,
2026-01-06 09:24:14.812000+00:00,2026-01-06 09:24:15.047169+00:00,554.812,0.91,0.9,0.92,0.095,0.09,0.1,,,,
2026-01-06 09:24:15.752000+00:00,2026-01-06 09:24:16.050650+00:00,555.752,0.915,0.91,0.92,0.0849999999999999,0.08,0.09,,,,
2026-01-06 09:24:16.835000+00:00,2026-01-06 09:24:17.048872+00:00,556.835,0.905,0.9,0.91,0.095,0.09,0.1,,,,
2026-01-06 09:24:17.762000+00:00,2026-01-06 09:24:18.049604+00:00,557.762,0.91,0.9,0.92,0.09,0.08,0.1,,,,
2026-01-06 09:24:18.733000+00:00,2026-01-06 09:24:19.063456+00:00,558.733,0.91,0.9,0.92,0.09,0.08,0.1,,,,
2026-01-06 09:24:19.813000+00:00,2026-01-06 09:24:20.083816+00:00,559.813,0.905,0.9,0.91,0.095,0.09,0.1,,,,
2026-01-06 09:24:20.859000+00:00,2026-01-06 09:24:21.090930+00:00,560.859,0.9,0.89,0.91,0.1,0.09,0.11,,,,
2026-01-06 09:24:21.877000+00:00,2026-01-06 09:24:22.098702+00:00,561.877,0.895,0.89,0.9,0.105,0.1,0.11,,,,
2026-01-06 09:24:22.879000+00:00,2026-01-06 09:24:23.112725+00:00,562.879,0.925,0.92,0.93,0.075,0.07,0.08,,,,
2026-01-06 09:24:23.891000+00:00,2026-01-06 09:24:24.115009+00:00,563.891,0.915,0.91,0.92,0.0849999999999999,0.08,0.09,,,,
2026-01-06 09:24:24.741000+00:00,2026-01-06 09:24:25.107386+00:00,564.741,0.915,0.91,0.92,0.0849999999999999,0.08,0.09,,,,
2026-01-06 09:24:25.768000+00:00,2026-01-06 09:24:26.115667+00:00,565.768,0.915,0.91,0.92,0.0849999999999999,0.08,0.09,,,,
2026-01-06 09:24:26.895000+00:00,2026-01-06 09:24:27.114616+00:00,566.895,0.915,0.91,0.92,0.0849999999999999,0.08,0.09,,,,
2026-01-06 09:24:27.816000+00:00,2026-01-06 09:24:28.117460+00:00,567.816,0.91,0.9,0.92,0.09,0.08,0.1,,,,
2026-01-06 09:24:28.915000+00:00,2026-01-06 09:24:29.128806+00:00,568.915,0.905,0.9,0.91,0.095,0.09,0.1,,,,
2026-01-06 09:24:29.780000+00:00,2026-01-06 09:24:30.131314+00:00,569.78,0.91,0.9,0.92,0.09,0.08,0.1,,,,
2026-01-06 09:24:30.868000+00:00,2026-01-06 09:24:31.132716+00:00,570.868,0.905,0.9,0.91,0.095,0.09,0.1,,,,
2026-01-06 09:24:31.526000+00:00,2026-01-06 09:24:32.131532+00:00,571.526,0.905,0.9,0.91,0.095,0.09,0.1,,,,
2026-01-06 09:24:32.646000+00:00,2026-01-06 09:24:33.137604+00:00,572.646,0.905,0.9,0.91,0.095,0.09,0.1,,,,
2026-01-06 09:24:33.931000+00:00,2026-01-06 09:24:34.147537+00:00,573.931,0.915,0.91,0.92,0.0849999999999999,0.08,0.09,,,,
2026-01-06 09:24:34.852000+00:00,2026-01-06 09:24:35.162595+00:00,574.852,0.91,0.9,0.92,0.09,0.08,0.1,,,,
2026-01-06 09:24:35.962000+00:00,2026-01-06 09:24:36.164458+00:00,575.962,0.91,0.9,0.92,0.09,0.08,0.1,,,,
2026-01-06 09:24:36.926000+00:00,2026-01-06 09:24:37.158512+00:00,576.926,0.91,0.9,0.92,0.09,0.08,0.1,,,,
2026-01-06 09:24:37.932000+00:00,2026-01-06 09:24:38.166472+00:00,577.932,0.91,0.9,0.92,0.09,0.08,0.1,,,,
2026-01-06 09:24:38.909000+00:00,2026-01-06 09:24:39.172876+00:00,578.909,0.915,0.91,0.92,0.0849999999999999,0.08,0.09,,,,
2026-01-06 09:24:39.964000+00:00,2026-01-06 09:24:40.181483+00:00,579.964,0.91,0.9,0.92,0.095,0.09,0.1,,,,
2026-01-06 09:24:40.955000+00:00,2026-01-06 09:24:41.181170+00:00,580.955,0.905,0.9,0.91,0.095,0.09,0.1,,,,
2026-01-06 09:24:41.966000+00:00,2026-01-06 09:24:42.180755+00:00,581.966,0.89,0.88,0.9,0.11,0.1,0.12,,,,
2026-01-06 09:24:42.906000+00:00,2026-01-06 09:24:43.193206+00:00,582.906,0.89,0.88,0.9,0.11,0.1,0.12,,,,
2026-01-06 09:24:43.945000+00:00,2026-01-06 09:24:44.206695+00:00,583.945,0.89,0.88,0.9,0.11,0.1,0.12,,,,
2026-01-06 09:24:44.952000+00:00,2026-01-06 09:24:45.211324+00:00,584.952,0.895,0.89,0.9,0.105,0.1,0.11,,,,
2026-01-06 09:24:46.008000+00:00,2026-01-06 09:24:46.213399+00:00,586.008,0.9,0.89,0.91,0.095,0.09,0.1,,,,
2026-01-06 09:24:47.967000+00:00,2026-01-06 09:24:48.223099+00:00,587.967,0.905,0.9,0.91,0.095,0.09,0.1,,,,
2026-01-06 09:24:48.810000+00:00,2026-01-06 09:24:49.230638+00:00,588.81,0.905,0.9,0.91,0.1,0.09,0.11,,,,
2026-01-06 09:24:49.984000+00:00,2026-01-06 09:24:50.254362+00:00,589.984,0.895,0.89,0.9,0.105,0.1,0.11,,,,
2026-01-06 09:24:50.984000+00:00,2026-01-06 09:24:51.264234+00:00,590.984,0.9,0.89,0.91,0.1,0.09,0.11,,,,
2026-01-06 09:24:52.642000+00:00,2026-01-06 09:24:53.280739+00:00,592.642,0.9,0.89,0.91,0.1,0.09,0.11,,,,
2026-01-06 09:24:54.817000+00:00,2026-01-06 09:24:55.296266+00:00,594.817,0.9,0.89,0.91,0.1,0.09,0.11,,,,
2026-01-06 09:24:55.979000+00:00,2026-01-06 09:24:56.316782+00:00,595.979,0.9,0.89,0.91,0.1,0.09,0.11,,,,
2026-01-06 09:24:57.672000+00:00,2026-01-06 09:24:58.330226+00:00,597.672,0.9,0.89,0.91,0.1,0.09,0.11,,,,
2026-01-06 09:24:58.809000+00:00,2026-01-06 09:24:59.329801+00:00,598.809,0.9,0.89,0.91,0.1,0.09,0.11,,,,
2026-01-06 09:24:59.886000+00:00,2026-01-06 09:25:00.332210+00:00,599.886,0.9,0.89,0.91,0.1,0.09,0.11,,,,
2026-01-06 09:25:01.123000+00:00,2026-01-06 09:25:01.350308+00:00,601.123,0.905,0.9,0.91,0.095,0.09,0.1,,,,
2026-01-06 09:25:02.949000+00:00,2026-01-06 09:25:03.384455+00:00,602.949,0.905,0.9,0.91,0.095,0.09,0.1,,,,
2026-01-06 09:25:03.940000+00:00,2026-01-06 09:25:04.379799+00:00,603.94,0.905,0.9,0.91,0.095,0.09,0.1,,,,
2026-01-06 09:25:05.044000+00:00,2026-01-06 09:25:05.397328+00:00,605.044,0.905,0.9,0.91,0.095,0.09,0.1,,,,
2026-01-06 09:25:06.069000+00:00,2026-01-06 09:25:06.396668+00:00,606.069,0.905,0.9,0.91,0.095,0.09,0.1,,,,
2026-01-06 09:25:07.185000+00:00,2026-01-06 09:25:07.411540+00:00,607.185,0.905,0.9,0.91,0.095,0.09,0.1,,,,
2026-01-06 09:25:08.170000+00:00,2026-01-06 09:25:08.402639+00:00,608.17,0.925,0.92,0.93,0.075,0.07,0.08,,,,
2026-01-06 09:25:09.122000+00:00,2026-01-06 09:25:09.398586+00:00,609.122,0.925,0.92,0.93,0.075,0.07,0.08,,,,
2026-01-06 09:25:10.153000+00:00,2026-01-06 09:25:10.415557+00:00,610.153,0.925,0.92,0.93,0.075,0.07,0.08,,,,
2026-01-06 09:25:11.076000+00:00,2026-01-06 09:25:11.411069+00:00,611.076,0.925,0.92,0.93,0.075,0.07,0.08,,,,
2026-01-06 09:25:12.182000+00:00,2026-01-06 09:25:12.403386+00:00,612.182,0.92,0.91,0.93,0.0849999999999999,0.08,0.09,,,,
2026-01-06 09:25:13.006000+00:00,2026-01-06 09:25:13.403912+00:00,613.006,0.915,0.91,0.92,0.0849999999999999,0.08,0.09,,,,
2026-01-06 09:25:14.067000+00:00,2026-01-06 09:25:14.405773+00:00,614.067,0.915,0.91,0.92,0.08,0.07,0.09,,,,
2026-01-06 09:25:15.158000+00:00,2026-01-06 09:25:15.406019+00:00,615.158,0.925,0.92,0.93,0.075,0.07,0.08,,,,
2026-01-06 09:25:16.194000+00:00,2026-01-06 09:25:16.412338+00:00,616.194,0.925,0.92,0.93,0.075,0.07,0.08,,,,
2026-01-06 09:25:17.139000+00:00,2026-01-06 09:25:17.421762+00:00,617.139,0.925,0.92,0.93,0.075,0.07,0.08,,,,
2026-01-06 09:25:18.023000+00:00,2026-01-06 09:25:18.436333+00:00,618.023,0.925,0.92,0.93,0.075,0.07,0.08,,,,
2026-01-06 09:25:19.189000+00:00,2026-01-06 09:25:19.428568+00:00,619.189,0.935,0.93,0.94,0.065,0.06,0.07,,,,
2026-01-06 09:25:20.222000+00:00,2026-01-06 09:25:20.435765+00:00,620.222,0.945,0.94,0.95,0.055,0.05,0.06,,,,
2026-01-06 09:25:21.216000+00:00,2026-01-06 09:25:21.435083+00:00,621.216,0.945,0.94,0.95,0.055,0.05,0.06,,,,
2026-01-06 09:25:22.180000+00:00,2026-01-06 09:25:22.448221+00:00,622.18,0.945,0.94,0.95,0.055,0.05,0.06,,,,
2026-01-06 09:25:23.191000+00:00,2026-01-06 09:25:23.463261+00:00,623.191,0.945,0.94,0.95,0.055,0.05,0.06,,,,
2026-01-06 09:25:24.203000+00:00,2026-01-06 09:25:24.463018+00:00,624.203,0.945,0.94,0.95,0.055,0.05,0.06,,,,
2026-01-06 09:25:25.217000+00:00,2026-01-06 09:25:25.462986+00:00,625.217,0.945,0.94,0.95,0.055,0.05,0.06,,,,
2026-01-06 09:25:26.242000+00:00,2026-01-06 09:25:26.474677+00:00,626.242,0.945,0.94,0.95,0.055,0.05,0.06,,,,
2026-01-06 09:25:27.124000+00:00,2026-01-06 09:25:27.476054+00:00,627.124,0.945,0.94,0.95,0.055,0.05,0.06,,,,
2026-01-06 09:25:28.967000+00:00,2026-01-06 09:25:29.493995+00:00,628.967,0.945,0.94,0.95,0.055,0.05,0.06,,,,
2026-01-06 09:25:30.973000+00:00,2026-01-06 09:25:31.511814+00:00,630.973,0.945,0.94,0.95,0.055,0.05,0.06,,,,
2026-01-06 09:25:32.205000+00:00,2026-01-06 09:25:32.512909+00:00,632.205,0.945,0.94,0.95,0.055,0.05,0.06,,,,
2026-01-06 09:25:33.226000+00:00,2026-01-06 09:25:33.519275+00:00,633.226,0.945,0.94,0.95,0.055,0.05,0.06,,,,
2026-01-06 09:25:34.306000+00:00,2026-01-06 09:25:34.527785+00:00,634.306,0.945,0.94,0.95,0.055,0.05,0.06,,,,
2026-01-06 09:25:35.304000+00:00,2026-01-06 09:25:35.538602+00:00,635.304,0.945,0.94,0.95,0.055,0.05,0.06,,,,
2026-01-06 09:25:36.265000+00:00,2026-01-06 09:25:36.545063+00:00,636.265,0.925,0.92,0.93,0.075,0.07,0.08,,,,
2026-01-06 09:25:37.001000+00:00,2026-01-06 09:25:37.560753+00:00,637.001,0.93,0.92,0.94,0.07,0.06,0.08,,,,
2026-01-06 09:25:38.220000+00:00,2026-01-06 09:25:38.562290+00:00,638.22,0.93,0.92,0.94,0.07,0.06,0.08,,,,
2026-01-06 09:25:39.140000+00:00,2026-01-06 09:25:39.570684+00:00,639.14,0.93,0.92,0.94,0.07,0.06,0.08,,,,
2026-01-06 09:25:40.246000+00:00,2026-01-06 09:25:40.578666+00:00,640.246,0.93,0.92,0.94,0.07,0.06,0.08,,,,
2026-01-06 09:25:41.369000+00:00,2026-01-06 09:25:41.580569+00:00,641.369,0.93,0.92,0.94,0.07,0.06,0.08,,,,
2026-01-06 09:25:42.338000+00:00,2026-01-06 09:25:42.596251+00:00,642.338,0.93,0.92,0.94,0.07,0.06,0.08,,,,
2026-01-06 09:25:43.364000+00:00,2026-01-06 09:25:43.590614+00:00,643.364,0.925,0.92,0.93,0.075,0.07,0.08,,,,
2026-01-06 09:25:44.379000+00:00,2026-01-06 09:25:44.595242+00:00,644.379,0.925,0.92,0.93,0.075,0.07,0.08,,,,
2026-01-06 09:25:45.390000+00:00,2026-01-06 09:25:45.611647+00:00,645.39,0.925,0.92,0.93,0.075,0.07,0.08,,,,
2026-01-06 09:25:46.409000+00:00,2026-01-06 09:25:46.633419+00:00,646.409,0.925,0.92,0.93,0.07,0.06,0.08,,,,
2026-01-06 09:25:47.334000+00:00,2026-01-06 09:25:47.638323+00:00,647.334,0.93,0.92,0.94,0.07,0.06,0.08,,,,
2026-01-06 09:25:48.430000+00:00,2026-01-06 09:25:48.645614+00:00,648.43,0.93,0.92,0.94,0.07,0.06,0.08,,,,
2026-01-06 09:25:49.427000+00:00,2026-01-06 09:25:49.645251+00:00,649.427,0.93,0.92,0.94,0.07,0.06,0.08,,,,
2026-01-06 09:25:50.424000+00:00,2026-01-06 09:25:50.668329+00:00,650.424,0.93,0.92,0.94,0.07,0.06,0.08,,,,
2026-01-06 09:25:51.255000+00:00,2026-01-06 09:25:51.692165+00:00,651.255,0.93,0.92,0.94,0.07,0.06,0.08,,,,
2026-01-06 09:25:52.479000+00:00,2026-01-06 09:25:52.709564+00:00,652.479,0.925,0.92,0.93,0.075,0.07,0.08,,,,
2026-01-06 09:25:53.502000+00:00,2026-01-06 09:25:53.710566+00:00,653.502,0.925,0.92,0.93,0.075,0.07,0.08,,,,
2026-01-06 09:25:54.396000+00:00,2026-01-06 09:25:54.724412+00:00,654.396,0.92,0.91,0.93,0.08,0.07,0.09,,,,
2026-01-06 09:25:55.497000+00:00,2026-01-06 09:25:55.726220+00:00,655.497,0.925,0.92,0.93,0.075,0.07,0.08,,,,
2026-01-06 09:25:56.496000+00:00,2026-01-06 09:25:56.745411+00:00,656.496,0.925,0.92,0.93,0.075,0.07,0.08,,,,
2026-01-06 09:25:57.508000+00:00,2026-01-06 09:25:57.743693+00:00,657.508,0.925,0.92,0.93,0.075,0.07,0.08,,,,
2026-01-06 09:25:58.181000+00:00,2026-01-06 09:25:58.742524+00:00,658.181,0.925,0.92,0.93,0.075,0.07,0.08,,,,
2026-01-06 09:25:59.094000+00:00,2026-01-06 09:25:59.761435+00:00,659.094,0.925,0.92,0.93,0.075,0.07,0.08,,,,
2026-01-06 09:26:00.517000+00:00,2026-01-06 09:26:00.764269+00:00,660.517,0.925,0.92,0.93,0.075,0.07,0.08,,,,
2026-01-06 09:26:01.553000+00:00,2026-01-06 09:26:01.768399+00:00,661.553,0.925,0.92,0.93,0.075,0.07,0.08,,,,
2026-01-06 09:26:02.413000+00:00,2026-01-06 09:26:02.779011+00:00,662.413,0.925,0.92,0.93,0.075,0.07,0.08,,,,
2026-01-06 09:26:03.550000+00:00,2026-01-06 09:26:03.780000+00:00,663.55,0.925,0.92,0.93,0.075,0.07,0.08,,,,
2026-01-06 09:26:04.552000+00:00,2026-01-06 09:26:04.776606+00:00,664.552,0.925,0.92,0.93,0.07,0.06,0.08,,,,
2026-01-06 09:26:05.470000+00:00,2026-01-06 09:26:05.776986+00:00,665.47,0.93,0.92,0.94,0.07,0.06,0.08,,,,
2026-01-06 09:26:06.334000+00:00,2026-01-06 09:26:06.776054+00:00,666.334,0.93,0.92,0.94,0.07,0.06,0.08,,,,
2026-01-06 09:26:07.401000+00:00,2026-01-06 09:26:07.776963+00:00,667.401,0.93,0.92,0.94,0.07,0.06,0.08,,,,
2026-01-06 09:26:08.545000+00:00,2026-01-06 09:26:08.794609+00:00,668.545,0.925,0.92,0.93,0.075,0.07,0.08,,,,
2026-01-06 09:26:09.028000+00:00,2026-01-06 09:26:09.810335+00:00,669.028,0.925,0.92,0.93,0.075,0.07,0.08,,,,
2026-01-06 09:26:10.538000+00:00,2026-01-06 09:26:10.821996+00:00,670.538,0.925,0.92,0.93,0.075,0.07,0.08,,,,
2026-01-06 09:26:11.225000+00:00,2026-01-06 09:26:11.838029+00:00,671.225,0.925,0.92,0.93,0.075,0.07,0.08,,,,
2026-01-06 09:26:12.504000+00:00,2026-01-06 09:26:12.854636+00:00,672.504,0.925,0.92,0.93,0.075,0.07,0.08,,,,
2026-01-06 09:26:13.655000+00:00,2026-01-06 09:26:13.870845+00:00,673.655,0.925,0.92,0.93,0.075,0.07,0.08,,,,
2026-01-06 09:26:14.660000+00:00,2026-01-06 09:26:14.876814+00:00,674.66,0.925,0.92,0.93,0.0849999999999999,0.08,0.09,,,,
2026-01-06 09:26:15.608000+00:00,2026-01-06 09:26:15.875986+00:00,675.608,0.915,0.91,0.92,0.0849999999999999,0.08,0.09,,,,
2026-01-06 09:26:16.649000+00:00,2026-01-06 09:26:16.875744+00:00,676.649,0.905,0.9,0.91,0.09,0.08,0.1,,,,
2026-01-06 09:26:17.426000+00:00,2026-01-06 09:26:17.886567+00:00,677.426,0.915,0.91,0.92,0.0849999999999999,0.08,0.09,,,,
2026-01-06 09:26:18.676000+00:00,2026-01-06 09:26:18.891803+00:00,678.676,0.925,0.92,0.93,0.095,0.09,0.1,,,,
2026-01-06 09:26:19.679000+00:00,2026-01-06 09:26:19.884435+00:00,679.679,0.925,0.92,0.93,0.075,0.07,0.08,,,,
2026-01-06 09:26:20.612000+00:00,2026-01-06 09:26:20.884312+00:00,680.612,0.915,0.91,0.92,0.0849999999999999,0.08,0.09,,,,
2026-01-06 09:26:21.601000+00:00,2026-01-06 09:26:21.880558+00:00,681.601,0.925,0.92,0.93,0.075,0.07,0.08,,,,
2026-01-06 09:26:22.654000+00:00,2026-01-06 09:26:22.894164+00:00,682.654,0.915,0.91,0.92,0.0849999999999999,0.08,0.09,,,,
2026-01-06 09:26:23.665000+00:00,2026-01-06 09:26:23.904534+00:00,683.665,0.915,0.91,0.92,0.0849999999999999,0.08,0.09,,,,
2026-01-06 09:26:24.622000+00:00,2026-01-06 09:26:24.909619+00:00,684.622,0.915,0.91,0.92,0.0849999999999999,0.08,0.09,,,,
2026-01-06 09:26:25.682000+00:00,2026-01-06 09:26:25.926164+00:00,685.682,0.92,0.91,0.93,0.08,0.07,0.09,,,,
2026-01-06 09:26:26.632000+00:00,2026-01-06 09:26:26.943853+00:00,686.632,0.92,0.91,0.93,0.08,0.07,0.09,,,,
2026-01-06 09:26:27.029000+00:00,2026-01-06 09:26:27.959888+00:00,687.029,0.92,0.91,0.93,0.08,0.07,0.09,,,,
2026-01-06 09:26:28.594000+00:00,2026-01-06 09:26:28.967081+00:00,688.594,0.915,0.91,0.92,0.0849999999999999,0.08,0.09,,,,
2026-01-06 09:26:29.753000+00:00,2026-01-06 09:26:29.969388+00:00,689.753,0.925,0.92,0.93,0.075,0.07,0.08,,,,
2026-01-06 09:26:30.643000+00:00,2026-01-06 09:26:30.958746+00:00,690.643,0.925,0.92,0.93,0.075,0.07,0.08,,,,
2026-01-06 09:26:31.709000+00:00,2026-01-06 09:26:31.953157+00:00,691.709,0.925,0.92,0.93,0.075,0.07,0.08,,,,
2026-01-06 09:26:32.723000+00:00,2026-01-06 09:26:32.966001+00:00,692.723,0.925,0.92,0.93,0.075,0.07,0.08,,,,
2026-01-06 09:26:33.194000+00:00,2026-01-06 09:26:33.979684+00:00,693.194,0.925,0.92,0.93,0.075,0.07,0.08,,,,
2026-01-06 09:26:34.565000+00:00,2026-01-06 09:26:34.993231+00:00,694.565,0.925,0.92,0.93,0.075,0.07,0.08,,,,
2026-01-06 09:26:35.326000+00:00,2026-01-06 09:26:36.003112+00:00,695.326,0.925,0.92,0.93,0.075,0.07,0.08,,,,
2026-01-06 09:26:36.722000+00:00,2026-01-06 09:26:37.017194+00:00,696.722,0.92,0.91,0.93,0.0849999999999999,0.08,0.09,,,,
2026-01-06 09:26:37.695000+00:00,2026-01-06 09:26:38.026869+00:00,697.695,0.925,0.92,0.93,0.075,0.07,0.08,,,,
2026-01-06 09:26:38.723000+00:00,2026-01-06 09:26:39.033790+00:00,698.723,0.925,0.92,0.93,0.075,0.07,0.08,,,,
2026-01-06 09:26:39.751000+00:00,2026-01-06 09:26:40.041943+00:00,699.751,0.925,0.92,0.93,0.075,0.07,0.08,,,,
2026-01-06 09:26:40.837000+00:00,2026-01-06 09:26:41.056507+00:00,700.837,0.925,0.92,0.93,0.07,0.06,0.08,,,,
2026-01-06 09:26:41.857000+00:00,2026-01-06 09:26:42.074503+00:00,701.857,0.93,0.92,0.94,0.07,0.06,0.08,,,,
2026-01-06 09:26:42.589000+00:00,2026-01-06 09:26:43.080690+00:00,702.589,0.93,0.92,0.94,0.07,0.06,0.08,,,,
2026-01-06 09:26:43.617000+00:00,2026-01-06 09:26:44.092018+00:00,703.617,0.93,0.92,0.94,0.07,0.06,0.08,,,,
2026-01-06 09:26:44.869000+00:00,2026-01-06 09:26:45.110069+00:00,704.869,0.935,0.93,0.94,0.065,0.06,0.07,,,,
2026-01-06 09:26:45.881000+00:00,2026-01-06 09:26:46.109598+00:00,705.881,0.935,0.93,0.94,0.065,0.06,0.07,,,,
2026-01-06 09:26:46.861000+00:00,2026-01-06 09:26:47.130453+00:00,706.861,0.935,0.93,0.94,0.065,0.06,0.07,,,,
2026-01-06 09:26:47.922000+00:00,2026-01-06 09:26:48.130348+00:00,707.922,0.935,0.93,0.94,0.065,0.06,0.07,,,,
2026-01-06 09:26:48.904000+00:00,2026-01-06 09:26:49.141328+00:00,708.904,0.935,0.93,0.94,0.065,0.06,0.07,,,,
2026-01-06 09:26:49.839000+00:00,2026-01-06 09:26:50.141583+00:00,709.839,0.935,0.93,0.94,0.065,0.06,0.07,,,,
2026-01-06 09:26:50.890000+00:00,2026-01-06 09:26:51.143134+00:00,710.89,0.935,0.93,0.94,0.065,0.06,0.07,,,,
2026-01-06 09:26:51.911000+00:00,2026-01-06 09:26:52.159512+00:00,711.911,0.945,0.94,0.95,0.055,0.05,0.06,,,,
2026-01-06 09:26:52.739000+00:00,2026-01-06 09:26:53.164437+00:00,712.739,0.945,0.94,0.95,0.055,0.05,0.06,,,,
2026-01-06 09:26:53.522000+00:00,2026-01-06 09:26:54.175238+00:00,713.522,0.945,0.94,0.95,0.055,0.05,0.06,,,,
2026-01-06 09:26:54.597000+00:00,2026-01-06 09:26:55.178270+00:00,714.597,0.945,0.94,0.95,0.055,0.05,0.06,,,,
2026-01-06 09:26:55.976000+00:00,2026-01-06 09:26:56.190983+00:00,715.976,0.945,0.94,0.95,0.055,0.05,0.06,,,,
2026-01-06 09:26:56.974000+00:00,2026-01-06 09:26:57.207992+00:00,716.974,0.945,0.94,0.95,0.055,0.05,0.06,,,,
2026-01-06 09:26:57.885000+00:00,2026-01-06 09:26:58.213142+00:00,717.885,0.945,0.94,0.95,0.055,0.05,0.06,,,,
2026-01-06 09:26:59.986000+00:00,2026-01-06 09:27:00.240186+00:00,719.986,0.945,0.94,0.95,0.055,0.05,0.06,,,,
2026-01-06 09:27:00.937000+00:00,2026-01-06 09:27:01.257472+00:00,720.937,0.955,0.95,0.96,0.045,0.04,0.05,,,,
2026-01-06 09:27:02.007000+00:00,2026-01-06 09:27:02.270018+00:00,722.007,0.965,0.96,0.97,0.035,0.03,0.04,,,,
2026-01-06 09:27:03.062000+00:00,2026-01-06 09:27:03.271534+00:00,723.062,0.965,0.96,0.97,0.035,0.03,0.04,,,,
2026-01-06 09:27:04.049000+00:00,2026-01-06 09:27:04.281698+00:00,724.049,0.965,0.96,0.97,0.035,0.03,0.04,,,,
2026-01-06 09:27:05.076000+00:00,2026-01-06 09:27:05.294316+00:00,725.076,0.965,0.96,0.97,0.035,0.03,0.04,,,,
2026-01-06 09:27:06.039000+00:00,2026-01-06 09:27:06.302387+00:00,726.039,0.965,0.96,0.97,0.035,0.03,0.04,,,,
2026-01-06 09:27:07.096000+00:00,2026-01-06 09:27:07.308112+00:00,727.096,0.965,0.96,0.97,0.035,0.03,0.04,,,,
2026-01-06 09:27:08.026000+00:00,2026-01-06 09:27:08.314451+00:00,728.026,0.965,0.96,0.97,0.035,0.03,0.04,,,,
2026-01-06 09:27:09.063000+00:00,2026-01-06 09:27:09.324049+00:00,729.063,0.965,0.96,0.97,0.035,0.03,0.04,,,,
2026-01-06 09:27:10.083000+00:00,2026-01-06 09:27:10.324500+00:00,730.083,0.965,0.96,0.97,0.035,0.03,0.04,,,,
2026-01-06 09:27:11.063000+00:00,2026-01-06 09:27:11.332214+00:00,731.063,0.965,0.96,0.97,0.035,0.03,0.04,,,,
2026-01-06 09:27:12.028000+00:00,2026-01-06 09:27:12.338285+00:00,732.028,0.96,0.95,0.97,0.04,0.03,0.05,,,,
2026-01-06 09:27:13.096000+00:00,2026-01-06 09:27:13.341265+00:00,733.096,0.965,0.96,0.97,0.035,0.03,0.04,,,,
2026-01-06 09:27:14.978000+00:00,2026-01-06 09:27:15.357420+00:00,734.978,0.975,0.97,0.98,0.025,0.02,0.03,,,,
2026-01-06 09:27:16.151000+00:00,2026-01-06 09:27:16.373174+00:00,736.151,0.975,0.97,0.98,0.025,0.02,0.03,,,,
2026-01-06 09:27:17.160000+00:00,2026-01-06 09:27:17.376765+00:00,737.16,0.975,0.97,0.98,0.025,0.02,0.03,,,,
2026-01-06 09:27:18.098000+00:00,2026-01-06 09:27:18.375534+00:00,738.098,0.975,0.97,0.98,0.025,0.02,0.03,,,,
2026-01-06 09:27:19.130000+00:00,2026-01-06 09:27:19.384872+00:00,739.13,0.975,0.97,0.98,0.025,0.02,0.03,,,,
2026-01-06 09:27:20.095000+00:00,2026-01-06 09:27:20.392087+00:00,740.095,0.975,0.97,0.98,0.025,0.02,0.03,,,,
2026-01-06 09:27:21.073000+00:00,2026-01-06 09:27:21.400999+00:00,741.073,0.975,0.97,0.98,0.025,0.02,0.03,,,,
2026-01-06 09:27:22.080000+00:00,2026-01-06 09:27:22.412467+00:00,742.08,0.975,0.97,0.98,0.025,0.02,0.03,,,,
2026-01-06 09:27:23.040000+00:00,2026-01-06 09:27:23.417281+00:00,743.04,0.97,0.96,0.98,0.045,0.04,0.05,,,,
2026-01-06 09:27:24.071000+00:00,2026-01-06 09:27:24.426574+00:00,744.071,0.975,0.97,0.98,0.025,0.02,0.03,,,,
2026-01-06 09:27:25.227000+00:00,2026-01-06 09:27:25.441524+00:00,745.227,0.975,0.97,0.98,0.025,0.02,0.03,,,,
2026-01-06 09:27:26.197000+00:00,2026-01-06 09:27:26.440072+00:00,746.197,0.975,0.97,0.98,0.025,0.02,0.03,,,,
2026-01-06 09:27:27.175000+00:00,2026-01-06 09:27:27.447370+00:00,747.175,0.975,0.97,0.98,0.025,0.02,0.03,,,,
2026-01-06 09:27:28.175000+00:00,2026-01-06 09:27:28.447286+00:00,748.175,0.975,0.97,0.98,0.025,0.02,0.03,,,,
2026-01-06 09:27:29.108000+00:00,2026-01-06 09:27:29.447267+00:00,749.108,0.975,0.97,0.98,0.025,0.02,0.03,,,,
2026-01-06 09:27:30.099000+00:00,2026-01-06 09:27:30.453621+00:00,750.099,0.975,0.97,0.98,0.025,0.02,0.03,,,,
2026-01-06 09:27:31.022000+00:00,2026-01-06 09:27:31.461238+00:00,751.022,0.975,0.97,0.98,0.025,0.02,0.03,,,,
2026-01-06 09:27:32.215000+00:00,2026-01-06 09:27:32.462164+00:00,752.215,0.98,0.97,0.99,0.02,0.01,0.03,,,,
2026-01-06 09:27:33.036000+00:00,2026-01-06 09:27:33.474125+00:00,753.036,0.98,0.97,0.99,0.02,0.01,0.03,,,,
2026-01-06 09:27:34.183000+00:00,2026-01-06 09:27:34.479291+00:00,754.183,0.985,0.98,0.99,0.015,0.01,0.02,,,,
2026-01-06 09:27:35.575000+00:00,2026-01-06 09:27:36.493408+00:00,755.575,0.985,0.98,0.99,0.015,0.01,0.02,,,,
2026-01-06 09:27:37.155000+00:00,2026-01-06 09:27:37.495012+00:00,757.155,0.985,0.98,0.99,0.015,0.01,0.02,,,,
2026-01-06 09:27:38.116000+00:00,2026-01-06 09:27:38.516233+00:00,758.116,0.985,0.98,0.99,0.015,0.01,0.02,,,,
2026-01-06 09:27:39.659000+00:00,2026-01-06 09:27:40.527924+00:00,759.659,0.985,0.98,0.99,0.015,0.01,0.02,,,,
2026-01-06 09:27:41.308000+00:00,2026-01-06 09:27:41.530485+00:00,761.308,0.985,0.98,0.99,0.015,0.01,0.02,,,,
2026-01-06 09:27:42.255000+00:00,2026-01-06 09:27:42.541029+00:00,762.255,0.985,0.98,0.99,0.015,0.01,0.02,,,,
2026-01-06 09:27:43.321000+00:00,2026-01-06 09:27:43.544942+00:00,763.321,0.985,0.98,0.99,0.015,0.01,0.02,,,,
2026-01-06 09:27:44.167000+00:00,2026-01-06 09:27:44.573374+00:00,764.167,0.975,0.97,0.98,0.025,0.02,0.03,,,,
2026-01-06 09:27:45.182000+00:00,2026-01-06 09:27:45.578053+00:00,765.182,0.965,0.96,0.97,0.035,0.03,0.04,,,,
2026-01-06 09:27:46.159000+00:00,2026-01-06 09:27:46.578256+00:00,766.159,0.965,0.96,0.97,0.035,0.03,0.04,,,,
2026-01-06 09:27:47.260000+00:00,2026-01-06 09:27:47.583940+00:00,767.26,0.965,0.96,0.97,0.035,0.03,0.04,,,,
2026-01-06 09:27:48.280000+00:00,2026-01-06 09:27:48.593559+00:00,768.28,0.965,0.96,0.97,0.035,0.03,0.04,,,,
2026-01-06 09:27:49.276000+00:00,2026-01-06 09:27:49.607377+00:00,769.276,0.965,0.96,0.97,0.035,0.03,0.04,,,,
2026-01-06 09:27:50.266000+00:00,2026-01-06 09:27:50.611264+00:00,770.266,0.97,0.96,0.98,0.03,0.02,0.04,,,,
2026-01-06 09:27:51.244000+00:00,2026-01-06 09:27:51.623366+00:00,771.244,0.97,0.96,0.98,0.03,0.02,0.04,,,,
2026-01-06 09:27:52.267000+00:00,2026-01-06 09:27:52.640822+00:00,772.267,0.97,0.96,0.98,0.03,0.02,0.04,,,,
2026-01-06 09:27:53.305000+00:00,2026-01-06 09:27:53.654817+00:00,773.305,0.975,0.97,0.98,0.025,0.02,0.03,,,,
2026-01-06 09:27:54.228000+00:00,2026-01-06 09:27:54.654475+00:00,774.228,0.975,0.97,0.98,0.025,0.02,0.03,,,,
2026-01-06 09:27:55.179000+00:00,2026-01-06 09:27:55.671691+00:00,775.179,0.975,0.97,0.98,0.025,0.02,0.03,,,,
2026-01-06 09:27:56.735000+00:00,2026-01-06 09:27:57.671386+00:00,776.735,0.975,0.97,0.98,0.025,0.02,0.03,,,,
2026-01-06 09:27:58.381000+00:00,2026-01-06 09:27:58.675327+00:00,778.381,0.975,0.97,0.98,0.025,0.02,0.03,,,,
2026-01-06 09:27:59.386000+00:00,2026-01-06 09:27:59.679695+00:00,779.386,0.975,0.97,0.98,0.025,0.02,0.03,,,,
2026-01-06 09:28:00.424000+00:00,2026-01-06 09:28:00.687297+00:00,780.424,0.98,0.97,0.99,0.02,0.01,0.03,,,,
2026-01-06 09:28:01.486000+00:00,2026-01-06 09:28:01.690112+00:00,781.486,0.98,0.97,0.99,0.02,0.01,0.03,,,,
2026-01-06 09:28:02.305000+00:00,2026-01-06 09:28:02.706377+00:00,782.305,0.98,0.97,0.99,0.025,0.02,0.03,,,,
2026-01-06 09:28:03.374000+00:00,2026-01-06 09:28:03.708052+00:00,783.374,0.975,0.97,0.98,0.025,0.02,0.03,,,,
2026-01-06 09:28:04.451000+00:00,2026-01-06 09:28:04.703547+00:00,784.451,0.975,0.97,0.98,0.025,0.02,0.03,,,,
2026-01-06 09:28:05.489000+00:00,2026-01-06 09:28:05.706676+00:00,785.489,0.975,0.97,0.98,0.025,0.02,0.03,,,,
2026-01-06 09:28:06.373000+00:00,2026-01-06 09:28:06.720338+00:00,786.373,0.98,0.97,0.99,0.02,0.01,0.03,,,,
2026-01-06 09:28:07.708000+00:00,2026-01-06 09:28:08.739375+00:00,787.708,0.98,0.97,0.99,0.02,0.01,0.03,,,,
2026-01-06 09:28:09.390000+00:00,2026-01-06 09:28:09.754763+00:00,789.39,0.98,0.97,0.99,0.02,0.01,0.03,,,,
2026-01-06 09:28:10.314000+00:00,2026-01-06 09:28:10.768232+00:00,790.314,0.98,0.97,0.99,0.02,0.01,0.03,,,,
2026-01-06 09:28:11.506000+00:00,2026-01-06 09:28:11.773143+00:00,791.506,0.98,0.97,0.99,0.02,0.01,0.03,,,,
2026-01-06 09:28:12.442000+00:00,2026-01-06 09:28:12.790844+00:00,792.442,0.98,0.97,0.99,0.02,0.01,0.03,,,,
2026-01-06 09:28:13.456000+00:00,2026-01-06 09:28:13.790820+00:00,793.456,0.98,0.97,0.99,0.02,0.01,0.03,,,,
2026-01-06 09:28:14.347000+00:00,2026-01-06 09:28:14.802321+00:00,794.347,0.98,0.97,0.99,0.02,0.01,0.03,,,,
2026-01-06 09:28:15.288000+00:00,2026-01-06 09:28:15.796102+00:00,795.288,0.98,0.97,0.99,0.02,0.01,0.03,,,,
2026-01-06 09:28:16.566000+00:00,2026-01-06 09:28:16.803572+00:00,796.566,0.985,0.98,0.99,0.015,0.01,0.02,,,,
2026-01-06 09:28:17.283000+00:00,2026-01-06 09:28:17.818663+00:00,797.283,0.985,0.98,0.99,0.015,0.01,0.02,,,,
2026-01-06 09:28:18.353000+00:00,2026-01-06 09:28:18.826377+00:00,798.353,0.985,0.98,0.99,0.015,0.01,0.02,,,,
2026-01-06 09:28:19.606000+00:00,2026-01-06 09:28:19.821026+00:00,799.606,0.98,0.97,0.99,0.02,0.01,0.03,,,,
2026-01-06 09:28:20.287000+00:00,2026-01-06 09:28:20.832561+00:00,800.287,0.98,0.97,0.99,0.02,0.01,0.03,,,,
2026-01-06 09:28:21.496000+00:00,2026-01-06 09:28:21.838054+00:00,801.496,0.98,0.97,0.99,0.02,0.01,0.03,,,,
2026-01-06 09:28:22.496000+00:00,2026-01-06 09:28:22.837579+00:00,802.496,0.985,0.98,0.99,0.015,0.01,0.02,,,,
2026-01-06 09:28:23.633000+00:00,2026-01-06 09:28:23.848756+00:00,803.633,0.985,0.98,0.99,0.015,0.01,0.02,,,,
2026-01-06 09:28:24.600000+00:00,2026-01-06 09:28:24.849654+00:00,804.6,0.985,0.98,0.99,0.015,0.01,0.02,,,,
2026-01-06 09:28:25.606000+00:00,2026-01-06 09:28:25.855130+00:00,805.606,0.98,0.97,0.99,0.02,0.01,0.03,,,,
2026-01-06 09:28:26.529000+00:00,2026-01-06 09:28:26.854606+00:00,806.529,0.985,0.98,0.99,0.015,0.01,0.02,,,,
2026-01-06 09:28:27.623000+00:00,2026-01-06 09:28:27.864954+00:00,807.623,0.985,0.98,0.99,0.015,0.01,0.02,,,,
2026-01-06 09:28:28.616000+00:00,2026-01-06 09:28:28.872536+00:00,808.616,0.99,0.99,,0.01,,0.01,,,,
2026-01-06 09:28:29.618000+00:00,2026-01-06 09:28:29.889902+00:00,809.618,0.99,0.99,,0.01,,0.01,,,,
2026-01-06 09:28:30.990000+00:00,2026-01-06 09:28:31.921814+00:00,810.99,0.99,0.99,,0.01,,0.01,,,,
2026-01-06 09:28:32.686000+00:00,2026-01-06 09:28:32.922039+00:00,812.686,0.99,0.99,,0.01,,0.01,,,,
2026-01-06 09:28:33.536000+00:00,2026-01-06 09:28:33.913804+00:00,813.536,0.99,0.99,,0.01,,0.01,,,,
2026-01-06 09:28:34.713000+00:00,2026-01-06 09:28:34.925523+00:00,814.713,0.99,0.99,,0.01,,0.01,,,,
2026-01-06 09:28:35.676000+00:00,2026-01-06 09:28:35.920738+00:00,815.676,0.99,0.99,,0.01,,0.01,,,,
2026-01-06 09:28:36.278000+00:00,2026-01-06 09:28:36.937022+00:00,816.278,0.99,0.99,,0.01,,0.01,,,,
2026-01-06 09:28:37.567000+00:00,2026-01-06 09:28:38.959927+00:00,817.567,0.99,0.99,,0.01,,0.01,,,,
2026-01-06 09:28:39.411000+00:00,2026-01-06 09:28:39.967318+00:00,819.411,0.99,0.99,,0.01,,0.01,,,,
2026-01-06 09:28:40.819000+00:00,2026-01-06 09:28:41.974980+00:00,820.819,0.99,0.99,,0.01,,0.01,,,,
2026-01-06 09:28:42.705000+00:00,2026-01-06 09:28:42.975094+00:00,822.705,0.99,0.99,,0.01,,0.01,,,,
2026-01-06 09:28:43.655000+00:00,2026-01-06 09:28:44.983457+00:00,823.655,0.99,0.99,,0.01,,0.01,,,,
2026-01-06 09:28:45+00:00,2026-01-06 09:28:48.009254+00:00,825.0,0.99,0.99,,0.01,,0.01,,,,
2026-01-06 09:28:48.410000+00:00,2026-01-06 09:28:49.021181+00:00,828.41,0.99,0.99,,0.01,,0.01,,,,
2026-01-06 09:28:49.313000+00:00,2026-01-06 09:28:50.037624+00:00,829.313,0.99,0.99,,0.01,,0.01,,,,
2026-01-06 09:28:50.568000+00:00,2026-01-06 09:28:51.054731+00:00,830.568,0.99,0.99,,0.01,,0.01,,,,
2026-01-06 09:28:51.733000+00:00,2026-01-06 09:28:52.058414+00:00,831.733,0.99,0.99,,0.01,,0.01,,,,
2026-01-06 09:28:52.484000+00:00,2026-01-06 09:28:53.046871+00:00,832.484,0.99,0.99,,0.01,,0.01,,,,
2026-01-06 09:28:53.816000+00:00,2026-01-06 09:28:54.057748+00:00,833.816,0.99,0.99,,0.01,,0.01,,,,
2026-01-06 09:28:54+00:00,2026-01-06 09:28:55.072034+00:00,834.0,0.99,0.99,,0.01,,0.01,,,,
2026-01-06 09:28:55.971000+00:00,2026-01-06 09:28:58.086701+00:00,835.971,0.99,0.99,,0.01,,0.01,,,,
2026-01-06 09:28:58.838000+00:00,2026-01-06 09:28:59.091423+00:00,838.838,0.99,0.99,,0.01,,0.01,,,,
2026-01-06 09:29:00.066000+00:00,2026-01-06 09:29:01.120712+00:00,840.066,0.99,0.99,,0.01,,0.01,,,,
2026-01-06 09:29:01.902000+00:00,2026-01-06 09:29:02.135855+00:00,841.902,0.99,0.99,,0.01,,0.01,,,,
2026-01-06 09:29:02.841000+00:00,2026-01-06 09:29:03.152562+00:00,842.841,0.99,0.99,,0.01,,0.01,,,,
2026-01-06 09:29:03.950000+00:00,2026-01-06 09:29:04.169246+00:00,843.95,0.99,0.99,,0.01,,0.01,,,,
2026-01-06 09:29:04.836000+00:00,2026-01-06 09:29:05.169617+00:00,844.836,0.99,0.99,,0.01,,0.01,,,,
2026-01-06 09:29:05.844000+00:00,2026-01-06 09:29:06.183997+00:00,845.844,0.99,0.99,,0.01,,0.01,,,,
2026-01-06 09:29:06.878000+00:00,2026-01-06 09:29:07.187166+00:00,846.878,0.99,0.99,,0.01,,0.01,,,,
2026-01-06 09:29:07.159000+00:00,2026-01-06 09:29:08.194104+00:00,847.159,0.99,0.99,,0.01,,0.01,,,,
2026-01-06 09:29:08.666000+00:00,2026-01-06 09:29:10.220901+00:00,848.666,0.99,0.99,,0.01,,0.01,,,,
2026-01-06 09:29:10.953000+00:00,2026-01-06 09:29:11.232569+00:00,850.953,0.99,0.99,,0.01,,0.01,,,,
2026-01-06 09:29:12.928000+00:00,2026-01-06 09:29:13.257858+00:00,852.928,0.99,0.99,,0.01,,0.01,,,,
2026-01-06 09:29:13.640000+00:00,2026-01-06 09:29:14.266568+00:00,853.64,0.99,0.99,,0.01,,0.01,,,,
2026-01-06 09:29:14.366000+00:00,2026-01-06 09:29:15.258720+00:00,854.366,0.99,0.99,,0.01,,0.01,,,,
2026-01-06 09:29:15.929000+00:00,2026-01-06 09:29:16.265110+00:00,855.929,0.99,0.99,,0.01,,0.01,,,,
2026-01-06 09:29:16.970000+00:00,2026-01-06 09:29:17.257130+00:00,856.97,0.99,0.99,,0.01,,0.01,,,,
2026-01-06 09:29:18.968000+00:00,2026-01-06 09:29:19.278151+00:00,858.968,0.99,0.99,,0.01,,0.01,,,,
2026-01-06 09:29:19.531000+00:00,2026-01-06 09:29:20.286035+00:00,859.531,0.99,0.99,,0.01,,0.01,,,,
2026-01-06 09:29:20.264000+00:00,2026-01-06 09:29:21.283579+00:00,860.264,0.99,0.99,,0.01,,0.01,,,,
2026-01-06 09:29:21.349000+00:00,2026-01-06 09:29:22.291747+00:00,861.349,0.99,0.99,,0.01,,0.01,,,,
2026-01-06 09:29:22.249000+00:00,2026-01-06 09:29:23.294435+00:00,862.249,0.99,0.99,,0.01,,0.01,,,,
2026-01-06 09:29:24.554000+00:00,2026-01-06 09:29:25.308061+00:00,864.554,0.99,0.99,,0.01,,0.01,,,,
2026-01-06 09:29:26.954000+00:00,2026-01-06 09:29:27.329972+00:00,866.954,0.99,0.99,,0.01,,0.01,,,,
2026-01-06 09:29:28.224000+00:00,2026-01-06 09:29:29.318534+00:00,868.224,0.99,0.99,,0.01,,0.01,,,,
2026-01-06 09:29:30.073000+00:00,2026-01-06 09:29:30.321534+00:00,870.073,0.99,0.99,,0.01,,0.01,,,,
2026-01-06 09:29:31.871000+00:00,2026-01-06 09:29:32.327939+00:00,871.871,0.99,0.99,,0.01,,0.01,,,,
2026-01-06 09:29:33.525000+00:00,2026-01-06 09:29:37.352127+00:00,873.525,0.99,0.99,,0.01,,0.01,,,,
2026-01-06 09:29:38.215000+00:00,2026-01-06 09:29:39.379831+00:00,878.215,0.99,0.99,,0.01,,0.01,,,,
2026-01-06 09:29:40.058000+00:00,2026-01-06 09:29:40.399207+00:00,880.058,0.99,0.99,,0.01,,0.01,,,,
2026-01-06 09:29:41.152000+00:00,2026-01-06 09:29:41.407063+00:00,881.152,0.99,0.99,,0.01,,0.01,,,,
2026-01-06 09:29:42.189000+00:00,2026-01-06 09:29:42.407027+00:00,882.189,0.99,0.99,,0.01,,0.01,,,,
2026-01-06 09:29:43.154000+00:00,2026-01-06 09:29:43.418379+00:00,883.154,0.99,0.99,,0.01,,0.01,,,,
2026-01-06 09:29:44.139000+00:00,2026-01-06 09:29:44.424449+00:00,884.139,0.99,0.99,,0.01,,0.01,,,,
2026-01-06 09:29:45.376000+00:00,2026-01-06 09:29:46.435189+00:00,885.376,0.99,0.99,,0.01,,0.01,,,,
2026-01-06 09:29:46.947000+00:00,2026-01-06 09:29:47.442959+00:00,886.947,0.99,0.99,,0.01,,0.01,,,,
2026-01-06 09:29:48.067000+00:00,2026-01-06 09:29:48.451087+00:00,888.067,0.99,0.99,,0.01,,0.01,,,,
2026-01-06 09:29:49.912000+00:00,2026-01-06 09:29:50.468708+00:00,889.912,0.99,0.99,,0.01,,0.01,,,,
2026-01-06 09:29:50.791000+00:00,2026-01-06 09:29:51.478599+00:00,890.791,0.99,0.99,,0.01,,0.01,,,,
2026-01-06 09:29:51.910000+00:00,2026-01-06 09:29:52.502604+00:00,891.91,0.99,0.99,,0.01,,0.01,,,,
2026-01-06 09:29:52.317000+00:00,2026-01-06 09:29:53.511230+00:00,892.317,0.99,0.99,,0.01,,0.01,,,,
2026-01-06 09:29:54.176000+00:00,2026-01-06 09:29:54.526381+00:00,894.176,0.99,0.99,,0.01,,0.01,,,,
2026-01-06 09:29:55.265000+00:00,2026-01-06 09:29:55.537093+00:00,895.265,0.99,0.99,,0.01,,0.01,,,,
2026-01-06 09:29:56.024000+00:00,2026-01-06 09:29:56.537575+00:00,896.024,0.99,0.99,,0.01,,0.01,,,,
2026-01-06 09:29:57.295000+00:00,2026-01-06 09:29:57.537800+00:00,897.295,0.99,0.99,,0.01,,0.01,,,,
2026-01-06 09:29:58.094000+00:00,2026-01-06 09:29:58.552445+00:00,898.094,0.99,0.99,,0.01,,0.01,,,,
2026-01-06 09:29:59.206000+00:00,2026-01-06 09:29:59.552064+00:00,899.206,0.99,0.99,,0.01,,0.01,,,,
