timestamp,collected_at,seconds,mid,bid,ask,asset
2026-01-06 06:45:00+00:00,2026-01-06 06:49:37.900623+00:00,0.0,3250.123,3250.03,3250.19,ETH
2026-01-06 06:45:01+00:00,2026-01-06 06:49:38.917836+00:00,1.0,3249.713,3249.7,3250.24,ETH
2026-01-06 06:45:02+00:00,2026-01-06 06:49:39.929500+00:00,2.0,3249.533,3249.52,3250.17,ETH
2026-01-06 06:45:03+00:00,2026-01-06 06:49:40.916726+00:00,3.0,3249.473,3249.47,3249.88,ETH
2026-01-06 06:45:04+00:00,2026-01-06 06:49:41.917297+00:00,4.0,3249.713,3249.29,3249.95,ETH
2026-01-06 06:45:05+00:00,2026-01-06 06:49:42.934016+00:00,5.0,3250.623,3250.43,3250.63,ETH
2026-01-06 06:45:06+00:00,2026-01-06 06:49:43.946919+00:00,6.0,3250.503,3250.43,3250.84,ETH
2026-01-06 06:45:07+00:00,2026-01-06 06:49:44.950023+00:00,7.0,3250.503,3250.33,3250.71,ETH
2026-01-06 06:45:08+00:00,2026-01-06 06:49:45.950102+00:00,8.0,3250.313,3250.14,3250.48,ETH
2026-01-06 06:45:09+00:00,2026-01-06 06:49:46.965390+00:00,9.0,3250.223,3250.15,3250.78,ETH
2026-01-06 06:45:10+00:00,2026-01-06 06:49:47.982165+00:00,10.0,3250.073,3250.03,3250.25,ETH
2026-01-06 06:45:11+00:00,2026-01-06 06:49:49.000597+00:00,11.0,3249.983,3249.89,3250.44,ETH
2026-01-06 06:45:12+00:00,2026-01-06 06:49:50.017533+00:00,12.0,3249.563,3249.55,3249.88,ETH
2026-01-06 06:45:13+00:00,2026-01-06 06:49:51.028130+00:00,13.0,3249.563,3249.53,3249.81,ETH
2026-01-06 06:45:14+00:00,2026-01-06 06:49:53.029241+00:00,14.0,3249.343,3249.18,3249.6,ETH
2026-01-06 06:45:15+00:00,2026-01-06 06:49:54.031038+00:00,15.0,3249.003,3248.66,3249.12,ETH
2026-01-06 06:45:16+00:00,2026-01-06 06:49:55.033381+00:00,16.0,3248.292,3247.96,3248.4,ETH
2026-01-06 06:45:17+00:00,2026-01-06 06:49:56.044055+00:00,17.0,3247.202,3247.08,3247.42,ETH
2026-01-06 06:45:18+00:00,2026-01-06 06:49:57.066882+00:00,18.0,3248.502,3248.37,3248.84,ETH
2026-01-06 06:45:19+00:00,2026-01-06 06:49:58.063314+00:00,19.0,3250.393,3250.25,3250.71,ETH
2026-01-06 06:45:20+00:00,2026-01-06 06:49:59.081069+00:00,20.0,3250.263,3250.15,3250.57,ETH
2026-01-06 06:45:21+00:00,2026-01-06 06:50:00.094451+00:00,21.0,3250.133,3250.06,3250.44,ETH
2026-01-06 06:45:22+00:00,2026-01-06 06:50:01.100402+00:00,22.0,3250.003,3249.97,3250.3,ETH
2026-01-06 06:45:23+00:00,2026-01-06 06:50:02.096712+00:00,23.0,3249.933,3249.92,3250.23,ETH
2026-01-06 06:45:24+00:00,2026-01-06 06:50:03.099724+00:00,24.0,3249.863,3249.81,3250.11,ETH
2026-01-06 06:45:25+00:00,2026-01-06 06:50:04.091525+00:00,25.0,3249.783,3249.72,3249.99,ETH
2026-01-06 06:45:26+00:00,2026-01-06 06:50:05.097971+00:00,26.0,3249.763,3249.74,3249.99,ETH
2026-01-06 06:45:27+00:00,2026-01-06 06:50:06.080678+00:00,27.0,3249.783,3249.75,3250.08,ETH
2026-01-06 06:45:28+00:00,2026-01-06 06:50:07.098263+00:00,28.0,3249.783,3249.75,3250.18,ETH
2026-01-06 06:45:29+00:00,2026-01-06 06:50:08.102252+00:00,29.0,3249.773,3249.76,3250.17,ETH
2026-01-06 06:45:30+00:00,2026-01-06 06:50:09.116909+00:00,30.0,3249.803,3249.78,3250.14,ETH
2026-01-06 06:45:31+00:00,2026-01-06 06:50:10.113519+00:00,31.0,3249.743,3249.7,3250.0,ETH
2026-01-06 06:45:32+00:00,2026-01-06 06:50:11.107153+00:00,32.0,3249.693,3249.63,3249.95,ETH
2026-01-06 06:45:33+00:00,2026-01-06 06:50:12.116635+00:00,33.0,3249.643,3249.55,3249.93,ETH
2026-01-06 06:45:34+00:00,2026-01-06 06:50:13.115781+00:00,34.0,3249.473,3249.39,3249.87,ETH
2026-01-06 06:45:35+00:00,2026-01-06 06:50:14.128445+00:00,35.0,3249.293,3249.26,3249.71,ETH
2026-01-06 06:45:36+00:00,2026-01-06 06:50:15.128298+00:00,36.0,3249.223,3249.22,3249.61,ETH
2026-01-06 06:45:37+00:00,2026-01-06 06:50:16.143700+00:00,37.0,3249.223,3249.22,3249.67,ETH
2026-01-06 06:45:38+00:00,2026-01-06 06:50:17.163959+00:00,38.0,3249.303,3249.23,3249.63,ETH
2026-01-06 06:45:39+00:00,2026-01-06 06:50:18.210508+00:00,39.0,3249.053,3249.0,3249.31,ETH
2026-01-06 06:45:40+00:00,2026-01-06 06:50:19.203673+00:00,40.0,3249.193,3248.94,3249.34,ETH
2026-01-06 06:45:41+00:00,2026-01-06 06:50:20.226429+00:00,41.0,3249.273,3249.01,3249.42,ETH
2026-01-06 06:45:42+00:00,2026-01-06 06:50:21.215513+00:00,42.0,3249.203,3249.07,3249.41,ETH
2026-01-06 06:45:43+00:00,2026-01-06 06:50:22.213104+00:00,43.0,3249.203,3249.05,3249.47,ETH
2026-01-06 06:45:44+00:00,2026-01-06 06:50:23.217708+00:00,44.0,3249.203,3249.03,3249.44,ETH
2026-01-06 06:45:45+00:00,2026-01-06 06:50:24.213390+00:00,45.0,3249.203,3249.0,3249.31,ETH
2026-01-06 06:45:46+00:00,2026-01-06 06:50:25.228867+00:00,46.0,3249.203,3248.98,3249.23,ETH
2026-01-06 06:45:47+00:00,2026-01-06 06:50:26.228933+00:00,47.0,3249.133,3248.95,3249.3,ETH
2026-01-06 06:45:48+00:00,2026-01-06 06:50:27.245975+00:00,48.0,3249.063,3248.94,3249.35,ETH
2026-01-06 06:45:49+00:00,2026-01-06 06:50:28.261225+00:00,49.0,3249.063,3248.93,3249.32,ETH
2026-01-06 06:45:50+00:00,2026-01-06 06:50:29.260126+00:00,50.0,3249.063,3248.93,3249.27,ETH
2026-01-06 06:45:51+00:00,2026-01-06 06:50:30.282026+00:00,51.0,3249.123,3248.97,3249.25,ETH
2026-01-06 06:45:52+00:00,2026-01-06 06:50:31.279737+00:00,52.0,3249.193,3249.03,3249.26,ETH
2026-01-06 06:45:53+00:00,2026-01-06 06:50:32.299072+00:00,53.0,3249.263,3249.07,3249.39,ETH
2026-01-06 06:45:54+00:00,2026-01-06 06:50:33.318689+00:00,54.0,3249.353,3249.11,3249.48,ETH
2026-01-06 06:45:55+00:00,2026-01-06 06:50:34.313570+00:00,55.0,3249.373,3249.2,3249.51,ETH
2026-01-06 06:45:56+00:00,2026-01-06 06:50:35.311590+00:00,56.0,3249.373,3249.28,3249.68,ETH
2026-01-06 06:45:57+00:00,2026-01-06 06:50:36.326603+00:00,57.0,3249.513,3249.28,3249.86,ETH
2026-01-06 06:45:58+00:00,2026-01-06 06:50:37.342302+00:00,58.0,3249.723,3249.33,3250.02,ETH
2026-01-06 06:45:59+00:00,2026-01-06 06:50:38.346041+00:00,59.0,3249.853,3249.58,3250.09,ETH
2026-01-06 06:46:00+00:00,2026-01-06 06:50:39.363104+00:00,60.0,3249.913,3249.78,3250.09,ETH
2026-01-06 06:46:01+00:00,2026-01-06 06:50:40.365116+00:00,61.0,3249.743,3249.72,3250.1,ETH
2026-01-06 06:46:02+00:00,2026-01-06 06:50:41.365252+00:00,62.0,3249.483,3249.47,3249.68,ETH
2026-01-06 06:46:03+00:00,2026-01-06 06:50:42.376974+00:00,63.0,3248.902,3248.86,3249.01,ETH
2026-01-06 06:46:04+00:00,2026-01-06 06:50:43.376835+00:00,64.0,3248.662,3248.62,3248.94,ETH
2026-01-06 06:46:05+00:00,2026-01-06 06:50:44.396587+00:00,65.0,3248.422,3248.37,3248.87,ETH
2026-01-06 06:46:06+00:00,2026-01-06 06:50:45.395652+00:00,66.0,3248.372,3248.25,3248.44,ETH
2026-01-06 06:46:07+00:00,2026-01-06 06:50:46.394623+00:00,67.0,3248.012,3247.89,3248.15,ETH
2026-01-06 06:46:08+00:00,2026-01-06 06:50:47.395906+00:00,68.0,3247.792,3247.61,3247.86,ETH
2026-01-06 06:46:09+00:00,2026-01-06 06:50:48.394623+00:00,69.0,3247.792,3247.64,3247.84,ETH
2026-01-06 06:46:10+00:00,2026-01-06 06:50:49.397415+00:00,70.0,3247.362,3247.35,3247.77,ETH
2026-01-06 06:46:11+00:00,2026-01-06 06:50:50.396417+00:00,71.0,3246.882,3246.84,3246.92,ETH
2026-01-06 06:46:12+00:00,2026-01-06 06:50:51.408656+00:00,72.0,3246.792,3246.63,3246.87,ETH
2026-01-06 06:46:13+00:00,2026-01-06 06:50:52.414866+00:00,73.0,3246.562,3246.43,3246.68,ETH
2026-01-06 06:46:14+00:00,2026-01-06 06:50:53.419278+00:00,74.0,3246.592,3246.38,3246.65,ETH
2026-01-06 06:46:15+00:00,2026-01-06 06:50:54.427509+00:00,75.0,3246.452,3246.31,3246.56,ETH
2026-01-06 06:46:16+00:00,2026-01-06 06:50:55.443089+00:00,76.0,3246.312,3246.25,3246.48,ETH
2026-01-06 06:46:17+00:00,2026-01-06 06:50:56.458146+00:00,77.0,3246.322,3246.22,3246.47,ETH
2026-01-06 06:46:18+00:00,2026-01-06 06:50:57.477543+00:00,78.0,3246.382,3246.3,3246.45,ETH
2026-01-06 06:46:19+00:00,2026-01-06 06:50:58.477026+00:00,79.0,3246.412,3246.28,3246.47,ETH
2026-01-06 06:46:20+00:00,2026-01-06 06:50:59.493569+00:00,80.0,3246.322,3246.26,3246.47,ETH
2026-01-06 06:46:21+00:00,2026-01-06 06:51:00.495700+00:00,81.0,3246.412,3246.26,3246.47,ETH
2026-01-06 06:46:22+00:00,2026-01-06 06:51:01.494923+00:00,82.0,3246.152,3246.07,3246.29,ETH
2026-01-06 06:46:23+00:00,2026-01-06 06:51:02.512104+00:00,83.0,3245.892,3245.84,3246.11,ETH
2026-01-06 06:46:24+00:00,2026-01-06 06:51:03.531406+00:00,84.0,3245.752,3245.69,3245.81,ETH
2026-01-06 06:46:25+00:00,2026-01-06 06:51:04.535414+00:00,85.0,3245.762,3245.48,3245.89,ETH
2026-01-06 06:46:26+00:00,2026-01-06 06:51:06.563952+00:00,86.0,3245.762,3245.67,3245.78,ETH
2026-01-06 06:46:27+00:00,2026-01-06 06:51:07.575028+00:00,87.0,3245.762,3245.59,3245.78,ETH
2026-01-06 06:46:28+00:00,2026-01-06 06:51:08.578702+00:00,88.0,3245.692,3245.58,3245.73,ETH
2026-01-06 06:46:29+00:00,2026-01-06 06:51:09.589761+00:00,89.0,3245.482,3245.44,3245.54,ETH
2026-01-06 06:46:30+00:00,2026-01-06 06:51:10.600055+00:00,90.0,3245.252,3245.24,3245.4,ETH
2026-01-06 06:46:31+00:00,2026-01-06 06:51:11.593496+00:00,91.0,3245.162,3245.15,3245.32,ETH
2026-01-06 06:46:32+00:00,2026-01-06 06:51:12.593691+00:00,92.0,3245.152,3245.14,3245.27,ETH
2026-01-06 06:46:33+00:00,2026-01-06 06:51:13.615897+00:00,93.0,3245.112,3245.11,3245.29,ETH
2026-01-06 06:46:34+00:00,2026-01-06 06:51:14.614517+00:00,94.0,3245.082,3245.07,3245.26,ETH
2026-01-06 06:46:35+00:00,2026-01-06 06:51:15.626968+00:00,95.0,3245.072,3245.07,3245.22,ETH
2026-01-06 06:46:36+00:00,2026-01-06 06:51:16.641806+00:00,96.0,3245.082,3245.07,3245.2,ETH
2026-01-06 06:46:37+00:00,2026-01-06 06:51:17.656635+00:00,97.0,3244.832,3244.76,3244.92,ETH
2026-01-06 06:46:38+00:00,2026-01-06 06:51:18.649812+00:00,98.0,3244.522,3244.44,3244.69,ETH
2026-01-06 06:46:40+00:00,2026-01-06 06:51:19.711156+00:00,100.0,3244.392,3244.38,3244.64,ETH
2026-01-06 06:46:41+00:00,2026-01-06 06:51:20.705163+00:00,101.0,3244.252,3244.24,3244.53,ETH
2026-01-06 06:46:42+00:00,2026-01-06 06:51:21.701813+00:00,102.0,3244.572,3244.23,3244.62,ETH
2026-01-06 06:46:43+00:00,2026-01-06 06:51:22.744068+00:00,103.0,3244.492,3244.41,3244.53,ETH
2026-01-06 06:46:44+00:00,2026-01-06 06:51:23.742374+00:00,104.0,3244.492,3244.35,3244.59,ETH
2026-01-06 06:46:45+00:00,2026-01-06 06:51:24.772755+00:00,105.0,3244.272,3244.08,3244.33,ETH
2026-01-06 06:46:46+00:00,2026-01-06 06:51:25.779904+00:00,106.0,3244.272,3244.06,3244.28,ETH
2026-01-06 06:46:47+00:00,2026-01-06 06:51:26.781709+00:00,107.0,3244.272,3244.06,3244.28,ETH
2026-01-06 06:46:48+00:00,2026-01-06 06:51:27.798897+00:00,108.0,3243.592,3243.58,3243.86,ETH
2026-01-06 06:46:49+00:00,2026-01-06 06:51:28.796555+00:00,109.0,3243.402,3243.39,3243.58,ETH
2026-01-06 06:46:50+00:00,2026-01-06 06:51:30.811612+00:00,110.0,3244.922,3244.8,3245.25,ETH
2026-01-06 06:46:51+00:00,2026-01-06 06:51:31.827562+00:00,111.0,3248.312,3247.95,3248.93,ETH
2026-01-06 06:46:52+00:00,2026-01-06 06:51:32.842717+00:00,112.0,3250.243,3249.84,3250.74,ETH
2026-01-06 06:46:53+00:00,2026-01-06 06:51:33.841406+00:00,113.0,3250.353,3250.17,3250.59,ETH
2026-01-06 06:46:54+00:00,2026-01-06 06:51:34.861783+00:00,114.0,3250.403,3250.2,3250.48,ETH
2026-01-06 06:46:55+00:00,2026-01-06 06:51:35.874135+00:00,115.0,3250.263,3250.08,3250.41,ETH
2026-01-06 06:46:56+00:00,2026-01-06 06:51:36.879448+00:00,116.0,3250.253,3249.96,3250.4,ETH
2026-01-06 06:46:57+00:00,2026-01-06 06:51:37.893184+00:00,117.0,3250.333,3250.09,3250.51,ETH
2026-01-06 06:46:58+00:00,2026-01-06 06:51:38.895518+00:00,118.0,3250.373,3250.27,3250.58,ETH
2026-01-06 06:46:59+00:00,2026-01-06 06:51:39.910325+00:00,119.0,3250.563,3250.35,3250.8,ETH
2026-01-06 06:47:00+00:00,2026-01-06 06:51:40.933322+00:00,120.0,3250.583,3250.43,3250.94,ETH
2026-01-06 06:47:01+00:00,2026-01-06 06:51:41.942880+00:00,121.0,3250.253,3250.14,3250.47,ETH
2026-01-06 06:47:02+00:00,2026-01-06 06:51:42.944134+00:00,122.0,3249.763,3249.56,3249.93,ETH
2026-01-06 06:47:03+00:00,2026-01-06 06:51:43.946346+00:00,123.0,3249.463,3249.37,3249.81,ETH
2026-01-06 06:47:04+00:00,2026-01-06 06:51:44.965188+00:00,124.0,3249.423,3249.41,3249.87,ETH
2026-01-06 06:47:05+00:00,2026-01-06 06:51:45.978158+00:00,125.0,3249.423,3249.38,3249.9,ETH
2026-01-06 06:47:06+00:00,2026-01-06 06:51:46.979491+00:00,126.0,3249.403,3249.33,3249.74,ETH
2026-01-06 06:47:07+00:00,2026-01-06 06:51:47.989483+00:00,127.0,3249.393,3249.3,3249.58,ETH
2026-01-06 06:47:08+00:00,2026-01-06 06:51:49.013112+00:00,128.0,3249.343,3249.24,3249.55,ETH
2026-01-06 06:47:09+00:00,2026-01-06 06:51:50.028501+00:00,129.0,3249.303,3249.24,3249.52,ETH
2026-01-06 06:47:10+00:00,2026-01-06 06:51:51.025356+00:00,130.0,3249.363,3249.22,3249.5,ETH
2026-01-06 06:47:11+00:00,2026-01-06 06:51:52.027883+00:00,131.0,3249.423,3249.19,3249.51,ETH
2026-01-06 06:47:12+00:00,2026-01-06 06:51:53.029346+00:00,132.0,3249.483,3249.33,3249.68,ETH
2026-01-06 06:47:13+00:00,2026-01-06 06:51:54.041482+00:00,133.0,3249.543,3249.45,3249.82,ETH
2026-01-06 06:47:14+00:00,2026-01-06 06:51:55.044567+00:00,134.0,3249.533,3249.42,3249.72,ETH
2026-01-06 06:47:15+00:00,2026-01-06 06:51:56.040986+00:00,135.0,3249.533,3249.42,3249.86,ETH
2026-01-06 06:47:16+00:00,2026-01-06 06:51:57.061833+00:00,136.0,3249.533,3249.42,3249.88,ETH
2026-01-06 06:47:17+00:00,2026-01-06 06:51:58.082949+00:00,137.0,3249.533,3249.42,3249.88,ETH
2026-01-06 06:47:18+00:00,2026-01-06 06:51:59.081268+00:00,138.0,3249.443,3249.38,3249.54,ETH
2026-01-06 06:47:19+00:00,2026-01-06 06:52:00.080522+00:00,139.0,3249.373,3249.3,3249.49,ETH
2026-01-06 06:47:20+00:00,2026-01-06 06:52:01.092268+00:00,140.0,3249.153,3249.08,3249.56,ETH
2026-01-06 06:47:21+00:00,2026-01-06 06:52:02.088488+00:00,141.0,3249.083,3249.01,3249.52,ETH
2026-01-06 06:47:22+00:00,2026-01-06 06:52:03.092827+00:00,142.0,3249.053,3248.9,3249.21,ETH
2026-01-06 06:47:23+00:00,2026-01-06 06:52:04.103633+00:00,143.0,3249.023,3248.87,3249.26,ETH
2026-01-06 06:47:24+00:00,2026-01-06 06:52:05.095080+00:00,144.0,3248.712,3248.67,3249.02,ETH
2026-01-06 06:47:25+00:00,2026-01-06 06:52:06.105638+00:00,145.0,3248.762,3248.67,3249.03,ETH
2026-01-06 06:47:26+00:00,2026-01-06 06:52:07.109900+00:00,146.0,3248.712,3248.67,3249.0,ETH
2026-01-06 06:47:27+00:00,2026-01-06 06:52:08.121651+00:00,147.0,3248.712,3248.65,3249.01,ETH
2026-01-06 06:47:28+00:00,2026-01-06 06:52:09.143638+00:00,148.0,3248.602,3248.54,3248.67,ETH
2026-01-06 06:47:29+00:00,2026-01-06 06:52:10.156171+00:00,149.0,3248.612,3248.46,3248.71,ETH
2026-01-06 06:47:30+00:00,2026-01-06 06:52:11.204569+00:00,150.0,3248.472,3248.4,3248.55,ETH
2026-01-06 06:47:31+00:00,2026-01-06 06:52:12.210607+00:00,151.0,3248.112,3248.08,3248.25,ETH
2026-01-06 06:47:32+00:00,2026-01-06 06:52:13.195365+00:00,152.0,3247.682,3247.67,3247.9,ETH
2026-01-06 06:47:33+00:00,2026-01-06 06:52:14.160514+00:00,153.0,3247.512,3247.51,3247.76,ETH
2026-01-06 06:47:34+00:00,2026-01-06 06:52:15.192850+00:00,154.0,3247.462,3247.19,3247.49,ETH
2026-01-06 06:47:35+00:00,2026-01-06 06:52:16.201771+00:00,155.0,3247.202,3247.04,3247.36,ETH
2026-01-06 06:47:36+00:00,2026-01-06 06:52:17.175950+00:00,156.0,3246.982,3246.91,3247.25,ETH
2026-01-06 06:47:37+00:00,2026-01-06 06:52:18.230949+00:00,157.0,3246.952,3246.9,3247.25,ETH
2026-01-06 06:47:38+00:00,2026-01-06 06:52:19.218783+00:00,158.0,3247.232,3247.08,3247.28,ETH
2026-01-06 06:47:39+00:00,2026-01-06 06:52:20.263900+00:00,159.0,3247.072,3246.96,3247.27,ETH
2026-01-06 06:47:40+00:00,2026-01-06 06:52:21.273431+00:00,160.0,3247.182,3247.01,3247.41,ETH
2026-01-06 06:47:41+00:00,2026-01-06 06:52:22.274268+00:00,161.0,3251.123,3250.87,3251.21,ETH
2026-01-06 06:47:42+00:00,2026-01-06 06:52:23.292137+00:00,162.0,3250.723,3250.65,3250.98,ETH
2026-01-06 06:47:43+00:00,2026-01-06 06:52:24.294812+00:00,163.0,3250.803,3250.66,3250.95,ETH
2026-01-06 06:47:44+00:00,2026-01-06 06:52:25.312103+00:00,164.0,3250.803,3250.66,3251.01,ETH
2026-01-06 06:47:45+00:00,2026-01-06 06:52:26.313784+00:00,165.0,3250.803,3250.66,3251.04,ETH
2026-01-06 06:47:46+00:00,2026-01-06 06:52:27.331855+00:00,166.0,3250.813,3250.67,3251.01,ETH
2026-01-06 06:47:47+00:00,2026-01-06 06:52:28.342096+00:00,167.0,3250.753,3250.66,3250.99,ETH
2026-01-06 06:47:48+00:00,2026-01-06 06:52:29.358929+00:00,168.0,3250.463,3250.27,3250.6,ETH
2026-01-06 06:47:49+00:00,2026-01-06 06:52:30.361847+00:00,169.0,3250.103,3250.06,3250.44,ETH
2026-01-06 06:47:50+00:00,2026-01-06 06:52:31.359534+00:00,170.0,3250.083,3250.01,3250.36,ETH
2026-01-06 06:47:51+00:00,2026-01-06 06:52:32.378044+00:00,171.0,3250.523,3250.18,3250.71,ETH
2026-01-06 06:47:52+00:00,2026-01-06 06:52:33.376313+00:00,172.0,3250.523,3250.28,3250.69,ETH
2026-01-06 06:47:53+00:00,2026-01-06 06:52:34.393528+00:00,173.0,3250.523,3250.3,3250.74,ETH
2026-01-06 06:47:54+00:00,2026-01-06 06:52:35.393778+00:00,174.0,3250.543,3250.4,3250.79,ETH
2026-01-06 06:47:55+00:00,2026-01-06 06:52:36.391958+00:00,175.0,3250.483,3250.34,3250.72,ETH
2026-01-06 06:47:56+00:00,2026-01-06 06:52:37.409764+00:00,176.0,3250.323,3250.28,3250.47,ETH
2026-01-06 06:47:57+00:00,2026-01-06 06:52:38.425774+00:00,177.0,3250.223,3250.15,3250.38,ETH
2026-01-06 06:47:58+00:00,2026-01-06 06:52:39.427473+00:00,178.0,3249.943,3249.81,3250.06,ETH
2026-01-06 06:47:59+00:00,2026-01-06 06:52:40.446197+00:00,179.0,3249.813,3249.75,3249.88,ETH
2026-01-06 06:48:00+00:00,2026-01-06 06:52:41.439058+00:00,180.0,3249.563,3249.44,3249.71,ETH
2026-01-06 06:48:01+00:00,2026-01-06 06:52:42.444586+00:00,181.0,3249.563,3249.44,3249.7,ETH
2026-01-06 06:48:02+00:00,2026-01-06 06:52:43.459763+00:00,182.0,3249.223,3249.05,3249.48,ETH
2026-01-06 06:48:03+00:00,2026-01-06 06:52:44.465083+00:00,183.0,3249.053,3249.04,3249.23,ETH
2026-01-06 06:48:04+00:00,2026-01-06 06:52:45.473035+00:00,184.0,3249.053,3249.01,3249.16,ETH
2026-01-06 06:48:05+00:00,2026-01-06 06:52:46.472798+00:00,185.0,3248.922,3248.91,3249.22,ETH
2026-01-06 06:48:06+00:00,2026-01-06 06:52:47.472711+00:00,186.0,3248.722,3248.71,3248.88,ETH
2026-01-06 06:48:07+00:00,2026-01-06 06:52:48.473300+00:00,187.0,3248.672,3248.62,3248.74,ETH
2026-01-06 06:48:08+00:00,2026-01-06 06:52:49.478118+00:00,188.0,3248.672,3248.53,3248.85,ETH
2026-01-06 06:48:09+00:00,2026-01-06 06:52:50.477597+00:00,189.0,3248.672,3248.53,3248.88,ETH
2026-01-06 06:48:10+00:00,2026-01-06 06:52:51.474580+00:00,190.0,3248.622,3248.52,3248.77,ETH
2026-01-06 06:48:11+00:00,2026-01-06 06:52:52.473215+00:00,191.0,3250.283,3249.84,3250.71,ETH
2026-01-06 06:48:12+00:00,2026-01-06 06:52:53.489728+00:00,192.0,3250.713,3250.49,3250.96,ETH
2026-01-06 06:48:13+00:00,2026-01-06 06:52:54.487342+00:00,193.0,3250.523,3250.49,3251.0,ETH
2026-01-06 06:48:14+00:00,2026-01-06 06:52:55.489830+00:00,194.0,3250.453,3250.32,3250.64,ETH
2026-01-06 06:48:15+00:00,2026-01-06 06:52:56.505447+00:00,195.0,3250.323,3250.26,3250.64,ETH
2026-01-06 06:48:16+00:00,2026-01-06 06:52:57.510165+00:00,196.0,3250.323,3250.24,3250.67,ETH
2026-01-06 06:48:17+00:00,2026-01-06 06:52:58.503342+00:00,197.0,3250.323,3250.24,3250.68,ETH
2026-01-06 06:48:18+00:00,2026-01-06 06:52:59.509792+00:00,198.0,3250.323,3250.25,3250.68,ETH
2026-01-06 06:48:19+00:00,2026-01-06 06:53:00.512556+00:00,199.0,3250.323,3250.25,3250.67,ETH
2026-01-06 06:48:20+00:00,2026-01-06 06:53:01.523279+00:00,200.0,3250.323,3250.11,3250.66,ETH
2026-01-06 06:48:21+00:00,2026-01-06 06:53:02.584263+00:00,201.0,3250.323,3250.13,3250.66,ETH
2026-01-06 06:48:22+00:00,2026-01-06 06:53:03.592181+00:00,202.0,3250.303,3250.12,3250.62,ETH
2026-01-06 06:48:23+00:00,2026-01-06 06:53:04.600885+00:00,203.0,3250.053,3250.04,3250.62,ETH
2026-01-06 06:48:24+00:00,2026-01-06 06:53:06.606734+00:00,204.0,3250.083,3250.01,3250.49,ETH
2026-01-06 06:48:25+00:00,2026-01-06 06:53:07.626182+00:00,205.0,3250.213,3250.02,3250.38,ETH
2026-01-06 06:48:26+00:00,2026-01-06 06:53:08.644975+00:00,206.0,3250.333,3250.02,3250.45,ETH
2026-01-06 06:48:27+00:00,2026-01-06 06:53:09.642794+00:00,207.0,3250.363,3250.05,3250.52,ETH
2026-01-06 06:48:28+00:00,2026-01-06 06:53:10.652301+00:00,208.0,3250.353,3250.09,3250.59,ETH
2026-01-06 06:48:30+00:00,2026-01-06 06:53:11.696772+00:00,210.0,3250.353,3250.12,3250.62,ETH
2026-01-06 06:48:31+00:00,2026-01-06 06:53:12.659576+00:00,211.0,3250.353,3250.11,3250.62,ETH
2026-01-06 06:48:32+00:00,2026-01-06 06:53:13.706510+00:00,212.0,3250.273,3250.01,3250.34,ETH
2026-01-06 06:48:33+00:00,2026-01-06 06:53:14.703648+00:00,213.0,3249.893,3249.76,3250.37,ETH
2026-01-06 06:48:34+00:00,2026-01-06 06:53:15.720252+00:00,214.0,3249.763,3249.75,3250.11,ETH
2026-01-06 06:48:35+00:00,2026-01-06 06:53:16.716801+00:00,215.0,3249.763,3249.63,3249.93,ETH
2026-01-06 06:48:36+00:00,2026-01-06 06:53:17.722090+00:00,216.0,3249.603,3249.48,3249.85,ETH
2026-01-06 06:48:37+00:00,2026-01-06 06:53:18.738852+00:00,217.0,3249.513,3249.48,3249.85,ETH
2026-01-06 06:48:38+00:00,2026-01-06 06:53:19.744605+00:00,218.0,3249.483,3249.37,3249.62,ETH
2026-01-06 06:48:39+00:00,2026-01-06 06:53:20.740960+00:00,219.0,3249.393,3249.32,3249.59,ETH
2026-01-06 06:48:40+00:00,2026-01-06 06:53:21.743924+00:00,220.0,3249.493,3249.41,3249.69,ETH
2026-01-06 06:48:41+00:00,2026-01-06 06:53:22.747920+00:00,221.0,3249.553,3249.45,3249.67,ETH
2026-01-06 06:48:42+00:00,2026-01-06 06:53:23.759319+00:00,222.0,3249.583,3249.46,3249.66,ETH
2026-01-06 06:48:43+00:00,2026-01-06 06:53:24.774162+00:00,223.0,3249.583,3249.46,3249.66,ETH
2026-01-06 06:48:44+00:00,2026-01-06 06:53:25.794537+00:00,224.0,3249.553,3249.44,3249.64,ETH
2026-01-06 06:48:45+00:00,2026-01-06 06:53:26.790174+00:00,225.0,3249.593,3249.42,3249.66,ETH
2026-01-06 06:48:46+00:00,2026-01-06 06:53:27.813114+00:00,226.0,3249.803,3249.51,3249.98,ETH
2026-01-06 06:48:47+00:00,2026-01-06 06:53:28.811241+00:00,227.0,3249.783,3249.51,3250.06,ETH
2026-01-06 06:48:48+00:00,2026-01-06 06:53:29.844070+00:00,228.0,3249.823,3249.59,3250.06,ETH
2026-01-06 06:48:49+00:00,2026-01-06 06:53:31.840540+00:00,229.0,3249.843,3249.58,3250.13,ETH
2026-01-06 06:48:50+00:00,2026-01-06 06:53:32.877200+00:00,230.0,3249.903,3249.7,3250.19,ETH
2026-01-06 06:48:51+00:00,2026-01-06 06:53:33.862384+00:00,231.0,3250.033,3249.89,3250.25,ETH
2026-01-06 06:48:52+00:00,2026-01-06 06:53:34.871417+00:00,232.0,3250.153,3249.95,3250.31,ETH
2026-01-06 06:48:53+00:00,2026-01-06 06:53:35.877250+00:00,233.0,3250.193,3249.88,3250.34,ETH
2026-01-06 06:48:54+00:00,2026-01-06 06:53:36.891517+00:00,234.0,3250.243,3249.85,3250.37,ETH
2026-01-06 06:48:55+00:00,2026-01-06 06:53:37.891944+00:00,235.0,3250.373,3250.09,3250.49,ETH
2026-01-06 06:48:56+00:00,2026-01-06 06:53:38.907625+00:00,236.0,3250.513,3250.3,3250.69,ETH
2026-01-06 06:48:57+00:00,2026-01-06 06:53:39.903922+00:00,237.0,3250.513,3250.29,3250.74,ETH
2026-01-06 06:48:58+00:00,2026-01-06 06:53:40.908663+00:00,238.0,3250.513,3250.29,3250.72,ETH
2026-01-06 06:48:59+00:00,2026-01-06 06:53:41.904408+00:00,239.0,3250.403,3250.24,3250.67,ETH
2026-01-06 06:49:00+00:00,2026-01-06 06:53:42.921116+00:00,240.0,3250.383,3250.21,3250.62,ETH
2026-01-06 06:49:01+00:00,2026-01-06 06:53:43.936702+00:00,241.0,3250.403,3250.26,3250.63,ETH
2026-01-06 06:49:02+00:00,2026-01-06 06:53:44.945958+00:00,242.0,3250.343,3250.27,3250.64,ETH
2026-01-06 06:49:03+00:00,2026-01-06 06:53:45.937296+00:00,243.0,3250.383,3250.26,3250.62,ETH
2026-01-06 06:49:04+00:00,2026-01-06 06:53:46.955500+00:00,244.0,3250.473,3250.31,3250.58,ETH
2026-01-06 06:49:05+00:00,2026-01-06 06:53:47.969850+00:00,245.0,3250.633,3250.35,3250.72,ETH
2026-01-06 06:49:06+00:00,2026-01-06 06:53:48.972920+00:00,246.0,3250.763,3250.42,3250.87,ETH
2026-01-06 06:49:07+00:00,2026-01-06 06:53:49.985464+00:00,247.0,3250.763,3250.49,3250.88,ETH
2026-01-06 06:49:08+00:00,2026-01-06 06:53:50.986959+00:00,248.0,3250.753,3250.47,3250.9,ETH
2026-01-06 06:49:09+00:00,2026-01-06 06:53:52.007833+00:00,249.0,3250.733,3250.47,3250.91,ETH
2026-01-06 06:49:10+00:00,2026-01-06 06:53:53.019026+00:00,250.0,3250.733,3250.47,3250.91,ETH
2026-01-06 06:49:11+00:00,2026-01-06 06:53:54.008955+00:00,251.0,3250.733,3250.47,3250.92,ETH
2026-01-06 06:49:12+00:00,2026-01-06 06:53:55.004717+00:00,252.0,3250.673,3250.45,3250.9,ETH
2026-01-06 06:49:13+00:00,2026-01-06 06:53:56.026243+00:00,253.0,3250.613,3250.43,3250.89,ETH
2026-01-06 06:49:14+00:00,2026-01-06 06:53:57.040414+00:00,254.0,3250.833,3250.49,3251.11,ETH
2026-01-06 06:49:15+00:00,2026-01-06 06:53:58.055484+00:00,255.0,3251.113,3250.97,3251.41,ETH
2026-01-06 06:49:16+00:00,2026-01-06 06:53:59.058188+00:00,256.0,3251.173,3250.98,3251.59,ETH
2026-01-06 06:49:17+00:00,2026-01-06 06:54:00.067073+00:00,257.0,3251.403,3250.98,3251.68,ETH
2026-01-06 06:49:18+00:00,2026-01-06 06:54:01.077243+00:00,258.0,3251.513,3251.22,3251.61,ETH
2026-01-06 06:49:19+00:00,2026-01-06 06:54:02.089906+00:00,259.0,3251.313,3251.21,3251.44,ETH
2026-01-06 06:49:20+00:00,2026-01-06 06:54:03.088652+00:00,260.0,3250.373,3250.37,3250.83,ETH
2026-01-06 06:49:21+00:00,2026-01-06 06:54:04.105823+00:00,261.0,3250.303,3250.25,3250.44,ETH
2026-01-06 06:49:22+00:00,2026-01-06 06:54:05.107332+00:00,262.0,3250.323,3250.27,3250.47,ETH
2026-01-06 06:49:23+00:00,2026-01-06 06:54:06.120720+00:00,263.0,3250.323,3250.27,3250.48,ETH
2026-01-06 06:49:24+00:00,2026-01-06 06:54:07.121613+00:00,264.0,3250.243,3250.19,3250.31,ETH
2026-01-06 06:49:25+00:00,2026-01-06 06:54:08.135020+00:00,265.0,3250.313,3250.26,3250.47,ETH
2026-01-06 06:49:26+00:00,2026-01-06 06:54:09.205687+00:00,266.0,3250.253,3250.21,3250.5,ETH
2026-01-06 06:49:27+00:00,2026-01-06 06:54:10.215738+00:00,267.0,3250.143,3250.12,3250.41,ETH
2026-01-06 06:49:28+00:00,2026-01-06 06:54:11.198931+00:00,268.0,3250.063,3250.03,3250.18,ETH
2026-01-06 06:49:29+00:00,2026-01-06 06:54:12.200094+00:00,269.0,3249.793,3249.73,3249.86,ETH
2026-01-06 06:49:30+00:00,2026-01-06 06:54:13.220613+00:00,270.0,3249.563,3249.5,3249.63,ETH
2026-01-06 06:49:31+00:00,2026-01-06 06:54:14.220970+00:00,271.0,3249.573,3249.52,3249.63,ETH
2026-01-06 06:49:32+00:00,2026-01-06 06:54:15.216816+00:00,272.0,3249.583,3249.52,3249.73,ETH
2026-01-06 06:49:33+00:00,2026-01-06 06:54:16.238596+00:00,273.0,3249.563,3249.5,3249.76,ETH
2026-01-06 06:49:34+00:00,2026-01-06 06:54:17.231333+00:00,274.0,3249.553,3249.49,3249.7,ETH
2026-01-06 06:49:35+00:00,2026-01-06 06:54:18.239159+00:00,275.0,3249.563,3249.5,3249.7,ETH
2026-01-06 06:49:36+00:00,2026-01-06 06:54:19.234133+00:00,276.0,3249.563,3249.52,3249.69,ETH
2026-01-06 06:49:37+00:00,2026-01-06 06:54:20.284187+00:00,277.0,3249.773,3249.58,3249.95,ETH
2026-01-06 06:49:38+00:00,2026-01-06 06:54:21.292929+00:00,278.0,3250.023,3249.75,3250.24,ETH
2026-01-06 06:49:39+00:00,2026-01-06 06:54:22.279952+00:00,279.0,3250.113,3249.94,3250.24,ETH
2026-01-06 06:49:40+00:00,2026-01-06 06:54:23.281622+00:00,280.0,3250.083,3249.96,3250.3,ETH
2026-01-06 06:49:41+00:00,2026-01-06 06:54:24.286202+00:00,281.0,3249.893,3249.81,3250.19,ETH
2026-01-06 06:49:42+00:00,2026-01-06 06:54:25.305286+00:00,282.0,3249.793,3249.74,3250.0,ETH
2026-01-06 06:49:43+00:00,2026-01-06 06:54:26.302473+00:00,283.0,3249.613,3249.58,3249.83,ETH
2026-01-06 06:49:44+00:00,2026-01-06 06:54:27.289817+00:00,284.0,3249.423,3249.41,3249.66,ETH
2026-01-06 06:49:45+00:00,2026-01-06 06:54:28.299620+00:00,285.0,3249.423,3249.41,3249.63,ETH
2026-01-06 06:49:46+00:00,2026-01-06 06:54:29.308349+00:00,286.0,3249.423,3249.41,3249.58,ETH
2026-01-06 06:49:47+00:00,2026-01-06 06:54:30.316860+00:00,287.0,3249.413,3249.38,3249.5,ETH
2026-01-06 06:49:48+00:00,2026-01-06 06:54:31.327949+00:00,288.0,3249.423,3249.39,3249.48,ETH
2026-01-06 06:49:49+00:00,2026-01-06 06:54:32.322282+00:00,289.0,3249.443,3249.42,3249.51,ETH
2026-01-06 06:49:50+00:00,2026-01-06 06:54:33.334735+00:00,290.0,3249.443,3249.41,3249.51,ETH
2026-01-06 06:49:51+00:00,2026-01-06 06:54:34.332918+00:00,291.0,3249.473,3249.42,3249.56,ETH
2026-01-06 06:49:52+00:00,2026-01-06 06:54:35.337071+00:00,292.0,3249.473,3249.42,3249.56,ETH
2026-01-06 06:49:53+00:00,2026-01-06 06:54:36.352740+00:00,293.0,3249.443,3249.36,3249.52,ETH
2026-01-06 06:49:54+00:00,2026-01-06 06:54:37.364467+00:00,294.0,3249.433,3249.33,3249.53,ETH
2026-01-06 06:49:55+00:00,2026-01-06 06:54:38.372904+00:00,295.0,3249.423,3249.3,3249.49,ETH
2026-01-06 06:49:56+00:00,2026-01-06 06:54:39.388840+00:00,296.0,3249.413,3249.3,3249.46,ETH
2026-01-06 06:49:57+00:00,2026-01-06 06:54:40.383974+00:00,297.0,3249.393,3249.33,3249.44,ETH
2026-01-06 06:49:58+00:00,2026-01-06 06:54:41.387821+00:00,298.0,3249.353,3249.31,3249.41,ETH
2026-01-06 06:49:59+00:00,2026-01-06 06:54:42.402332+00:00,299.0,3249.353,3249.3,3249.39,ETH
2026-01-06 06:50:00+00:00,2026-01-06 06:54:43.405514+00:00,300.0,3249.353,3249.31,3249.42,ETH
2026-01-06 06:50:01+00:00,2026-01-06 06:54:44.424053+00:00,301.0,3248.732,3248.68,3248.8,ETH
2026-01-06 06:50:02+00:00,2026-01-06 06:54:45.415114+00:00,302.0,3248.032,3247.88,3248.27,ETH
2026-01-06 06:50:03+00:00,2026-01-06 06:54:46.404668+00:00,303.0,3247.982,3247.71,3248.24,ETH
2026-01-06 06:50:04+00:00,2026-01-06 06:54:47.421206+00:00,304.0,3247.962,3247.8,3248.16,ETH
2026-01-06 06:50:05+00:00,2026-01-06 06:54:48.466922+00:00,305.0,3247.822,3247.81,3248.18,ETH
2026-01-06 06:50:06+00:00,2026-01-06 06:54:49.474103+00:00,306.0,3247.742,3247.74,3248.15,ETH
2026-01-06 06:50:07+00:00,2026-01-06 06:54:50.474184+00:00,307.0,3247.742,3247.73,3248.11,ETH
2026-01-06 06:50:08+00:00,2026-01-06 06:54:51.482238+00:00,308.0,3247.682,3247.64,3248.02,ETH
2026-01-06 06:50:09+00:00,2026-01-06 06:54:52.485634+00:00,309.0,3247.572,3247.54,3247.92,ETH
2026-01-06 06:50:10+00:00,2026-01-06 06:54:53.487064+00:00,310.0,3247.132,3246.97,3247.33,ETH
2026-01-06 06:50:11+00:00,2026-01-06 06:54:54.505196+00:00,311.0,3246.442,3246.24,3246.65,ETH
2026-01-06 06:50:12+00:00,2026-01-06 06:54:55.529601+00:00,312.0,3245.952,3245.9,3246.25,ETH
2026-01-06 06:50:13+00:00,2026-01-06 06:54:56.552459+00:00,313.0,3245.662,3245.65,3246.03,ETH
2026-01-06 06:50:14+00:00,2026-01-06 06:54:57.556652+00:00,314.0,3245.812,3245.74,3246.21,ETH
2026-01-06 06:50:15+00:00,2026-01-06 06:54:58.588860+00:00,315.0,3246.012,3245.9,3246.27,ETH
2026-01-06 06:50:16+00:00,2026-01-06 06:54:59.590412+00:00,316.0,3245.792,3245.74,3246.05,ETH
2026-01-06 06:50:17+00:00,2026-01-06 06:55:00.601074+00:00,317.0,3245.292,3245.08,3245.52,ETH
2026-01-06 06:50:18+00:00,2026-01-06 06:55:01.607294+00:00,318.0,3244.732,3244.47,3245.01,ETH
2026-01-06 06:50:19+00:00,2026-01-06 06:55:02.610489+00:00,319.0,3244.512,3244.39,3244.86,ETH
2026-01-06 06:50:20+00:00,2026-01-06 06:55:03.604887+00:00,320.0,3244.312,3244.25,3244.63,ETH
2026-01-06 06:50:21+00:00,2026-01-06 06:55:04.604549+00:00,321.0,3244.122,3244.12,3244.45,ETH
2026-01-06 06:50:22+00:00,2026-01-06 06:55:05.622801+00:00,322.0,3244.332,3244.15,3244.53,ETH
2026-01-06 06:50:23+00:00,2026-01-06 06:55:06.634113+00:00,323.0,3244.662,3244.33,3244.71,ETH
2026-01-06 06:50:24+00:00,2026-01-06 06:55:07.629914+00:00,324.0,3244.902,3244.64,3244.98,ETH
2026-01-06 06:50:25+00:00,2026-01-06 06:55:08.633033+00:00,325.0,3245.012,3244.79,3245.17,ETH
2026-01-06 06:50:26+00:00,2026-01-06 06:55:09.636302+00:00,326.0,3245.082,3244.99,3245.42,ETH
2026-01-06 06:50:27+00:00,2026-01-06 06:55:10.659188+00:00,327.0,3244.982,3244.73,3245.43,ETH
2026-01-06 06:50:28+00:00,2026-01-06 06:55:11.644653+00:00,328.0,3244.892,3244.47,3245.44,ETH
2026-01-06 06:50:29+00:00,2026-01-06 06:55:12.662930+00:00,329.0,3244.332,3244.22,3244.48,ETH
2026-01-06 06:50:30+00:00,2026-01-06 06:55:13.662778+00:00,330.0,3243.092,3243.07,3243.53,ETH
2026-01-06 06:50:31+00:00,2026-01-06 06:55:14.672739+00:00,331.0,3242.872,3242.85,3243.24,ETH
2026-01-06 06:50:32+00:00,2026-01-06 06:55:15.718015+00:00,332.0,3242.822,3242.7,3243.12,ETH
2026-01-06 06:50:33+00:00,2026-01-06 06:55:16.704144+00:00,333.0,3242.792,3242.64,3243.11,ETH
2026-01-06 06:50:34+00:00,2026-01-06 06:55:17.707751+00:00,334.0,3242.602,3242.52,3242.98,ETH
2026-01-06 06:50:35+00:00,2026-01-06 06:55:18.709111+00:00,335.0,3242.572,3242.53,3242.88,ETH
2026-01-06 06:50:36+00:00,2026-01-06 06:55:19.715810+00:00,336.0,3242.632,3242.56,3242.89,ETH
2026-01-06 06:50:37+00:00,2026-01-06 06:55:20.729951+00:00,337.0,3242.622,3242.52,3242.84,ETH
2026-01-06 06:50:38+00:00,2026-01-06 06:55:21.738795+00:00,338.0,3242.102,3241.88,3242.37,ETH
2026-01-06 06:50:39+00:00,2026-01-06 06:55:22.733657+00:00,339.0,3241.552,3241.32,3241.82,ETH
2026-01-06 06:50:40+00:00,2026-01-06 06:55:23.743570+00:00,340.0,3241.522,3241.28,3241.83,ETH
2026-01-06 06:50:41+00:00,2026-01-06 06:55:24.787137+00:00,341.0,3241.932,3241.59,3242.19,ETH
2026-01-06 06:50:42+00:00,2026-01-06 06:55:25.780985+00:00,342.0,3242.582,3242.28,3242.66,ETH
2026-01-06 06:50:43+00:00,2026-01-06 06:55:26.798868+00:00,343.0,3243.012,3242.77,3243.13,ETH
2026-01-06 06:50:44+00:00,2026-01-06 06:55:27.800843+00:00,344.0,3243.172,3242.98,3243.41,ETH
2026-01-06 06:50:45+00:00,2026-01-06 06:55:28.820503+00:00,345.0,3243.242,3243.04,3243.5,ETH
2026-01-06 06:50:46+00:00,2026-01-06 06:55:29.820867+00:00,346.0,3243.252,3243.03,3243.49,ETH
2026-01-06 06:50:47+00:00,2026-01-06 06:55:30.840660+00:00,347.0,3243.252,3243.03,3243.48,ETH
2026-01-06 06:50:48+00:00,2026-01-06 06:55:31.837603+00:00,348.0,3243.252,3243.04,3243.5,ETH
2026-01-06 06:50:49+00:00,2026-01-06 06:55:32.851416+00:00,349.0,3243.252,3243.04,3243.51,ETH
2026-01-06 06:50:50+00:00,2026-01-06 06:55:33.838419+00:00,350.0,3243.422,3243.21,3243.6,ETH
2026-01-06 06:50:51+00:00,2026-01-06 06:55:34.852678+00:00,351.0,3243.422,3243.22,3243.62,ETH
2026-01-06 06:50:52+00:00,2026-01-06 06:55:35.855992+00:00,352.0,3243.872,3243.62,3244.07,ETH
2026-01-06 06:50:53+00:00,2026-01-06 06:55:36.855760+00:00,353.0,3243.872,3243.62,3244.07,ETH
2026-01-06 06:50:54+00:00,2026-01-06 06:55:37.868962+00:00,354.0,3243.872,3243.65,3244.27,ETH
2026-01-06 06:50:55+00:00,2026-01-06 06:55:38.884717+00:00,355.0,3243.872,3243.65,3244.3,ETH
2026-01-06 06:50:56+00:00,2026-01-06 06:55:39.886465+00:00,356.0,3244.072,3243.82,3244.27,ETH
2026-01-06 06:50:57+00:00,2026-01-06 06:55:40.898437+00:00,357.0,3244.072,3243.86,3244.37,ETH
2026-01-06 06:50:58+00:00,2026-01-06 06:55:41.897921+00:00,358.0,3244.082,3243.88,3244.27,ETH
2026-01-06 06:50:59+00:00,2026-01-06 06:55:42.889891+00:00,359.0,3244.082,3243.92,3244.27,ETH
2026-01-06 06:51:00+00:00,2026-01-06 06:55:43.921691+00:00,360.0,3244.072,3243.91,3244.44,ETH
2026-01-06 06:51:01+00:00,2026-01-06 06:55:44.915637+00:00,361.0,3244.072,3243.88,3244.36,ETH
2026-01-06 06:51:02+00:00,2026-01-06 06:55:45.930292+00:00,362.0,3244.072,3243.88,3244.27,ETH
2026-01-06 06:51:03+00:00,2026-01-06 06:55:46.919029+00:00,363.0,3243.952,3243.76,3244.05,ETH
2026-01-06 06:51:04+00:00,2026-01-06 06:55:47.921990+00:00,364.0,3243.952,3243.77,3244.13,ETH
2026-01-06 06:51:05+00:00,2026-01-06 06:55:48.938646+00:00,365.0,3244.162,3243.76,3244.27,ETH
2026-01-06 06:51:06+00:00,2026-01-06 06:55:49.948050+00:00,366.0,3244.252,3244.04,3244.46,ETH
2026-01-06 06:51:07+00:00,2026-01-06 06:55:50.952767+00:00,367.0,3244.252,3243.98,3244.42,ETH
2026-01-06 06:51:08+00:00,2026-01-06 06:55:51.983975+00:00,368.0,3244.252,3243.97,3244.39,ETH
2026-01-06 06:51:09+00:00,2026-01-06 06:55:52.980236+00:00,369.0,3244.252,3243.97,3244.36,ETH
2026-01-06 06:51:10+00:00,2026-01-06 06:55:54.036975+00:00,370.0,3244.252,3243.97,3244.33,ETH
2026-01-06 06:51:11+00:00,2026-01-06 06:55:55.038408+00:00,371.0,3243.952,3243.82,3244.28,ETH
2026-01-06 06:51:12+00:00,2026-01-06 06:55:56.032153+00:00,372.0,3244.112,3243.87,3244.28,ETH
2026-01-06 06:51:13+00:00,2026-01-06 06:55:58.061815+00:00,373.0,3244.122,3243.96,3244.41,ETH
2026-01-06 06:51:14+00:00,2026-01-06 06:55:59.069200+00:00,374.0,3244.142,3243.96,3244.39,ETH
2026-01-06 06:51:15+00:00,2026-01-06 06:56:00.063283+00:00,375.0,3244.262,3243.96,3244.46,ETH
2026-01-06 06:51:16+00:00,2026-01-06 06:56:01.085916+00:00,376.0,3244.342,3244.02,3244.5,ETH
2026-01-06 06:51:17+00:00,2026-01-06 06:56:02.085882+00:00,377.0,3244.362,3244.1,3244.51,ETH
2026-01-06 06:51:18+00:00,2026-01-06 06:56:03.087441+00:00,378.0,3244.372,3244.19,3244.51,ETH
2026-01-06 06:51:19+00:00,2026-01-06 06:56:04.088955+00:00,379.0,3244.372,3244.24,3244.49,ETH
2026-01-06 06:51:20+00:00,2026-01-06 06:56:05.084127+00:00,380.0,3244.762,3244.57,3244.84,ETH
2026-01-06 06:51:21+00:00,2026-01-06 06:56:06.079539+00:00,381.0,3245.082,3244.91,3245.25,ETH
2026-01-06 06:51:22+00:00,2026-01-06 06:56:07.098985+00:00,382.0,3244.982,3244.9,3245.3,ETH
2026-01-06 06:51:23+00:00,2026-01-06 06:56:08.102418+00:00,383.0,3244.982,3244.92,3245.3,ETH
2026-01-06 06:51:24+00:00,2026-01-06 06:56:09.110181+00:00,384.0,3245.162,3244.97,3245.33,ETH
2026-01-06 06:51:25+00:00,2026-01-06 06:56:10.160133+00:00,385.0,3245.302,3245.04,3245.41,ETH
2026-01-06 06:51:26+00:00,2026-01-06 06:56:11.165236+00:00,386.0,3245.332,3245.14,3245.49,ETH
2026-01-06 06:51:27+00:00,2026-01-06 06:56:12.184331+00:00,387.0,3245.322,3245.18,3245.56,ETH
2026-01-06 06:51:28+00:00,2026-01-06 06:56:13.185363+00:00,388.0,3245.312,3245.21,3245.6,ETH
2026-01-06 06:51:30+00:00,2026-01-06 06:56:14.213780+00:00,390.0,3245.332,3245.23,3245.6,ETH
2026-01-06 06:51:31+00:00,2026-01-06 06:56:15.233421+00:00,391.0,3245.372,3245.25,3245.5,ETH
2026-01-06 06:51:32+00:00,2026-01-06 06:56:16.218869+00:00,392.0,3245.232,3245.05,3245.47,ETH
2026-01-06 06:51:33+00:00,2026-01-06 06:56:17.231751+00:00,393.0,3245.472,3245.07,3245.48,ETH
2026-01-06 06:51:34+00:00,2026-01-06 06:56:18.260790+00:00,394.0,3245.472,3245.28,3245.48,ETH
2026-01-06 06:51:35+00:00,2026-01-06 06:56:19.236994+00:00,395.0,3245.402,3245.28,3245.48,ETH
2026-01-06 06:51:36+00:00,2026-01-06 06:56:21.243941+00:00,396.0,3245.472,3245.27,3245.59,ETH
2026-01-06 06:51:37+00:00,2026-01-06 06:56:22.239993+00:00,397.0,3245.452,3245.28,3245.56,ETH
2026-01-06 06:51:38+00:00,2026-01-06 06:56:23.234559+00:00,398.0,3245.372,3245.28,3245.55,ETH
2026-01-06 06:51:39+00:00,2026-01-06 06:56:24.245552+00:00,399.0,3245.152,3245.13,3245.37,ETH
2026-01-06 06:51:40+00:00,2026-01-06 06:56:25.247256+00:00,400.0,3244.982,3244.95,3245.1,ETH
2026-01-06 06:51:41+00:00,2026-01-06 06:56:26.247548+00:00,401.0,3244.632,3244.6,3244.77,ETH
2026-01-06 06:51:42+00:00,2026-01-06 06:56:27.261636+00:00,402.0,3244.292,3244.28,3244.48,ETH
2026-01-06 06:51:43+00:00,2026-01-06 06:56:28.311588+00:00,403.0,3243.892,3243.84,3244.06,ETH
2026-01-06 06:51:44+00:00,2026-01-06 06:56:29.314909+00:00,404.0,3243.162,3243.11,3243.43,ETH
2026-01-06 06:51:45+00:00,2026-01-06 06:56:30.313318+00:00,405.0,3242.902,3242.78,3243.13,ETH
2026-01-06 06:51:46+00:00,2026-01-06 06:56:31.320369+00:00,406.0,3242.842,3242.74,3243.05,ETH
2026-01-06 06:51:47+00:00,2026-01-06 06:56:32.362369+00:00,407.0,3242.722,3242.72,3243.08,ETH
2026-01-06 06:51:48+00:00,2026-01-06 06:56:33.365833+00:00,408.0,3242.722,3242.71,3243.12,ETH
2026-01-06 06:51:49+00:00,2026-01-06 06:56:34.363135+00:00,409.0,3242.722,3242.71,3243.12,ETH
2026-01-06 06:51:50+00:00,2026-01-06 06:56:35.367674+00:00,410.0,3242.732,3242.72,3243.1,ETH
2026-01-06 06:51:51+00:00,2026-01-06 06:56:36.365525+00:00,411.0,3242.732,3242.71,3243.11,ETH
2026-01-06 06:51:52+00:00,2026-01-06 06:56:37.378091+00:00,412.0,3242.962,3242.87,3243.23,ETH
2026-01-06 06:51:53+00:00,2026-01-06 06:56:38.380295+00:00,413.0,3243.062,3242.96,3243.34,ETH
2026-01-06 06:51:54+00:00,2026-01-06 06:56:39.382105+00:00,414.0,3243.062,3242.96,3243.42,ETH
2026-01-06 06:51:55+00:00,2026-01-06 06:56:40.379912+00:00,415.0,3243.382,3243.15,3243.61,ETH
2026-01-06 06:51:56+00:00,2026-01-06 06:56:41.400583+00:00,416.0,3243.612,3243.32,3243.77,ETH
2026-01-06 06:51:57+00:00,2026-01-06 06:56:42.400609+00:00,417.0,3243.692,3243.37,3243.85,ETH
2026-01-06 06:51:58+00:00,2026-01-06 06:56:43.400201+00:00,418.0,3243.692,3243.38,3243.88,ETH
2026-01-06 06:51:59+00:00,2026-01-06 06:56:44.414466+00:00,419.0,3243.682,3243.37,3243.86,ETH
2026-01-06 06:52:00+00:00,2026-01-06 06:56:45.417487+00:00,420.0,3243.682,3243.36,3243.84,ETH
2026-01-06 06:52:01+00:00,2026-01-06 06:56:46.430110+00:00,421.0,3243.682,3243.39,3243.89,ETH
2026-01-06 06:52:02+00:00,2026-01-06 06:56:47.417895+00:00,422.0,3243.682,3243.39,3243.87,ETH
2026-01-06 06:52:03+00:00,2026-01-06 06:56:48.443986+00:00,423.0,3243.682,3243.39,3243.84,ETH
2026-01-06 06:52:04+00:00,2026-01-06 06:56:49.430969+00:00,424.0,3243.712,3243.52,3243.88,ETH
2026-01-06 06:52:05+00:00,2026-01-06 06:56:50.447960+00:00,425.0,3244.072,3243.79,3244.41,ETH
2026-01-06 06:52:06+00:00,2026-01-06 06:56:51.462693+00:00,426.0,3244.432,3244.14,3244.6,ETH
2026-01-06 06:52:07+00:00,2026-01-06 06:56:52.450500+00:00,427.0,3244.002,3243.95,3244.09,ETH
2026-01-06 06:52:08+00:00,2026-01-06 06:56:53.450066+00:00,428.0,3244.002,3243.86,3244.2,ETH
2026-01-06 06:52:09+00:00,2026-01-06 06:56:54.459695+00:00,429.0,3244.002,3243.84,3244.21,ETH
2026-01-06 06:52:10+00:00,2026-01-06 06:56:55.460495+00:00,430.0,3243.992,3243.83,3244.21,ETH
2026-01-06 06:52:11+00:00,2026-01-06 06:56:56.463336+00:00,431.0,3243.722,3243.63,3244.0,ETH
2026-01-06 06:52:12+00:00,2026-01-06 06:56:57.467937+00:00,432.0,3243.722,3243.48,3244.0,ETH
2026-01-06 06:52:13+00:00,2026-01-06 06:56:58.470043+00:00,433.0,3243.722,3243.48,3244.02,ETH
2026-01-06 06:52:14+00:00,2026-01-06 06:56:59.478692+00:00,434.0,3243.712,3243.48,3244.03,ETH
2026-01-06 06:52:15+00:00,2026-01-06 06:57:00.460416+00:00,435.0,3243.712,3243.48,3243.99,ETH
2026-01-06 06:52:16+00:00,2026-01-06 06:57:01.495776+00:00,436.0,3243.712,3243.48,3243.99,ETH
2026-01-06 06:52:17+00:00,2026-01-06 06:57:02.501195+00:00,437.0,3243.712,3243.45,3243.94,ETH
2026-01-06 06:52:18+00:00,2026-01-06 06:57:03.495373+00:00,438.0,3243.702,3243.46,3243.96,ETH
2026-01-06 06:52:19+00:00,2026-01-06 06:57:04.512267+00:00,439.0,3243.702,3243.44,3243.96,ETH
2026-01-06 06:52:20+00:00,2026-01-06 06:57:05.515542+00:00,440.0,3243.702,3243.44,3243.94,ETH
2026-01-06 06:52:21+00:00,2026-01-06 06:57:06.516655+00:00,441.0,3243.702,3243.44,3243.94,ETH
2026-01-06 06:52:22+00:00,2026-01-06 06:57:07.530102+00:00,442.0,3243.702,3243.46,3243.85,ETH
2026-01-06 06:52:23+00:00,2026-01-06 06:57:08.548820+00:00,443.0,3243.602,3243.32,3243.73,ETH
2026-01-06 06:52:24+00:00,2026-01-06 06:57:09.551634+00:00,444.0,3243.382,3243.28,3243.57,ETH
2026-01-06 06:52:25+00:00,2026-01-06 06:57:10.548945+00:00,445.0,3243.382,3243.19,3243.41,ETH
2026-01-06 06:52:26+00:00,2026-01-06 06:57:11.565082+00:00,446.0,3243.392,3243.24,3243.62,ETH
2026-01-06 06:52:27+00:00,2026-01-06 06:57:12.581472+00:00,447.0,3243.572,3243.39,3243.74,ETH
2026-01-06 06:52:28+00:00,2026-01-06 06:57:13.593205+00:00,448.0,3243.522,3243.35,3243.71,ETH
2026-01-06 06:52:29+00:00,2026-01-06 06:57:14.593998+00:00,449.0,3243.432,3243.37,3243.69,ETH
2026-01-06 06:52:30+00:00,2026-01-06 06:57:15.594215+00:00,450.0,3243.432,3243.36,3243.68,ETH
2026-01-06 06:52:31+00:00,2026-01-06 06:57:16.594319+00:00,451.0,3242.642,3242.55,3242.73,ETH
2026-01-06 06:52:32+00:00,2026-01-06 06:57:17.598822+00:00,452.0,3242.552,3242.4,3242.85,ETH
2026-01-06 06:52:33+00:00,2026-01-06 06:57:18.607820+00:00,453.0,3242.402,3242.37,3242.86,ETH
2026-01-06 06:52:34+00:00,2026-01-06 06:57:19.609616+00:00,454.0,3242.402,3242.35,3242.82,ETH
2026-01-06 06:52:35+00:00,2026-01-06 06:57:20.613436+00:00,455.0,3242.402,3242.35,3242.82,ETH
2026-01-06 06:52:36+00:00,2026-01-06 06:57:21.618941+00:00,456.0,3242.402,3242.35,3242.83,ETH
2026-01-06 06:52:37+00:00,2026-01-06 06:57:22.622348+00:00,457.0,3242.402,3242.35,3242.84,ETH
2026-01-06 06:52:38+00:00,2026-01-06 06:57:23.630613+00:00,458.0,3242.272,3242.23,3242.62,ETH
2026-01-06 06:52:39+00:00,2026-01-06 06:57:24.661375+00:00,459.0,3242.192,3242.17,3242.62,ETH
2026-01-06 06:52:40+00:00,2026-01-06 06:57:25.676066+00:00,460.0,3242.122,3242.12,3242.62,ETH
2026-01-06 06:52:41+00:00,2026-01-06 06:57:26.677517+00:00,461.0,3242.122,3242.12,3242.6,ETH
2026-01-06 06:52:42+00:00,2026-01-06 06:57:27.679377+00:00,462.0,3242.122,3242.12,3242.23,ETH
2026-01-06 06:52:43+00:00,2026-01-06 06:57:28.683820+00:00,463.0,3242.122,3242.07,3242.17,ETH
2026-01-06 06:52:44+00:00,2026-01-06 06:57:29.696934+00:00,464.0,3242.122,3242.12,3242.49,ETH
2026-01-06 06:52:45+00:00,2026-01-06 06:57:30.727577+00:00,465.0,3242.122,3242.12,3242.49,ETH
2026-01-06 06:52:46+00:00,2026-01-06 06:57:31.727285+00:00,466.0,3242.122,3242.04,3242.48,ETH
2026-01-06 06:52:47+00:00,2026-01-06 06:57:32.716908+00:00,467.0,3242.152,3242.11,3242.49,ETH
2026-01-06 06:52:48+00:00,2026-01-06 06:57:33.722305+00:00,468.0,3242.272,3242.11,3242.57,ETH
2026-01-06 06:52:49+00:00,2026-01-06 06:57:34.737379+00:00,469.0,3242.272,3242.21,3242.42,ETH
2026-01-06 06:52:50+00:00,2026-01-06 06:57:35.734174+00:00,470.0,3242.142,3242.14,3242.46,ETH
2026-01-06 06:52:51+00:00,2026-01-06 06:57:36.755428+00:00,471.0,3242.142,3242.11,3242.53,ETH
2026-01-06 06:52:52+00:00,2026-01-06 06:57:37.764031+00:00,472.0,3242.142,3242.13,3242.6,ETH
2026-01-06 06:52:53+00:00,2026-01-06 06:57:38.793721+00:00,473.0,3242.142,3242.13,3242.59,ETH
2026-01-06 06:52:54+00:00,2026-01-06 06:57:39.878366+00:00,474.0,3242.142,3242.13,3242.58,ETH
2026-01-06 06:52:55+00:00,2026-01-06 06:57:40.883539+00:00,475.0,3242.142,3242.13,3242.54,ETH
2026-01-06 06:52:56+00:00,2026-01-06 06:57:41.878924+00:00,476.0,3242.142,3242.13,3242.4,ETH
2026-01-06 06:52:57+00:00,2026-01-06 06:57:42.877044+00:00,477.0,3242.142,3242.13,3242.43,ETH
2026-01-06 06:52:58+00:00,2026-01-06 06:57:43.885399+00:00,478.0,3242.142,3242.13,3242.45,ETH
2026-01-06 06:52:59+00:00,2026-01-06 06:57:44.894328+00:00,479.0,3242.272,3242.2,3242.46,ETH
2026-01-06 06:53:00+00:00,2026-01-06 06:57:45.899058+00:00,480.0,3242.272,3242.2,3242.45,ETH
2026-01-06 06:53:01+00:00,2026-01-06 06:57:46.912540+00:00,481.0,3242.622,3242.26,3242.76,ETH
2026-01-06 06:53:02+00:00,2026-01-06 06:57:47.900060+00:00,482.0,3242.632,3242.41,3242.75,ETH
2026-01-06 06:53:03+00:00,2026-01-06 06:57:48.900762+00:00,483.0,3242.632,3242.49,3242.77,ETH
2026-01-06 06:53:04+00:00,2026-01-06 06:57:49.911174+00:00,484.0,3242.432,3241.94,3242.6,ETH
2026-01-06 06:53:05+00:00,2026-01-06 06:57:50.925317+00:00,485.0,3241.682,3241.67,3242.33,ETH
2026-01-06 06:53:06+00:00,2026-01-06 06:57:51.940721+00:00,486.0,3241.662,3241.58,3241.99,ETH
2026-01-06 06:53:07+00:00,2026-01-06 06:57:52.942993+00:00,487.0,3242.082,3241.84,3242.38,ETH
2026-01-06 06:53:08+00:00,2026-01-06 06:57:53.961546+00:00,488.0,3242.092,3241.94,3242.42,ETH
2026-01-06 06:53:09+00:00,2026-01-06 06:57:54.965334+00:00,489.0,3242.092,3241.94,3242.53,ETH
2026-01-06 06:53:10+00:00,2026-01-06 06:57:55.977026+00:00,490.0,3242.082,3241.89,3242.52,ETH
2026-01-06 06:53:11+00:00,2026-01-06 06:57:56.974045+00:00,491.0,3242.082,3241.87,3242.55,ETH
2026-01-06 06:53:12+00:00,2026-01-06 06:57:57.981017+00:00,492.0,3241.922,3241.81,3242.37,ETH
2026-01-06 06:53:13+00:00,2026-01-06 06:57:59.998821+00:00,493.0,3241.912,3241.8,3242.21,ETH
2026-01-06 06:53:14+00:00,2026-01-06 06:58:01.018045+00:00,494.0,3242.002,3241.88,3242.33,ETH
2026-01-06 06:53:15+00:00,2026-01-06 06:58:02.028240+00:00,495.0,3242.082,3241.93,3242.3,ETH
2026-01-06 06:53:16+00:00,2026-01-06 06:58:03.043514+00:00,496.0,3242.182,3241.89,3242.35,ETH
2026-01-06 06:53:17+00:00,2026-01-06 06:58:04.058182+00:00,497.0,3242.292,3241.97,3242.54,ETH
2026-01-06 06:53:18+00:00,2026-01-06 06:58:05.051236+00:00,498.0,3242.302,3242.06,3242.53,ETH
2026-01-06 06:53:19+00:00,2026-01-06 06:58:06.056043+00:00,499.0,3242.422,3242.14,3242.68,ETH
2026-01-06 06:53:20+00:00,2026-01-06 06:58:07.074452+00:00,500.0,3242.492,3242.22,3242.84,ETH
2026-01-06 06:53:21+00:00,2026-01-06 06:58:08.082634+00:00,501.0,3242.592,3242.3,3242.89,ETH
2026-01-06 06:53:22+00:00,2026-01-06 06:58:09.109851+00:00,502.0,3242.782,3242.43,3242.96,ETH
2026-01-06 06:53:23+00:00,2026-01-06 06:58:10.110841+00:00,503.0,3243.072,3242.7,3243.21,ETH
2026-01-06 06:53:24+00:00,2026-01-06 06:58:11.104955+00:00,504.0,3243.332,3242.91,3243.46,ETH
2026-01-06 06:53:25+00:00,2026-01-06 06:58:12.103705+00:00,505.0,3243.342,3243.0,3243.43,ETH
2026-01-06 06:53:26+00:00,2026-01-06 06:58:13.123019+00:00,506.0,3243.332,3243.08,3243.41,ETH
2026-01-06 06:53:27+00:00,2026-01-06 06:58:14.142830+00:00,507.0,3243.322,3243.08,3243.4,ETH
2026-01-06 06:53:28+00:00,2026-01-06 06:58:15.143053+00:00,508.0,3243.312,3243.07,3243.46,ETH
2026-01-06 06:53:29+00:00,2026-01-06 06:58:16.156467+00:00,509.0,3243.302,3243.07,3243.44,ETH
2026-01-06 06:53:30+00:00,2026-01-06 06:58:17.164252+00:00,510.0,3243.302,3243.05,3243.45,ETH
2026-01-06 06:53:31+00:00,2026-01-06 06:58:18.165784+00:00,511.0,3243.312,3243.05,3243.61,ETH
2026-01-06 06:53:32+00:00,2026-01-06 06:58:19.176703+00:00,512.0,3243.312,3243.06,3243.63,ETH
2026-01-06 06:53:33+00:00,2026-01-06 06:58:20.177637+00:00,513.0,3243.312,3243.06,3243.63,ETH
2026-01-06 06:53:34+00:00,2026-01-06 06:58:21.176923+00:00,514.0,3243.312,3243.06,3243.63,ETH
2026-01-06 06:53:35+00:00,2026-01-06 06:58:22.175119+00:00,515.0,3243.312,3243.07,3243.65,ETH
2026-01-06 06:53:36+00:00,2026-01-06 06:58:23.186545+00:00,516.0,3243.312,3243.1,3243.55,ETH
2026-01-06 06:53:37+00:00,2026-01-06 06:58:24.239010+00:00,517.0,3243.312,3243.13,3243.56,ETH
2026-01-06 06:53:38+00:00,2026-01-06 06:58:25.238222+00:00,518.0,3243.442,3243.15,3243.74,ETH
2026-01-06 06:53:39+00:00,2026-01-06 06:58:26.236152+00:00,519.0,3243.632,3243.27,3243.81,ETH
2026-01-06 06:53:40+00:00,2026-01-06 06:58:27.240696+00:00,520.0,3243.712,3243.42,3243.83,ETH
2026-01-06 06:53:41+00:00,2026-01-06 06:58:28.240955+00:00,521.0,3243.722,3243.46,3243.88,ETH
2026-01-06 06:53:42+00:00,2026-01-06 06:58:29.235117+00:00,522.0,3243.712,3243.47,3243.93,ETH
2026-01-06 06:53:43+00:00,2026-01-06 06:58:30.240386+00:00,523.0,3243.702,3243.46,3243.92,ETH
2026-01-06 06:53:44+00:00,2026-01-06 06:58:31.233011+00:00,524.0,3243.702,3243.44,3243.92,ETH
2026-01-06 06:53:45+00:00,2026-01-06 06:58:32.248368+00:00,525.0,3243.702,3243.42,3243.93,ETH
2026-01-06 06:53:46+00:00,2026-01-06 06:58:33.271962+00:00,526.0,3243.712,3243.4,3243.89,ETH
2026-01-06 06:53:47+00:00,2026-01-06 06:58:34.264843+00:00,527.0,3243.802,3243.48,3243.91,ETH
2026-01-06 06:53:48+00:00,2026-01-06 06:58:35.261115+00:00,528.0,3243.892,3243.57,3244.05,ETH
2026-01-06 06:53:49+00:00,2026-01-06 06:58:36.295932+00:00,529.0,3243.902,3243.57,3244.14,ETH
2026-01-06 06:53:50+00:00,2026-01-06 06:58:37.296614+00:00,530.0,3243.912,3243.58,3244.16,ETH
2026-01-06 06:53:51+00:00,2026-01-06 06:58:38.317063+00:00,531.0,3243.812,3243.52,3244.1,ETH
2026-01-06 06:53:52+00:00,2026-01-06 06:58:39.309797+00:00,532.0,3243.722,3243.46,3243.94,ETH
2026-01-06 06:53:53+00:00,2026-01-06 06:58:40.297401+00:00,533.0,3243.722,3243.46,3243.82,ETH
2026-01-06 06:53:54+00:00,2026-01-06 06:58:41.351539+00:00,534.0,3243.722,3243.46,3243.81,ETH
2026-01-06 06:53:55+00:00,2026-01-06 06:58:42.343148+00:00,535.0,3243.722,3243.46,3243.81,ETH
2026-01-06 06:53:56+00:00,2026-01-06 06:58:43.343311+00:00,536.0,3243.792,3243.53,3243.83,ETH
2026-01-06 06:53:57+00:00,2026-01-06 06:58:44.342605+00:00,537.0,3243.862,3243.59,3243.94,ETH
2026-01-06 06:53:58+00:00,2026-01-06 06:58:45.341743+00:00,538.0,3243.862,3243.6,3244.02,ETH
2026-01-06 06:53:59+00:00,2026-01-06 06:58:46.359316+00:00,539.0,3243.862,3243.6,3244.02,ETH
2026-01-06 06:54:00+00:00,2026-01-06 06:58:47.378006+00:00,540.0,3243.862,3243.6,3244.02,ETH
2026-01-06 06:54:01+00:00,2026-01-06 06:58:48.377571+00:00,541.0,3243.862,3243.6,3244.01,ETH
2026-01-06 06:54:02+00:00,2026-01-06 06:58:49.376651+00:00,542.0,3243.122,3242.99,3243.58,ETH
2026-01-06 06:54:03+00:00,2026-01-06 06:58:50.379851+00:00,543.0,3243.602,3243.23,3243.85,ETH
2026-01-06 06:54:04+00:00,2026-01-06 06:58:51.375719+00:00,544.0,3243.812,3243.61,3243.86,ETH
2026-01-06 06:54:05+00:00,2026-01-06 06:58:52.391229+00:00,545.0,3243.762,3243.62,3243.85,ETH
2026-01-06 06:54:06+00:00,2026-01-06 06:58:53.399423+00:00,546.0,3243.832,3243.61,3243.87,ETH
2026-01-06 06:54:07+00:00,2026-01-06 06:58:54.409501+00:00,547.0,3243.822,3243.6,3243.98,ETH
2026-01-06 06:54:08+00:00,2026-01-06 06:58:55.409001+00:00,548.0,3243.842,3243.6,3243.98,ETH
2026-01-06 06:54:09+00:00,2026-01-06 06:58:56.410393+00:00,549.0,3243.842,3243.6,3243.98,ETH
2026-01-06 06:54:10+00:00,2026-01-06 06:58:57.404972+00:00,550.0,3243.842,3243.6,3243.98,ETH
2026-01-06 06:54:11+00:00,2026-01-06 06:58:58.447564+00:00,551.0,3243.482,3243.35,3243.77,ETH
2026-01-06 06:54:12+00:00,2026-01-06 06:58:59.586570+00:00,552.0,3243.442,3243.11,3243.49,ETH
2026-01-06 06:54:13+00:00,2026-01-06 06:59:00.797158+00:00,553.0,3243.392,3243.19,3243.44,ETH
2026-01-06 06:54:14+00:00,2026-01-06 06:59:01.808525+00:00,554.0,3243.392,3243.2,3243.43,ETH
2026-01-06 06:54:15+00:00,2026-01-06 06:59:02.827322+00:00,555.0,3243.402,3243.2,3243.44,ETH
2026-01-06 06:54:16+00:00,2026-01-06 06:59:03.895345+00:00,556.0,3243.412,3243.2,3243.46,ETH
2026-01-06 06:54:17+00:00,2026-01-06 06:59:04.844895+00:00,557.0,3243.422,3243.2,3243.47,ETH
2026-01-06 06:54:18+00:00,2026-01-06 06:59:05.856427+00:00,558.0,3243.332,3243.2,3243.48,ETH
2026-01-06 06:54:19+00:00,2026-01-06 06:59:06.871809+00:00,559.0,3243.232,3243.16,3243.46,ETH
2026-01-06 06:54:20+00:00,2026-01-06 06:59:07.881247+00:00,560.0,3243.352,3243.12,3243.48,ETH
2026-01-06 06:54:21+00:00,2026-01-06 06:59:08.880763+00:00,561.0,3243.452,3243.18,3243.51,ETH
2026-01-06 06:54:22+00:00,2026-01-06 06:59:09.905259+00:00,562.0,3243.422,3243.23,3243.48,ETH
2026-01-06 06:54:23+00:00,2026-01-06 06:59:10.905164+00:00,563.0,3243.422,3243.22,3243.46,ETH
2026-01-06 06:54:24+00:00,2026-01-06 06:59:11.908449+00:00,564.0,3243.432,3243.22,3243.47,ETH
2026-01-06 06:54:25+00:00,2026-01-06 06:59:12.913536+00:00,565.0,3243.422,3243.22,3243.46,ETH
2026-01-06 06:54:26+00:00,2026-01-06 06:59:13.928311+00:00,566.0,3243.422,3243.21,3243.46,ETH
2026-01-06 06:54:27+00:00,2026-01-06 06:59:14.906326+00:00,567.0,3243.422,3243.22,3243.46,ETH
2026-01-06 06:54:28+00:00,2026-01-06 06:59:15.908369+00:00,568.0,3243.422,3243.23,3243.48,ETH
2026-01-06 06:54:29+00:00,2026-01-06 06:59:16.913939+00:00,569.0,3243.442,3243.22,3243.63,ETH
2026-01-06 06:54:30+00:00,2026-01-06 06:59:17.907093+00:00,570.0,3243.582,3243.45,3243.79,ETH
2026-01-06 06:54:31+00:00,2026-01-06 06:59:18.914600+00:00,571.0,3243.582,3243.36,3243.8,ETH
2026-01-06 06:54:32+00:00,2026-01-06 06:59:19.908298+00:00,572.0,3243.582,3243.35,3243.78,ETH
2026-01-06 06:54:33+00:00,2026-01-06 06:59:20.925143+00:00,573.0,3243.582,3243.31,3243.72,ETH
2026-01-06 06:54:34+00:00,2026-01-06 06:59:21.923957+00:00,574.0,3243.572,3243.31,3243.68,ETH
2026-01-06 06:54:35+00:00,2026-01-06 06:59:22.925929+00:00,575.0,3243.572,3243.31,3243.72,ETH
2026-01-06 06:54:36+00:00,2026-01-06 06:59:23.941749+00:00,576.0,3243.572,3243.32,3243.7,ETH
2026-01-06 06:54:37+00:00,2026-01-06 06:59:24.944375+00:00,577.0,3243.572,3243.35,3243.68,ETH
2026-01-06 06:54:38+00:00,2026-01-06 06:59:25.938685+00:00,578.0,3243.572,3243.34,3243.69,ETH
2026-01-06 06:54:39+00:00,2026-01-06 06:59:26.938783+00:00,579.0,3243.572,3243.34,3243.68,ETH
2026-01-06 06:54:40+00:00,2026-01-06 06:59:27.946918+00:00,580.0,3243.572,3243.32,3243.68,ETH
2026-01-06 06:54:41+00:00,2026-01-06 06:59:28.956630+00:00,581.0,3243.572,3243.33,3243.68,ETH
2026-01-06 06:54:42+00:00,2026-01-06 06:59:29.960395+00:00,582.0,3243.572,3243.33,3243.68,ETH
2026-01-06 06:54:43+00:00,2026-01-06 06:59:30.944400+00:00,583.0,3243.012,3242.93,3243.2,ETH
2026-01-06 06:54:44+00:00,2026-01-06 06:59:31.942158+00:00,584.0,3242.602,3242.59,3243.15,ETH
2026-01-06 06:54:45+00:00,2026-01-06 06:59:32.939968+00:00,585.0,3242.862,3242.45,3242.88,ETH
2026-01-06 06:54:46+00:00,2026-01-06 06:59:33.955721+00:00,586.0,3242.862,3242.73,3242.93,ETH
2026-01-06 06:54:47+00:00,2026-01-06 06:59:35.976241+00:00,587.0,3242.862,3242.77,3242.92,ETH
2026-01-06 06:54:48+00:00,2026-01-06 06:59:36.972695+00:00,588.0,3242.862,3242.78,3242.94,ETH
2026-01-06 06:54:49+00:00,2026-01-06 06:59:37.978293+00:00,589.0,3242.862,3242.77,3242.96,ETH
2026-01-06 06:54:50+00:00,2026-01-06 06:59:38.961365+00:00,590.0,3242.862,3242.77,3242.98,ETH
2026-01-06 06:54:51+00:00,2026-01-06 06:59:39.957901+00:00,591.0,3242.862,3242.78,3243.0,ETH
2026-01-06 06:54:52+00:00,2026-01-06 06:59:40.960714+00:00,592.0,3242.862,3242.79,3243.02,ETH
2026-01-06 06:54:53+00:00,2026-01-06 06:59:41.984255+00:00,593.0,3243.012,3242.82,3243.12,ETH
2026-01-06 06:54:54+00:00,2026-01-06 06:59:42.978978+00:00,594.0,3243.182,3242.95,3243.24,ETH
2026-01-06 06:54:55+00:00,2026-01-06 06:59:43.972804+00:00,595.0,3243.192,3243.05,3243.24,ETH
2026-01-06 06:54:56+00:00,2026-01-06 06:59:44.999370+00:00,596.0,3243.072,3242.99,3243.24,ETH
2026-01-06 06:54:57+00:00,2026-01-06 06:59:45.990875+00:00,597.0,3242.942,3242.9,3243.24,ETH
2026-01-06 06:54:58+00:00,2026-01-06 06:59:47.019802+00:00,598.0,3242.982,3242.93,3243.24,ETH
2026-01-06 06:54:59+00:00,2026-01-06 06:59:47.995686+00:00,599.0,3243.082,3242.99,3243.26,ETH
2026-01-06 06:55:00+00:00,2026-01-06 06:59:49.022694+00:00,600.0,3243.182,3243.01,3243.28,ETH
2026-01-06 06:55:01+00:00,2026-01-06 06:59:50.020946+00:00,601.0,3243.172,3243.0,3243.28,ETH
2026-01-06 06:55:02+00:00,2026-01-06 06:59:51.022284+00:00,602.0,3243.062,3242.98,3243.21,ETH
2026-01-06 06:55:03+00:00,2026-01-06 06:59:52.028296+00:00,603.0,3243.002,3242.92,3243.21,ETH
2026-01-06 06:55:04+00:00,2026-01-06 06:59:53.042326+00:00,604.0,3243.002,3242.89,3243.26,ETH
2026-01-06 06:55:05+00:00,2026-01-06 06:59:54.050978+00:00,605.0,3243.002,3242.9,3243.23,ETH
2026-01-06 06:55:06+00:00,2026-01-06 06:59:55.067897+00:00,606.0,3243.002,3242.9,3243.22,ETH
2026-01-06 06:55:07+00:00,2026-01-06 06:59:56.072626+00:00,607.0,3242.992,3242.9,3243.24,ETH
2026-01-06 06:55:08+00:00,2026-01-06 06:59:57.087469+00:00,608.0,3243.002,3242.9,3243.23,ETH
2026-01-06 06:55:09+00:00,2026-01-06 06:59:58.110272+00:00,609.0,3243.002,3242.9,3243.2,ETH
2026-01-06 06:55:10+00:00,2026-01-06 06:59:59.126743+00:00,610.0,3243.002,3242.9,3243.2,ETH
2026-01-06 06:55:11+00:00,2026-01-06 07:00:00.142660+00:00,611.0,3243.002,3242.9,3243.21,ETH
2026-01-06 06:55:12+00:00,2026-01-06 07:00:01.146657+00:00,612.0,3243.142,3242.9,3243.44,ETH
2026-01-06 06:55:13+00:00,2026-01-06 07:00:02.154902+00:00,613.0,3243.282,3242.9,3243.67,ETH
2026-01-06 06:55:14+00:00,2026-01-06 07:00:03.190310+00:00,614.0,3243.252,3243.11,3243.41,ETH
2026-01-06 06:55:15+00:00,2026-01-06 07:00:04.186159+00:00,615.0,3243.252,3243.09,3243.41,ETH
2026-01-06 06:55:17+00:00,2026-01-06 07:00:05.243001+00:00,617.0,3243.252,3243.09,3243.4,ETH
2026-01-06 06:55:18+00:00,2026-01-06 07:00:06.263213+00:00,618.0,3243.242,3243.11,3243.4,ETH
2026-01-06 06:55:19+00:00,2026-01-06 07:00:07.236525+00:00,619.0,3243.242,3243.13,3243.4,ETH
2026-01-06 06:55:20+00:00,2026-01-06 07:00:08.241236+00:00,620.0,3243.242,3243.11,3243.38,ETH
2026-01-06 06:55:21+00:00,2026-01-06 07:00:09.253983+00:00,621.0,3243.242,3243.09,3243.39,ETH
2026-01-06 06:55:22+00:00,2026-01-06 07:00:10.252358+00:00,622.0,3243.242,3243.08,3243.41,ETH
2026-01-06 06:55:23+00:00,2026-01-06 07:00:11.236385+00:00,623.0,3243.242,3243.07,3243.44,ETH
2026-01-06 06:55:24+00:00,2026-01-06 07:00:12.252179+00:00,624.0,3243.242,3243.06,3243.44,ETH
2026-01-06 06:55:25+00:00,2026-01-06 07:00:13.226949+00:00,625.0,3243.242,3243.06,3243.42,ETH
2026-01-06 06:55:26+00:00,2026-01-06 07:00:14.242905+00:00,626.0,3243.242,3243.06,3243.42,ETH
2026-01-06 06:55:27+00:00,2026-01-06 07:00:15.238776+00:00,627.0,3243.242,3243.01,3243.34,ETH
2026-01-06 06:55:28+00:00,2026-01-06 07:00:16.236093+00:00,628.0,3243.242,3242.96,3243.26,ETH
2026-01-06 06:55:29+00:00,2026-01-06 07:00:17.259407+00:00,629.0,3243.242,3242.96,3243.26,ETH
2026-01-06 06:55:30+00:00,2026-01-06 07:00:18.250543+00:00,630.0,3243.082,3242.88,3243.2,ETH
2026-01-06 06:55:31+00:00,2026-01-06 07:00:19.233862+00:00,631.0,3242.922,3242.77,3243.13,ETH
2026-01-06 06:55:32+00:00,2026-01-06 07:00:20.247933+00:00,632.0,3242.912,3242.74,3243.06,ETH
2026-01-06 06:55:33+00:00,2026-01-06 07:00:21.257794+00:00,633.0,3242.922,3242.75,3242.98,ETH
2026-01-06 06:55:34+00:00,2026-01-06 07:00:22.272828+00:00,634.0,3242.912,3242.76,3242.96,ETH
2026-01-06 06:55:35+00:00,2026-01-06 07:00:23.261516+00:00,635.0,3242.912,3242.75,3242.98,ETH
2026-01-06 06:55:36+00:00,2026-01-06 07:00:24.273809+00:00,636.0,3242.892,3242.75,3242.97,ETH
2026-01-06 06:55:37+00:00,2026-01-06 07:00:26.284319+00:00,637.0,3242.892,3242.73,3242.93,ETH
2026-01-06 06:55:38+00:00,2026-01-06 07:00:27.290147+00:00,638.0,3242.902,3242.73,3242.94,ETH
2026-01-06 06:55:39+00:00,2026-01-06 07:00:28.288329+00:00,639.0,3242.912,3242.73,3242.95,ETH
2026-01-06 06:55:40+00:00,2026-01-06 07:00:29.287773+00:00,640.0,3242.912,3242.72,3242.95,ETH
2026-01-06 06:55:41+00:00,2026-01-06 07:00:30.286488+00:00,641.0,3242.922,3242.72,3242.95,ETH
2026-01-06 06:55:42+00:00,2026-01-06 07:00:31.289603+00:00,642.0,3242.582,3242.38,3242.66,ETH
2026-01-06 06:55:43+00:00,2026-01-06 07:00:32.287526+00:00,643.0,3242.582,3242.37,3242.64,ETH
2026-01-06 06:55:44+00:00,2026-01-06 07:00:33.288104+00:00,644.0,3242.572,3242.38,3242.61,ETH
2026-01-06 06:55:45+00:00,2026-01-06 07:00:34.290300+00:00,645.0,3242.572,3242.38,3242.61,ETH
2026-01-06 06:55:46+00:00,2026-01-06 07:00:35.309291+00:00,646.0,3242.582,3242.39,3242.63,ETH
2026-01-06 06:55:47+00:00,2026-01-06 07:00:36.321862+00:00,647.0,3242.562,3242.38,3242.6,ETH
2026-01-06 06:55:48+00:00,2026-01-06 07:00:37.343381+00:00,648.0,3242.552,3242.37,3242.6,ETH
2026-01-06 06:55:49+00:00,2026-01-06 07:00:38.324780+00:00,649.0,3242.522,3242.39,3242.6,ETH
2026-01-06 06:55:50+00:00,2026-01-06 07:00:39.344172+00:00,650.0,3242.522,3242.42,3242.6,ETH
2026-01-06 06:55:51+00:00,2026-01-06 07:00:40.351103+00:00,651.0,3242.522,3242.39,3242.61,ETH
2026-01-06 06:55:52+00:00,2026-01-06 07:00:41.362207+00:00,652.0,3242.522,3242.39,3242.59,ETH
2026-01-06 06:55:53+00:00,2026-01-06 07:00:42.371186+00:00,653.0,3242.512,3242.39,3242.54,ETH
2026-01-06 06:55:54+00:00,2026-01-06 07:00:43.371288+00:00,654.0,3242.512,3242.36,3242.73,ETH
2026-01-06 06:55:55+00:00,2026-01-06 07:00:44.387706+00:00,655.0,3242.722,3242.39,3242.75,ETH
2026-01-06 06:55:56+00:00,2026-01-06 07:00:45.392893+00:00,656.0,3242.722,3242.55,3242.82,ETH
2026-01-06 06:55:57+00:00,2026-01-06 07:00:46.405213+00:00,657.0,3242.512,3242.5,3242.84,ETH
2026-01-06 06:55:58+00:00,2026-01-06 07:00:47.420868+00:00,658.0,3242.452,3242.4,3242.51,ETH
2026-01-06 06:55:59+00:00,2026-01-06 07:00:48.421671+00:00,659.0,3242.662,3242.37,3242.81,ETH
2026-01-06 06:56:00+00:00,2026-01-06 07:00:49.438420+00:00,660.0,3242.682,3242.41,3242.84,ETH
2026-01-06 06:56:01+00:00,2026-01-06 07:00:50.453864+00:00,661.0,3242.702,3242.46,3242.86,ETH
2026-01-06 06:56:02+00:00,2026-01-06 07:00:51.471804+00:00,662.0,3242.592,3242.45,3242.79,ETH
2026-01-06 06:56:03+00:00,2026-01-06 07:00:52.487859+00:00,663.0,3242.602,3242.46,3242.78,ETH
2026-01-06 06:56:04+00:00,2026-01-06 07:00:53.490714+00:00,664.0,3242.702,3242.48,3242.85,ETH
2026-01-06 06:56:05+00:00,2026-01-06 07:00:54.507765+00:00,665.0,3242.702,3242.48,3242.82,ETH
2026-01-06 06:56:06+00:00,2026-01-06 07:00:55.508550+00:00,666.0,3242.702,3242.48,3242.82,ETH
2026-01-06 06:56:07+00:00,2026-01-06 07:00:56.507018+00:00,667.0,3242.712,3242.49,3242.86,ETH
2026-01-06 06:56:08+00:00,2026-01-06 07:00:57.507182+00:00,668.0,3242.712,3242.5,3242.86,ETH
2026-01-06 06:56:09+00:00,2026-01-06 07:00:58.517706+00:00,669.0,3242.722,3242.52,3242.9,ETH
2026-01-06 06:56:10+00:00,2026-01-06 07:00:59.527223+00:00,670.0,3242.662,3242.53,3242.95,ETH
2026-01-06 06:56:11+00:00,2026-01-06 07:01:00.523721+00:00,671.0,3242.602,3242.51,3242.96,ETH
2026-01-06 06:56:12+00:00,2026-01-06 07:01:01.522177+00:00,672.0,3242.652,3242.49,3242.99,ETH
2026-01-06 06:56:13+00:00,2026-01-06 07:01:02.524621+00:00,673.0,3242.712,3242.52,3243.03,ETH
2026-01-06 06:56:14+00:00,2026-01-06 07:01:04.537311+00:00,674.0,3242.882,3242.59,3243.08,ETH
2026-01-06 06:56:15+00:00,2026-01-06 07:01:05.536407+00:00,675.0,3242.882,3242.63,3243.14,ETH
2026-01-06 06:56:16+00:00,2026-01-06 07:01:06.536982+00:00,676.0,3242.882,3242.64,3243.15,ETH
2026-01-06 06:56:17+00:00,2026-01-06 07:01:07.537008+00:00,677.0,3242.882,3242.65,3243.15,ETH
2026-01-06 06:56:18+00:00,2026-01-06 07:01:08.547564+00:00,678.0,3242.882,3242.65,3243.15,ETH
2026-01-06 06:56:19+00:00,2026-01-06 07:01:09.537970+00:00,679.0,3242.882,3242.64,3243.16,ETH
2026-01-06 06:56:20+00:00,2026-01-06 07:01:10.552685+00:00,680.0,3242.802,3242.66,3243.15,ETH
2026-01-06 06:56:21+00:00,2026-01-06 07:01:11.553695+00:00,681.0,3242.752,3242.66,3243.09,ETH
2026-01-06 06:56:22+00:00,2026-01-06 07:01:12.554104+00:00,682.0,3242.782,3242.63,3242.96,ETH
2026-01-06 06:56:23+00:00,2026-01-06 07:01:13.567686+00:00,683.0,3242.782,3242.63,3242.93,ETH
2026-01-06 06:56:24+00:00,2026-01-06 07:01:14.570254+00:00,684.0,3242.752,3242.61,3242.99,ETH
2026-01-06 06:56:25+00:00,2026-01-06 07:01:15.582579+00:00,685.0,3242.722,3242.58,3242.94,ETH
2026-01-06 06:56:26+00:00,2026-01-06 07:01:16.575582+00:00,686.0,3242.722,3242.56,3242.9,ETH
2026-01-06 06:56:27+00:00,2026-01-06 07:01:17.591835+00:00,687.0,3242.722,3242.56,3242.9,ETH
2026-01-06 06:56:28+00:00,2026-01-06 07:01:18.604941+00:00,688.0,3242.722,3242.56,3242.91,ETH
2026-01-06 06:56:29+00:00,2026-01-06 07:01:19.617169+00:00,689.0,3242.722,3242.55,3242.94,ETH
2026-01-06 06:56:30+00:00,2026-01-06 07:01:20.622262+00:00,690.0,3242.702,3242.54,3242.93,ETH
2026-01-06 06:56:31+00:00,2026-01-06 07:01:21.625034+00:00,691.0,3242.702,3242.53,3242.93,ETH
2026-01-06 06:56:32+00:00,2026-01-06 07:01:22.639148+00:00,692.0,3242.712,3242.54,3242.93,ETH
2026-01-06 06:56:33+00:00,2026-01-06 07:01:23.653923+00:00,693.0,3242.712,3242.55,3242.95,ETH
2026-01-06 06:56:34+00:00,2026-01-06 07:01:24.649040+00:00,694.0,3242.712,3242.54,3242.89,ETH
2026-01-06 06:56:35+00:00,2026-01-06 07:01:25.663566+00:00,695.0,3242.712,3242.53,3242.87,ETH
2026-01-06 06:56:36+00:00,2026-01-06 07:01:26.648927+00:00,696.0,3242.702,3242.52,3242.92,ETH
2026-01-06 06:56:37+00:00,2026-01-06 07:01:27.650265+00:00,697.0,3242.692,3242.52,3242.93,ETH
2026-01-06 06:56:38+00:00,2026-01-06 07:01:28.653972+00:00,698.0,3242.692,3242.52,3242.88,ETH
2026-01-06 06:56:39+00:00,2026-01-06 07:01:29.672863+00:00,699.0,3242.772,3242.53,3242.9,ETH
2026-01-06 06:56:40+00:00,2026-01-06 07:01:30.687305+00:00,700.0,3242.912,3242.66,3243.09,ETH
2026-01-06 06:56:41+00:00,2026-01-06 07:01:31.684502+00:00,701.0,3242.982,3242.79,3243.21,ETH
2026-01-06 06:56:42+00:00,2026-01-06 07:01:32.714113+00:00,702.0,3243.042,3242.83,3243.24,ETH
2026-01-06 06:56:44+00:00,2026-01-06 07:01:33.768013+00:00,704.0,3243.212,3242.94,3243.28,ETH
2026-01-06 06:56:45+00:00,2026-01-06 07:01:34.801100+00:00,705.0,3243.212,3242.94,3243.29,ETH
2026-01-06 06:56:46+00:00,2026-01-06 07:01:35.764816+00:00,706.0,3243.212,3242.94,3243.31,ETH
2026-01-06 06:56:47+00:00,2026-01-06 07:01:36.774718+00:00,707.0,3243.212,3242.94,3243.3,ETH
2026-01-06 06:56:48+00:00,2026-01-06 07:01:38.755849+00:00,708.0,3243.122,3242.9,3243.29,ETH
2026-01-06 06:56:49+00:00,2026-01-06 07:01:39.752595+00:00,709.0,3243.032,3242.86,3243.27,ETH
2026-01-06 06:56:50+00:00,2026-01-06 07:01:40.751646+00:00,710.0,3243.032,3242.86,3243.25,ETH
2026-01-06 06:56:51+00:00,2026-01-06 07:01:41.759974+00:00,711.0,3243.032,3242.86,3243.25,ETH
2026-01-06 06:56:52+00:00,2026-01-06 07:01:42.755725+00:00,712.0,3243.032,3242.85,3243.24,ETH
2026-01-06 06:56:53+00:00,2026-01-06 07:01:43.758316+00:00,713.0,3242.982,3242.85,3243.13,ETH
2026-01-06 06:56:54+00:00,2026-01-06 07:01:44.771960+00:00,714.0,3242.932,3242.84,3243.09,ETH
2026-01-06 06:56:55+00:00,2026-01-06 07:01:45.780050+00:00,715.0,3242.932,3242.8,3243.14,ETH
2026-01-06 06:56:56+00:00,2026-01-06 07:01:46.790431+00:00,716.0,3242.852,3242.77,3243.1,ETH
2026-01-06 06:56:57+00:00,2026-01-06 07:01:47.819693+00:00,717.0,3242.512,3242.4,3242.68,ETH
2026-01-06 06:56:58+00:00,2026-01-06 07:01:48.818367+00:00,718.0,3242.172,3242.05,3242.3,ETH
2026-01-06 06:56:59+00:00,2026-01-06 07:01:49.816479+00:00,719.0,3242.082,3242.03,3242.27,ETH
2026-01-06 06:57:00+00:00,2026-01-06 07:01:50.837865+00:00,720.0,3242.082,3241.93,3242.21,ETH
2026-01-06 06:57:01+00:00,2026-01-06 07:01:51.823804+00:00,721.0,3242.142,3241.91,3242.2,ETH
2026-01-06 06:57:02+00:00,2026-01-06 07:01:52.835600+00:00,722.0,3242.142,3241.97,3242.28,ETH
2026-01-06 06:57:03+00:00,2026-01-06 07:01:53.833829+00:00,723.0,3242.082,3241.93,3242.3,ETH
2026-01-06 06:57:04+00:00,2026-01-06 07:01:54.832055+00:00,724.0,3242.082,3241.89,3242.27,ETH
2026-01-06 06:57:05+00:00,2026-01-06 07:01:55.839908+00:00,725.0,3242.082,3241.86,3242.29,ETH
2026-01-06 06:57:06+00:00,2026-01-06 07:01:56.847462+00:00,726.0,3242.082,3241.85,3242.29,ETH
2026-01-06 06:57:07+00:00,2026-01-06 07:01:57.849452+00:00,727.0,3242.082,3241.85,3242.27,ETH
2026-01-06 06:57:08+00:00,2026-01-06 07:01:58.839519+00:00,728.0,3242.082,3241.85,3242.26,ETH
2026-01-06 06:57:09+00:00,2026-01-06 07:01:59.888096+00:00,729.0,3242.082,3241.85,3242.24,ETH
2026-01-06 06:57:10+00:00,2026-01-06 07:02:00.899400+00:00,730.0,3242.082,3241.86,3242.22,ETH
2026-01-06 06:57:11+00:00,2026-01-06 07:02:01.899599+00:00,731.0,3241.952,3241.79,3242.18,ETH
2026-01-06 06:57:12+00:00,2026-01-06 07:02:02.884476+00:00,732.0,3241.692,3241.61,3241.95,ETH
2026-01-06 06:57:13+00:00,2026-01-06 07:02:03.885120+00:00,733.0,3241.562,3241.5,3241.71,ETH
2026-01-06 06:57:14+00:00,2026-01-06 07:02:04.889708+00:00,734.0,3241.522,3241.35,3241.68,ETH
2026-01-06 06:57:15+00:00,2026-01-06 07:02:05.920233+00:00,735.0,3241.442,3241.19,3241.56,ETH
2026-01-06 06:57:16+00:00,2026-01-06 07:02:06.935752+00:00,736.0,3241.392,3241.13,3241.4,ETH
2026-01-06 06:57:17+00:00,2026-01-06 07:02:07.936646+00:00,737.0,3241.372,3241.08,3241.37,ETH
2026-01-06 06:57:18+00:00,2026-01-06 07:02:08.939275+00:00,738.0,3241.372,3241.09,3241.45,ETH
2026-01-06 06:57:19+00:00,2026-01-06 07:02:09.950621+00:00,739.0,3241.422,3241.14,3241.51,ETH
2026-01-06 06:57:20+00:00,2026-01-06 07:02:10.963859+00:00,740.0,3241.422,3241.17,3241.55,ETH
2026-01-06 06:57:21+00:00,2026-01-06 07:02:11.971446+00:00,741.0,3241.342,3241.16,3241.56,ETH
2026-01-06 06:57:22+00:00,2026-01-06 07:02:12.984844+00:00,742.0,3241.282,3241.09,3241.48,ETH
2026-01-06 06:57:23+00:00,2026-01-06 07:02:13.983620+00:00,743.0,3241.122,3240.95,3241.28,ETH
2026-01-06 06:57:24+00:00,2026-01-06 07:02:14.998493+00:00,744.0,3240.932,3240.73,3240.99,ETH
2026-01-06 06:57:25+00:00,2026-01-06 07:02:16.016851+00:00,745.0,3240.862,3240.58,3240.87,ETH
2026-01-06 06:57:26+00:00,2026-01-06 07:02:17.036729+00:00,746.0,3240.862,3240.55,3240.87,ETH
2026-01-06 06:57:27+00:00,2026-01-06 07:02:18.020787+00:00,747.0,3240.882,3240.56,3240.97,ETH
2026-01-06 06:57:28+00:00,2026-01-06 07:02:19.017368+00:00,748.0,3240.942,3240.66,3241.11,ETH
2026-01-06 06:57:29+00:00,2026-01-06 07:02:20.016266+00:00,749.0,3240.942,3240.73,3241.07,ETH
2026-01-06 06:57:30+00:00,2026-01-06 07:02:21.019294+00:00,750.0,3240.902,3240.73,3240.98,ETH
2026-01-06 06:57:31+00:00,2026-01-06 07:02:22.034855+00:00,751.0,3240.862,3240.73,3240.98,ETH
2026-01-06 06:57:32+00:00,2026-01-06 07:02:23.036536+00:00,752.0,3240.902,3240.73,3241.05,ETH
2026-01-06 06:57:33+00:00,2026-01-06 07:02:24.032567+00:00,753.0,3240.762,3240.64,3241.02,ETH
2026-01-06 06:57:34+00:00,2026-01-06 07:02:25.033904+00:00,754.0,3240.692,3240.56,3240.9,ETH
2026-01-06 06:57:35+00:00,2026-01-06 07:02:26.039550+00:00,755.0,3240.812,3240.59,3240.87,ETH
2026-01-06 06:57:36+00:00,2026-01-06 07:02:27.046361+00:00,756.0,3240.802,3240.6,3240.85,ETH
2026-01-06 06:57:37+00:00,2026-01-06 07:02:28.050995+00:00,757.0,3240.812,3240.6,3240.86,ETH
2026-01-06 06:57:38+00:00,2026-01-06 07:02:29.049534+00:00,758.0,3240.822,3240.6,3240.87,ETH
2026-01-06 06:57:39+00:00,2026-01-06 07:02:30.064589+00:00,759.0,3240.742,3240.57,3240.81,ETH
2026-01-06 06:57:40+00:00,2026-01-06 07:02:31.072039+00:00,760.0,3240.792,3240.52,3240.92,ETH
2026-01-06 06:57:41+00:00,2026-01-06 07:02:32.101803+00:00,761.0,3240.672,3240.51,3240.8,ETH
2026-01-06 06:57:42+00:00,2026-01-06 07:02:33.111459+00:00,762.0,3240.712,3240.46,3240.8,ETH
2026-01-06 06:57:43+00:00,2026-01-06 07:02:34.124458+00:00,763.0,3240.382,3240.0,3240.71,ETH
2026-01-06 06:57:44+00:00,2026-01-06 07:02:35.122608+00:00,764.0,3240.232,3239.99,3240.31,ETH
2026-01-06 06:57:45+00:00,2026-01-06 07:02:36.171724+00:00,765.0,3240.232,3239.96,3240.28,ETH
2026-01-06 06:57:46+00:00,2026-01-06 07:02:37.186308+00:00,766.0,3240.392,3240.1,3240.52,ETH
2026-01-06 06:57:47+00:00,2026-01-06 07:02:38.206286+00:00,767.0,3240.392,3240.08,3240.52,ETH
2026-01-06 06:57:48+00:00,2026-01-06 07:02:39.255546+00:00,768.0,3240.392,3240.09,3240.52,ETH
2026-01-06 06:57:49+00:00,2026-01-06 07:02:40.248554+00:00,769.0,3240.432,3240.09,3240.6,ETH
2026-01-06 06:57:50+00:00,2026-01-06 07:02:41.268595+00:00,770.0,3240.572,3240.23,3240.72,ETH
2026-01-06 06:57:51+00:00,2026-01-06 07:02:42.246295+00:00,771.0,3240.792,3240.46,3240.86,ETH
2026-01-06 06:57:52+00:00,2026-01-06 07:02:43.247122+00:00,772.0,3240.872,3240.59,3241.01,ETH
2026-01-06 06:57:53+00:00,2026-01-06 07:02:44.248650+00:00,773.0,3240.882,3240.61,3241.04,ETH
2026-01-06 06:57:54+00:00,2026-01-06 07:02:45.248142+00:00,774.0,3240.942,3240.6,3241.07,ETH
2026-01-06 06:57:55+00:00,2026-01-06 07:02:46.253880+00:00,775.0,3240.902,3240.56,3241.11,ETH
2026-01-06 06:57:56+00:00,2026-01-06 07:02:47.260828+00:00,776.0,3240.852,3240.52,3241.11,ETH
2026-01-06 06:57:57+00:00,2026-01-06 07:02:48.267569+00:00,777.0,3240.852,3240.51,3241.1,ETH
2026-01-06 06:57:58+00:00,2026-01-06 07:02:49.271641+00:00,778.0,3240.852,3240.5,3241.09,ETH
2026-01-06 06:57:59+00:00,2026-01-06 07:02:50.280499+00:00,779.0,3240.852,3240.49,3241.05,ETH
2026-01-06 06:58:00+00:00,2026-01-06 07:02:51.294132+00:00,780.0,3240.852,3240.5,3240.98,ETH
2026-01-06 06:58:01+00:00,2026-01-06 07:02:52.321162+00:00,781.0,3240.852,3240.5,3240.95,ETH
2026-01-06 06:58:02+00:00,2026-01-06 07:02:53.320035+00:00,782.0,3240.852,3240.5,3241.05,ETH
2026-01-06 06:58:03+00:00,2026-01-06 07:02:54.314200+00:00,783.0,3240.852,3240.5,3240.93,ETH
2026-01-06 06:58:04+00:00,2026-01-06 07:02:55.315217+00:00,784.0,3240.852,3240.51,3241.07,ETH
2026-01-06 06:58:05+00:00,2026-01-06 07:02:56.331049+00:00,785.0,3240.582,3240.41,3240.73,ETH
2026-01-06 06:58:06+00:00,2026-01-06 07:02:57.351484+00:00,786.0,3240.572,3240.41,3240.72,ETH
2026-01-06 06:58:07+00:00,2026-01-06 07:02:58.335782+00:00,787.0,3240.552,3240.4,3240.7,ETH
2026-01-06 06:58:08+00:00,2026-01-06 07:02:59.340239+00:00,788.0,3240.542,3240.4,3240.68,ETH
2026-01-06 06:58:09+00:00,2026-01-06 07:03:00.348890+00:00,789.0,3240.392,3240.3,3240.67,ETH
2026-01-06 06:58:10+00:00,2026-01-06 07:03:01.355142+00:00,790.0,3240.392,3240.26,3240.67,ETH
2026-01-06 06:58:11+00:00,2026-01-06 07:03:02.361965+00:00,791.0,3240.392,3240.26,3240.65,ETH
2026-01-06 06:58:12+00:00,2026-01-06 07:03:03.374950+00:00,792.0,3240.392,3240.28,3240.65,ETH
2026-01-06 06:58:13+00:00,2026-01-06 07:03:04.385757+00:00,793.0,3240.402,3240.36,3240.7,ETH
2026-01-06 06:58:14+00:00,2026-01-06 07:03:05.406669+00:00,794.0,3240.712,3240.38,3240.75,ETH
2026-01-06 06:58:15+00:00,2026-01-06 07:03:06.416112+00:00,795.0,3240.652,3240.49,3240.71,ETH
2026-01-06 06:58:16+00:00,2026-01-06 07:03:07.434880+00:00,796.0,3240.532,3240.5,3240.71,ETH
2026-01-06 06:58:17+00:00,2026-01-06 07:03:08.444912+00:00,797.0,3240.532,3240.5,3240.66,ETH
2026-01-06 06:58:18+00:00,2026-01-06 07:03:09.477520+00:00,798.0,3240.372,3240.26,3240.59,ETH
2026-01-06 06:58:19+00:00,2026-01-06 07:03:10.450601+00:00,799.0,3240.372,3240.14,3240.58,ETH
2026-01-06 06:58:20+00:00,2026-01-06 07:03:11.525404+00:00,800.0,3240.362,3240.17,3240.45,ETH
2026-01-06 06:58:21+00:00,2026-01-06 07:03:12.495441+00:00,801.0,3240.282,3240.13,3240.37,ETH
2026-01-06 06:58:22+00:00,2026-01-06 07:03:13.510679+00:00,802.0,3240.202,3240.08,3240.34,ETH
2026-01-06 06:58:23+00:00,2026-01-06 07:03:14.540512+00:00,803.0,3240.202,3240.06,3240.3,ETH
2026-01-06 06:58:24+00:00,2026-01-06 07:03:15.498979+00:00,804.0,3240.212,3240.04,3240.27,ETH
2026-01-06 06:58:25+00:00,2026-01-06 07:03:16.528618+00:00,805.0,3240.202,3240.04,3240.27,ETH
2026-01-06 06:58:26+00:00,2026-01-06 07:03:17.539090+00:00,806.0,3240.162,3240.05,3240.21,ETH
2026-01-06 06:58:27+00:00,2026-01-06 07:03:18.549932+00:00,807.0,3240.162,3240.06,3240.21,ETH
2026-01-06 06:58:28+00:00,2026-01-06 07:03:19.550884+00:00,808.0,3240.132,3240.06,3240.21,ETH
2026-01-06 06:58:29+00:00,2026-01-06 07:03:20.568565+00:00,809.0,3240.112,3240.06,3240.2,ETH
2026-01-06 06:58:30+00:00,2026-01-06 07:03:21.568933+00:00,810.0,3240.122,3240.07,3240.2,ETH
2026-01-06 06:58:31+00:00,2026-01-06 07:03:22.567716+00:00,811.0,3240.112,3240.04,3240.2,ETH
2026-01-06 06:58:32+00:00,2026-01-06 07:03:23.565809+00:00,812.0,3240.152,3240.03,3240.2,ETH
2026-01-06 06:58:33+00:00,2026-01-06 07:03:24.568115+00:00,813.0,3240.152,3240.03,3240.2,ETH
2026-01-06 06:58:34+00:00,2026-01-06 07:03:25.564163+00:00,814.0,3240.092,3240.04,3240.2,ETH
2026-01-06 06:58:35+00:00,2026-01-06 07:03:26.567980+00:00,815.0,3240.102,3240.04,3240.2,ETH
2026-01-06 06:58:36+00:00,2026-01-06 07:03:27.565269+00:00,816.0,3240.092,3240.03,3240.17,ETH
2026-01-06 06:58:37+00:00,2026-01-06 07:03:28.568651+00:00,817.0,3240.092,3240.03,3240.17,ETH
2026-01-06 06:58:38+00:00,2026-01-06 07:03:29.578048+00:00,818.0,3240.082,3240.03,3240.18,ETH
2026-01-06 06:58:39+00:00,2026-01-06 07:03:30.582758+00:00,819.0,3240.072,3240.03,3240.18,ETH
2026-01-06 06:58:40+00:00,2026-01-06 07:03:31.634427+00:00,820.0,3240.082,3240.04,3240.18,ETH
2026-01-06 06:58:41+00:00,2026-01-06 07:03:32.644074+00:00,821.0,3240.082,3240.03,3240.18,ETH
2026-01-06 06:58:42+00:00,2026-01-06 07:03:33.647618+00:00,822.0,3240.042,3239.99,3240.08,ETH
2026-01-06 06:58:43+00:00,2026-01-06 07:03:34.647361+00:00,823.0,3240.042,3239.98,3240.08,ETH
2026-01-06 06:58:44+00:00,2026-01-06 07:03:35.644986+00:00,824.0,3240.082,3239.95,3240.16,ETH
2026-01-06 06:58:45+00:00,2026-01-06 07:03:36.674610+00:00,825.0,3240.072,3239.95,3240.1,ETH
2026-01-06 06:58:46+00:00,2026-01-06 07:03:37.679955+00:00,826.0,3240.072,3239.95,3240.11,ETH
2026-01-06 06:58:47+00:00,2026-01-06 07:03:38.698789+00:00,827.0,3240.072,3239.96,3240.15,ETH
2026-01-06 06:58:48+00:00,2026-01-06 07:03:39.742922+00:00,828.0,3240.072,3239.95,3240.15,ETH
2026-01-06 06:58:49+00:00,2026-01-06 07:03:40.730779+00:00,829.0,3240.072,3239.95,3240.14,ETH
2026-01-06 06:58:50+00:00,2026-01-06 07:03:41.728912+00:00,830.0,3240.072,3239.95,3240.14,ETH
2026-01-06 06:58:51+00:00,2026-01-06 07:03:42.742078+00:00,831.0,3240.072,3239.95,3240.14,ETH
2026-01-06 06:58:52+00:00,2026-01-06 07:03:43.737394+00:00,832.0,3240.072,3239.96,3240.16,ETH
2026-01-06 06:58:53+00:00,2026-01-06 07:03:44.741054+00:00,833.0,3240.072,3239.96,3240.16,ETH
2026-01-06 06:58:54+00:00,2026-01-06 07:03:45.739732+00:00,834.0,3240.072,3239.96,3240.16,ETH
2026-01-06 06:58:55+00:00,2026-01-06 07:03:46.743824+00:00,835.0,3240.072,3239.96,3240.15,ETH
2026-01-06 06:58:56+00:00,2026-01-06 07:03:47.734464+00:00,836.0,3240.072,3239.95,3240.14,ETH
2026-01-06 06:58:57+00:00,2026-01-06 07:03:48.744040+00:00,837.0,3240.072,3239.96,3240.18,ETH
2026-01-06 06:58:58+00:00,2026-01-06 07:03:49.751259+00:00,838.0,3240.072,3239.96,3240.17,ETH
2026-01-06 06:58:59+00:00,2026-01-06 07:03:50.740291+00:00,839.0,3240.072,3239.96,3240.16,ETH
2026-01-06 06:59:00+00:00,2026-01-06 07:03:51.741212+00:00,840.0,3240.072,3239.96,3240.13,ETH
2026-01-06 06:59:01+00:00,2026-01-06 07:03:52.747963+00:00,841.0,3240.112,3239.96,3240.21,ETH
2026-01-06 06:59:02+00:00,2026-01-06 07:03:53.747455+00:00,842.0,3240.252,3240.12,3240.57,ETH
2026-01-06 06:59:03+00:00,2026-01-06 07:03:54.776405+00:00,843.0,3240.252,3240.13,3240.54,ETH
2026-01-06 06:59:04+00:00,2026-01-06 07:03:55.801889+00:00,844.0,3240.162,3240.1,3240.43,ETH
2026-01-06 06:59:05+00:00,2026-01-06 07:03:56.799085+00:00,845.0,3240.152,3240.06,3240.33,ETH
2026-01-06 06:59:06+00:00,2026-01-06 07:03:57.810101+00:00,846.0,3240.152,3240.06,3240.38,ETH
2026-01-06 06:59:07+00:00,2026-01-06 07:03:58.817354+00:00,847.0,3240.152,3240.06,3240.29,ETH
2026-01-06 06:59:08+00:00,2026-01-06 07:03:59.850292+00:00,848.0,3240.672,3240.38,3240.69,ETH
2026-01-06 06:59:09+00:00,2026-01-06 07:04:00.849171+00:00,849.0,3240.822,3240.47,3240.95,ETH
2026-01-06 06:59:10+00:00,2026-01-06 07:04:01.866819+00:00,850.0,3240.852,3240.57,3240.96,ETH
2026-01-06 06:59:11+00:00,2026-01-06 07:04:02.896406+00:00,851.0,3240.882,3240.57,3240.96,ETH
2026-01-06 06:59:12+00:00,2026-01-06 07:04:03.886610+00:00,852.0,3240.882,3240.6,3241.17,ETH
2026-01-06 06:59:13+00:00,2026-01-06 07:04:05.899359+00:00,853.0,3241.242,3241.02,3241.42,ETH
2026-01-06 06:59:14+00:00,2026-01-06 07:04:06.912156+00:00,854.0,3241.242,3241.06,3241.34,ETH
2026-01-06 06:59:15+00:00,2026-01-06 07:04:07.915082+00:00,855.0,3241.172,3241.0,3241.24,ETH
2026-01-06 06:59:16+00:00,2026-01-06 07:04:08.928122+00:00,856.0,3241.162,3240.96,3241.27,ETH
2026-01-06 06:59:17+00:00,2026-01-06 07:04:09.928985+00:00,857.0,3241.162,3240.96,3241.27,ETH
2026-01-06 06:59:18+00:00,2026-01-06 07:04:10.914525+00:00,858.0,3241.162,3240.96,3241.26,ETH
2026-01-06 06:59:19+00:00,2026-01-06 07:04:11.995105+00:00,859.0,3241.262,3241.0,3241.33,ETH
2026-01-06 06:59:20+00:00,2026-01-06 07:04:13.002934+00:00,860.0,3241.332,3241.13,3241.44,ETH
2026-01-06 06:59:21+00:00,2026-01-06 07:04:14.032090+00:00,861.0,3241.362,3241.25,3241.49,ETH
2026-01-06 06:59:22+00:00,2026-01-06 07:04:14.996391+00:00,862.0,3241.392,3241.24,3241.49,ETH
2026-01-06 06:59:23+00:00,2026-01-06 07:04:16.013322+00:00,863.0,3241.422,3241.22,3241.49,ETH
2026-01-06 06:59:24+00:00,2026-01-06 07:04:17.015718+00:00,864.0,3241.422,3241.23,3241.49,ETH
2026-01-06 06:59:25+00:00,2026-01-06 07:04:18.045924+00:00,865.0,3241.402,3241.23,3241.49,ETH
2026-01-06 06:59:26+00:00,2026-01-06 07:04:19.060424+00:00,866.0,3241.412,3241.23,3241.49,ETH
2026-01-06 06:59:27+00:00,2026-01-06 07:04:20.063303+00:00,867.0,3241.422,3241.24,3241.49,ETH
2026-01-06 06:59:28+00:00,2026-01-06 07:04:21.078245+00:00,868.0,3241.432,3241.25,3241.49,ETH
2026-01-06 06:59:29+00:00,2026-01-06 07:04:22.082024+00:00,869.0,3241.462,3241.27,3241.6,ETH
2026-01-06 06:59:30+00:00,2026-01-06 07:04:23.090019+00:00,870.0,3241.482,3241.32,3241.7,ETH
2026-01-06 06:59:31+00:00,2026-01-06 07:04:24.099043+00:00,871.0,3241.462,3241.37,3241.66,ETH
2026-01-06 06:59:32+00:00,2026-01-06 07:04:25.111325+00:00,872.0,3241.402,3241.36,3241.58,ETH
2026-01-06 06:59:33+00:00,2026-01-06 07:04:26.115598+00:00,873.0,3241.342,3241.23,3241.45,ETH
2026-01-06 06:59:34+00:00,2026-01-06 07:04:27.113924+00:00,874.0,3241.312,3241.1,3241.36,ETH
2026-01-06 06:59:35+00:00,2026-01-06 07:04:28.127381+00:00,875.0,3241.112,3240.98,3241.18,ETH
2026-01-06 06:59:36+00:00,2026-01-06 07:04:29.140103+00:00,876.0,3240.912,3240.87,3240.99,ETH
2026-01-06 06:59:37+00:00,2026-01-06 07:04:30.147310+00:00,877.0,3240.872,3240.72,3240.99,ETH
2026-01-06 06:59:38+00:00,2026-01-06 07:04:31.145144+00:00,878.0,3240.872,3240.74,3240.97,ETH
2026-01-06 06:59:39+00:00,2026-01-06 07:04:32.141507+00:00,879.0,3240.872,3240.78,3240.93,ETH
2026-01-06 06:59:40+00:00,2026-01-06 07:04:33.143638+00:00,880.0,3240.872,3240.69,3240.97,ETH
2026-01-06 06:59:41+00:00,2026-01-06 07:04:34.148342+00:00,881.0,3240.722,3240.71,3240.96,ETH
2026-01-06 06:59:42+00:00,2026-01-06 07:04:35.158250+00:00,882.0,3240.542,3240.53,3240.69,ETH
2026-01-06 06:59:43+00:00,2026-01-06 07:04:36.165189+00:00,883.0,3240.412,3240.15,3240.43,ETH
2026-01-06 06:59:44+00:00,2026-01-06 07:04:37.163138+00:00,884.0,3240.242,3240.16,3240.25,ETH
2026-01-06 06:59:45+00:00,2026-01-06 07:04:38.159193+00:00,885.0,3240.242,3240.15,3240.6,ETH
2026-01-06 06:59:46+00:00,2026-01-06 07:04:39.157616+00:00,886.0,3240.242,3240.1,3240.46,ETH
2026-01-06 06:59:47+00:00,2026-01-06 07:04:40.160945+00:00,887.0,3240.232,3240.1,3240.46,ETH
2026-01-06 06:59:48+00:00,2026-01-06 07:04:41.177800+00:00,888.0,3240.242,3240.09,3240.32,ETH
2026-01-06 06:59:49+00:00,2026-01-06 07:04:42.164982+00:00,889.0,3240.152,3240.05,3240.22,ETH
2026-01-06 06:59:50+00:00,2026-01-06 07:04:43.179201+00:00,890.0,3239.702,3239.69,3239.99,ETH
2026-01-06 06:59:51+00:00,2026-01-06 07:04:44.180979+00:00,891.0,3239.532,3239.52,3239.73,ETH
2026-01-06 06:59:52+00:00,2026-01-06 07:04:45.238990+00:00,892.0,3239.522,3239.46,3239.65,ETH
2026-01-06 06:59:53+00:00,2026-01-06 07:04:46.188956+00:00,893.0,3239.522,3239.48,3239.59,ETH
2026-01-06 06:59:54+00:00,2026-01-06 07:04:47.199411+00:00,894.0,3239.522,3239.51,3239.6,ETH
2026-01-06 06:59:55+00:00,2026-01-06 07:04:48.246327+00:00,895.0,3239.522,3239.51,3239.61,ETH
2026-01-06 06:59:56+00:00,2026-01-06 07:04:49.245048+00:00,896.0,3239.482,3239.47,3239.63,ETH
2026-01-06 06:59:57+00:00,2026-01-06 07:04:50.252566+00:00,897.0,3239.442,3239.44,3239.59,ETH
2026-01-06 06:59:58+00:00,2026-01-06 07:04:51.253251+00:00,898.0,3239.442,3239.43,3239.61,ETH
2026-01-06 06:59:59+00:00,2026-01-06 07:04:52.258103+00:00,899.0,3239.442,3239.4,3239.61,ETH
