timestamp,collected_at,seconds,up_mid,up_best_bid,up_best_ask,down_mid,down_best_bid,down_best_ask,up_best_bid_size,up_best_ask_size,down_best_bid_size,down_best_ask_size
2026-01-06 06:45:00.078000+00:00,2026-01-06 06:45:00.348319+00:00,0.078,0.42,0.4,0.44,0.5800000000000001,0.56,0.6,,,,
2026-01-06 06:45:01.222000+00:00,2026-01-06 06:45:01.348263+00:00,1.222,0.43,0.42,0.44,0.5700000000000001,0.56,0.58,,,,
2026-01-06 06:45:02.194000+00:00,2026-01-06 06:45:02.347702+00:00,2.194,0.43,0.42,0.44,0.5700000000000001,0.56,0.58,,,,
2026-01-06 06:45:03.236000+00:00,2026-01-06 06:45:03.364169+00:00,3.236,0.415,0.41,0.42,0.59,0.58,0.6,,,,
2026-01-06 06:45:04.227000+00:00,2026-01-06 06:45:04.383160+00:00,4.227,0.37,0.36,0.38,0.635,0.63,0.64,,,,
2026-01-06 06:45:05.258000+00:00,2026-01-06 06:45:05.396347+00:00,5.258,0.395,0.39,0.4,0.6,0.59,0.61,,,,
2026-01-06 06:45:06.277000+00:00,2026-01-06 06:45:06.408611+00:00,6.277,0.405,0.4,0.41,0.595,0.59,0.6,,,,
2026-01-06 06:45:07.270000+00:00,2026-01-06 06:45:07.399346+00:00,7.27,0.395,0.39,0.4,0.605,0.6,0.61,,,,
2026-01-06 06:45:08.222000+00:00,2026-01-06 06:45:08.413814+00:00,8.222,0.395,0.39,0.4,0.605,0.6,0.61,,,,
2026-01-06 06:45:09.291000+00:00,2026-01-06 06:45:09.413687+00:00,9.291,0.385,0.38,0.39,0.615,0.61,0.62,,,,
2026-01-06 06:45:10.303000+00:00,2026-01-06 06:45:10.430712+00:00,10.303,0.375,0.37,0.38,0.625,0.62,0.63,,,,
2026-01-06 06:45:11.310000+00:00,2026-01-06 06:45:11.450576+00:00,11.31,0.395,0.39,0.4,0.605,0.6,0.61,,,,
2026-01-06 06:45:12.238000+00:00,2026-01-06 06:45:12.445493+00:00,12.238,0.395,0.39,0.4,0.615,0.6,0.63,,,,
2026-01-06 06:45:13.308000+00:00,2026-01-06 06:45:13.458873+00:00,13.308,0.385,0.38,0.39,0.615,0.61,0.62,,,,
2026-01-06 06:45:14.342000+00:00,2026-01-06 06:45:14.473258+00:00,14.342,0.43,0.41,0.45,0.5700000000000001,0.55,0.59,,,,
2026-01-06 06:45:15.338000+00:00,2026-01-06 06:45:15.467536+00:00,15.338,0.495,0.49,0.5,0.515,0.51,0.52,,,,
2026-01-06 06:45:16.314000+00:00,2026-01-06 06:45:16.486430+00:00,16.314,0.45,0.44,0.46,0.56,0.55,0.57,,,,
2026-01-06 06:45:17.348000+00:00,2026-01-06 06:45:17.480512+00:00,17.348,0.445,0.44,0.45,0.555,0.55,0.56,,,,
2026-01-06 06:45:18.342000+00:00,2026-01-06 06:45:18.479184+00:00,18.342,0.445,0.44,0.45,0.555,0.55,0.56,,,,
2026-01-06 06:45:19.351000+00:00,2026-01-06 06:45:19.487760+00:00,19.351,0.445,0.44,0.45,0.555,0.55,0.56,,,,
2026-01-06 06:45:20.363000+00:00,2026-01-06 06:45:20.497317+00:00,20.363,0.45,0.44,0.46,0.55,0.54,0.56,,,,
2026-01-06 06:45:21.340000+00:00,2026-01-06 06:45:21.504394+00:00,21.34,0.435,0.43,0.44,0.565,0.56,0.57,,,,
2026-01-06 06:45:22.371000+00:00,2026-01-06 06:45:22.506144+00:00,22.371,0.445,0.44,0.45,0.525,0.52,0.53,,,,
2026-01-06 06:45:23.389000+00:00,2026-01-06 06:45:23.518960+00:00,23.389,0.4549999999999999,0.44,0.47,0.535,0.53,0.54,,,,
2026-01-06 06:45:24.390000+00:00,2026-01-06 06:45:24.527576+00:00,24.39,0.485,0.48,0.49,0.515,0.51,0.52,,,,
2026-01-06 06:45:25.397000+00:00,2026-01-06 06:45:25.526923+00:00,25.397,0.4599999999999999,0.45,0.47,0.54,0.53,0.55,,,,
2026-01-06 06:45:26.419000+00:00,2026-01-06 06:45:26.546993+00:00,26.419,0.455,0.45,0.46,0.545,0.54,0.55,,,,
2026-01-06 06:45:27.413000+00:00,2026-01-06 06:45:27.548767+00:00,27.413,0.595,0.59,0.6,0.38,0.37,0.39,,,,
2026-01-06 06:45:28.434000+00:00,2026-01-06 06:45:28.563228+00:00,28.434,0.59,0.58,0.6,0.425,0.42,0.43,,,,
2026-01-06 06:45:29.431000+00:00,2026-01-06 06:45:29.565574+00:00,29.431,0.56,0.55,0.57,0.435,0.43,0.44,,,,
2026-01-06 06:45:30.383000+00:00,2026-01-06 06:45:30.572084+00:00,30.383,0.565,0.56,0.57,0.435,0.43,0.44,,,,
2026-01-06 06:45:31.453000+00:00,2026-01-06 06:45:31.582201+00:00,31.453,0.61,0.58,0.64,0.405,0.4,0.41,,,,
2026-01-06 06:45:32.423000+00:00,2026-01-06 06:45:32.587633+00:00,32.423,0.575,0.57,0.58,0.435,0.42,0.45,,,,
2026-01-06 06:45:33.484000+00:00,2026-01-06 06:45:33.587563+00:00,33.484,0.56,0.55,0.57,0.445,0.44,0.45,,,,
2026-01-06 06:45:34.458000+00:00,2026-01-06 06:45:34.587993+00:00,34.458,0.555,0.55,0.56,0.445,0.44,0.45,,,,
2026-01-06 06:45:35.351000+00:00,2026-01-06 06:45:35.600539+00:00,35.351,0.545,0.54,0.55,0.455,0.45,0.46,,,,
2026-01-06 06:45:36.476000+00:00,2026-01-06 06:45:36.605625+00:00,36.476,0.545,0.54,0.55,0.4599999999999999,0.45,0.47,,,,
2026-01-06 06:45:37.452000+00:00,2026-01-06 06:45:37.613699+00:00,37.452,0.535,0.53,0.54,0.4649999999999999,0.46,0.47,,,,
2026-01-06 06:45:38.499000+00:00,2026-01-06 06:45:38.630035+00:00,38.499,0.555,0.55,0.56,0.445,0.44,0.45,,,,
2026-01-06 06:45:39.491000+00:00,2026-01-06 06:45:39.617888+00:00,39.491,0.535,0.53,0.54,0.4649999999999999,0.46,0.47,,,,
2026-01-06 06:45:40.373000+00:00,2026-01-06 06:45:40.631124+00:00,40.373,0.55,0.54,0.56,0.445,0.44,0.45,,,,
2026-01-06 06:45:41.494000+00:00,2026-01-06 06:45:41.630429+00:00,41.494,0.565,0.56,0.57,0.435,0.43,0.44,,,,
2026-01-06 06:45:42.487000+00:00,2026-01-06 06:45:42.645887+00:00,42.487,0.555,0.55,0.56,0.445,0.44,0.45,,,,
2026-01-06 06:45:43.529000+00:00,2026-01-06 06:45:43.659971+00:00,43.529,0.555,0.55,0.56,0.445,0.44,0.45,,,,
2026-01-06 06:45:44.551000+00:00,2026-01-06 06:45:44.659985+00:00,44.551,0.535,0.53,0.54,0.4649999999999999,0.46,0.47,,,,
2026-01-06 06:45:45.538000+00:00,2026-01-06 06:45:45.668287+00:00,45.538,0.535,0.53,0.54,0.475,0.47,0.48,,,,
2026-01-06 06:45:46.553000+00:00,2026-01-06 06:45:46.682566+00:00,46.553,0.505,0.5,0.51,0.495,0.49,0.5,,,,
2026-01-06 06:45:47.562000+00:00,2026-01-06 06:45:47.696063+00:00,47.562,0.495,0.49,0.5,0.505,0.5,0.51,,,,
2026-01-06 06:45:48.576000+00:00,2026-01-06 06:45:48.697443+00:00,48.576,0.485,0.48,0.49,0.515,0.51,0.52,,,,
2026-01-06 06:45:49.567000+00:00,2026-01-06 06:45:49.697769+00:00,49.567,0.475,0.47,0.48,0.525,0.52,0.53,,,,
2026-01-06 06:45:50.584000+00:00,2026-01-06 06:45:50.711912+00:00,50.584,0.485,0.48,0.49,0.515,0.51,0.52,,,,
2026-01-06 06:45:51.590000+00:00,2026-01-06 06:45:51.732453+00:00,51.59,0.485,0.48,0.49,0.515,0.51,0.52,,,,
2026-01-06 06:45:52.598000+00:00,2026-01-06 06:45:52.736842+00:00,52.598,0.485,0.48,0.49,0.515,0.51,0.52,,,,
2026-01-06 06:45:53.611000+00:00,2026-01-06 06:45:53.744747+00:00,53.611,0.485,0.48,0.49,0.515,0.51,0.52,,,,
2026-01-06 06:45:54.629000+00:00,2026-01-06 06:45:54.760342+00:00,54.629,0.575,0.57,0.58,0.425,0.42,0.43,,,,
2026-01-06 06:45:55.637000+00:00,2026-01-06 06:45:55.779478+00:00,55.637,0.555,0.55,0.56,0.445,0.44,0.45,,,,
2026-01-06 06:45:56.659000+00:00,2026-01-06 06:45:56.786776+00:00,56.659,0.555,0.55,0.56,0.45,0.44,0.46,,,,
2026-01-06 06:45:57.667000+00:00,2026-01-06 06:45:57.794341+00:00,57.667,0.55,0.54,0.56,0.455,0.45,0.46,,,,
2026-01-06 06:45:58.664000+00:00,2026-01-06 06:45:58.796082+00:00,58.664,0.545,0.54,0.55,0.455,0.45,0.46,,,,
2026-01-06 06:45:59.611000+00:00,2026-01-06 06:45:59.809223+00:00,59.611,0.535,0.53,0.54,0.4649999999999999,0.46,0.47,,,,
2026-01-06 06:46:00.685000+00:00,2026-01-06 06:46:00.810863+00:00,60.685,0.535,0.53,0.54,0.4649999999999999,0.46,0.47,,,,
2026-01-06 06:46:01.689000+00:00,2026-01-06 06:46:01.818820+00:00,61.689,0.53,0.52,0.54,0.475,0.47,0.48,,,,
2026-01-06 06:46:02.684000+00:00,2026-01-06 06:46:02.827524+00:00,62.684,0.515,0.51,0.52,0.485,0.48,0.49,,,,
2026-01-06 06:46:03.625000+00:00,2026-01-06 06:46:03.831009+00:00,63.625,0.515,0.51,0.52,0.485,0.48,0.49,,,,
2026-01-06 06:46:04.713000+00:00,2026-01-06 06:46:04.842476+00:00,64.713,0.575,0.57,0.58,0.425,0.42,0.43,,,,
2026-01-06 06:46:05.713000+00:00,2026-01-06 06:46:05.851940+00:00,65.713,0.545,0.54,0.55,0.455,0.45,0.46,,,,
2026-01-06 06:46:06.709000+00:00,2026-01-06 06:46:06.862158+00:00,66.709,0.545,0.54,0.55,0.455,0.45,0.46,,,,
2026-01-06 06:46:07.730000+00:00,2026-01-06 06:46:07.864787+00:00,67.73,0.535,0.53,0.54,0.4649999999999999,0.46,0.47,,,,
2026-01-06 06:46:08.755000+00:00,2026-01-06 06:46:08.877926+00:00,68.755,0.545,0.54,0.55,0.455,0.45,0.46,,,,
2026-01-06 06:46:09.753000+00:00,2026-01-06 06:46:09.880557+00:00,69.753,0.545,0.54,0.55,0.4649999999999999,0.46,0.47,,,,
2026-01-06 06:46:10.761000+00:00,2026-01-06 06:46:10.884120+00:00,70.761,0.535,0.53,0.54,0.4649999999999999,0.46,0.47,,,,
2026-01-06 06:46:11.755000+00:00,2026-01-06 06:46:11.897042+00:00,71.755,0.545,0.54,0.55,0.455,0.45,0.46,,,,
2026-01-06 06:46:12.717000+00:00,2026-01-06 06:46:12.899536+00:00,72.717,0.535,0.53,0.54,0.4649999999999999,0.46,0.47,,,,
2026-01-06 06:46:13.765000+00:00,2026-01-06 06:46:13.907233+00:00,73.765,0.535,0.53,0.54,0.4649999999999999,0.46,0.47,,,,
2026-01-06 06:46:14.779000+00:00,2026-01-06 06:46:14.910701+00:00,74.779,0.525,0.52,0.53,0.485,0.48,0.49,,,,
2026-01-06 06:46:15.785000+00:00,2026-01-06 06:46:15.927752+00:00,75.785,0.495,0.49,0.5,0.505,0.5,0.51,,,,
2026-01-06 06:46:16.812000+00:00,2026-01-06 06:46:16.943480+00:00,76.812,0.48,0.47,0.49,0.525,0.52,0.53,,,,
2026-01-06 06:46:17.833000+00:00,2026-01-06 06:46:17.950537+00:00,77.833,0.445,0.44,0.45,0.555,0.55,0.56,,,,
2026-01-06 06:46:18.817000+00:00,2026-01-06 06:46:18.954789+00:00,78.817,0.445,0.44,0.45,0.555,0.55,0.56,,,,
2026-01-06 06:46:19.814000+00:00,2026-01-06 06:46:19.960532+00:00,79.814,0.445,0.44,0.45,0.555,0.55,0.56,,,,
2026-01-06 06:46:20.820000+00:00,2026-01-06 06:46:20.951673+00:00,80.82,0.595,0.59,0.6,0.405,0.4,0.41,,,,
2026-01-06 06:46:21.826000+00:00,2026-01-06 06:46:21.959652+00:00,81.826,0.565,0.56,0.57,0.435,0.43,0.44,,,,
2026-01-06 06:46:22.839000+00:00,2026-01-06 06:46:22.972255+00:00,82.839,0.535,0.53,0.54,0.4649999999999999,0.46,0.47,,,,
2026-01-06 06:46:23.831000+00:00,2026-01-06 06:46:23.968871+00:00,83.831,0.535,0.53,0.54,0.4649999999999999,0.46,0.47,,,,
2026-01-06 06:46:24.772000+00:00,2026-01-06 06:46:24.960146+00:00,84.772,0.525,0.52,0.53,0.47,0.46,0.48,,,,
2026-01-06 06:46:25.797000+00:00,2026-01-06 06:46:25.950375+00:00,85.797,0.535,0.53,0.54,0.4649999999999999,0.46,0.47,,,,
2026-01-06 06:46:26.717000+00:00,2026-01-06 06:46:26.952277+00:00,86.717,0.535,0.53,0.54,0.4649999999999999,0.46,0.47,,,,
2026-01-06 06:46:27.812000+00:00,2026-01-06 06:46:27.948282+00:00,87.812,0.54,0.53,0.55,0.4599999999999999,0.45,0.47,,,,
2026-01-06 06:46:28.824000+00:00,2026-01-06 06:46:28.952067+00:00,88.824,0.53,0.52,0.54,0.4649999999999999,0.46,0.47,,,,
2026-01-06 06:46:29.828000+00:00,2026-01-06 06:46:29.960253+00:00,89.828,0.535,0.52,0.55,0.4599999999999999,0.45,0.47,,,,
2026-01-06 06:46:30.859000+00:00,2026-01-06 06:46:30.981052+00:00,90.859,0.535,0.53,0.54,0.4649999999999999,0.46,0.47,,,,
2026-01-06 06:46:31.805000+00:00,2026-01-06 06:46:31.990563+00:00,91.805,0.535,0.53,0.54,0.4649999999999999,0.46,0.47,,,,
2026-01-06 06:46:32.842000+00:00,2026-01-06 06:46:32.994144+00:00,92.842,0.535,0.53,0.54,0.4649999999999999,0.46,0.47,,,,
2026-01-06 06:46:33.830000+00:00,2026-01-06 06:46:34.004494+00:00,93.83,0.525,0.52,0.53,0.475,0.47,0.48,,,,
2026-01-06 06:46:34.862000+00:00,2026-01-06 06:46:35.001535+00:00,94.862,0.52,0.51,0.53,0.48,0.47,0.49,,,,
2026-01-06 06:46:35.864000+00:00,2026-01-06 06:46:35.992987+00:00,95.864,0.515,0.51,0.52,0.485,0.48,0.49,,,,
2026-01-06 06:46:36.776000+00:00,2026-01-06 06:46:37.008743+00:00,96.776,0.515,0.51,0.52,0.485,0.48,0.49,,,,
2026-01-06 06:46:37.876000+00:00,2026-01-06 06:46:38.018297+00:00,97.876,0.515,0.51,0.52,0.485,0.48,0.49,,,,
2026-01-06 06:46:38.865000+00:00,2026-01-06 06:46:39.009001+00:00,98.865,0.505,0.5,0.51,0.495,0.49,0.5,,,,
2026-01-06 06:46:39.978000+00:00,2026-01-06 06:46:40.015561+00:00,99.978,0.495,0.49,0.5,0.505,0.5,0.51,,,,
2026-01-06 06:46:40.717000+00:00,2026-01-06 06:46:41.025417+00:00,100.717,0.505,0.5,0.51,0.495,0.49,0.5,,,,
2026-01-06 06:46:41.900000+00:00,2026-01-06 06:46:42.043288+00:00,101.9,0.51,0.5,0.52,0.49,0.48,0.5,,,,
2026-01-06 06:46:42.918000+00:00,2026-01-06 06:46:43.051474+00:00,102.918,0.505,0.5,0.51,0.495,0.49,0.5,,,,
2026-01-06 06:46:43.898000+00:00,2026-01-06 06:46:44.059204+00:00,103.898,0.505,0.5,0.51,0.495,0.49,0.5,,,,
2026-01-06 06:46:44.945000+00:00,2026-01-06 06:46:45.075536+00:00,104.945,0.5,0.49,0.51,0.495,0.49,0.5,,,,
2026-01-06 06:46:45.817000+00:00,2026-01-06 06:46:46.092598+00:00,105.817,0.505,0.5,0.51,0.5,0.49,0.51,,,,
2026-01-06 06:46:46.974000+00:00,2026-01-06 06:46:47.108695+00:00,106.974,0.505,0.5,0.51,0.495,0.49,0.5,,,,
2026-01-06 06:46:47.930000+00:00,2026-01-06 06:46:48.124579+00:00,107.93,0.505,0.5,0.51,0.495,0.49,0.5,,,,
2026-01-06 06:46:48.982000+00:00,2026-01-06 06:46:49.125604+00:00,108.982,0.505,0.5,0.51,0.495,0.49,0.5,,,,
2026-01-06 06:46:50.849000+00:00,2026-01-06 06:46:51.145250+00:00,110.849,0.495,0.49,0.5,0.505,0.5,0.51,,,,
2026-01-06 06:46:52.825000+00:00,2026-01-06 06:46:53.177604+00:00,112.825,0.515,0.51,0.52,0.485,0.48,0.49,,,,
2026-01-06 06:46:54.056000+00:00,2026-01-06 06:46:54.189993+00:00,114.056,0.515,0.51,0.52,0.485,0.48,0.49,,,,
2026-01-06 06:46:55.111000+00:00,2026-01-06 06:46:55.196866+00:00,115.111,0.515,0.51,0.52,0.485,0.48,0.49,,,,
2026-01-06 06:46:56.852000+00:00,2026-01-06 06:46:57.226834+00:00,116.852,0.525,0.52,0.53,0.475,0.47,0.48,,,,
2026-01-06 06:46:58.129000+00:00,2026-01-06 06:46:58.242628+00:00,118.129,0.525,0.52,0.53,0.475,0.47,0.48,,,,
2026-01-06 06:46:59.117000+00:00,2026-01-06 06:46:59.245675+00:00,119.117,0.535,0.53,0.54,0.4649999999999999,0.46,0.47,,,,
2026-01-06 06:47:00.099000+00:00,2026-01-06 06:47:00.256791+00:00,120.099,0.545,0.54,0.55,0.455,0.45,0.46,,,,
2026-01-06 06:47:01.140000+00:00,2026-01-06 06:47:01.272501+00:00,121.14,0.535,0.53,0.54,0.4649999999999999,0.46,0.47,,,,
2026-01-06 06:47:02.152000+00:00,2026-01-06 06:47:02.285135+00:00,122.152,0.525,0.52,0.53,0.475,0.47,0.48,,,,
2026-01-06 06:47:03.127000+00:00,2026-01-06 06:47:03.283154+00:00,123.127,0.515,0.51,0.52,0.485,0.48,0.49,,,,
2026-01-06 06:47:04.117000+00:00,2026-01-06 06:47:04.297020+00:00,124.117,0.505,0.5,0.51,0.495,0.49,0.5,,,,
2026-01-06 06:47:05.149000+00:00,2026-01-06 06:47:05.289442+00:00,125.149,0.495,0.49,0.5,0.505,0.5,0.51,,,,
2026-01-06 06:47:06.178000+00:00,2026-01-06 06:47:06.306222+00:00,126.178,0.475,0.47,0.48,0.525,0.52,0.53,,,,
2026-01-06 06:47:07.185000+00:00,2026-01-06 06:47:07.314780+00:00,127.185,0.475,0.47,0.48,0.525,0.52,0.53,,,,
2026-01-06 06:47:08.174000+00:00,2026-01-06 06:47:08.309606+00:00,128.174,0.475,0.47,0.48,0.525,0.52,0.53,,,,
2026-01-06 06:47:09.186000+00:00,2026-01-06 06:47:09.313018+00:00,129.186,0.475,0.47,0.48,0.525,0.52,0.53,,,,
2026-01-06 06:47:10.174000+00:00,2026-01-06 06:47:10.333403+00:00,130.174,0.4649999999999999,0.46,0.47,0.535,0.53,0.54,,,,
2026-01-06 06:47:11.177000+00:00,2026-01-06 06:47:11.337360+00:00,131.177,0.455,0.45,0.46,0.555,0.55,0.56,,,,
2026-01-06 06:47:12.181000+00:00,2026-01-06 06:47:12.335118+00:00,132.181,0.435,0.43,0.44,0.565,0.56,0.57,,,,
2026-01-06 06:47:13.213000+00:00,2026-01-06 06:47:13.341458+00:00,133.213,0.425,0.42,0.43,0.575,0.57,0.58,,,,
2026-01-06 06:47:14.151000+00:00,2026-01-06 06:47:14.349055+00:00,134.151,0.425,0.42,0.43,0.575,0.57,0.58,,,,
2026-01-06 06:47:15.234000+00:00,2026-01-06 06:47:15.367236+00:00,135.234,0.425,0.42,0.43,0.575,0.57,0.58,,,,
2026-01-06 06:47:16.235000+00:00,2026-01-06 06:47:16.378670+00:00,136.235,0.425,0.42,0.43,0.575,0.57,0.58,,,,
2026-01-06 06:47:17.256000+00:00,2026-01-06 06:47:17.385152+00:00,137.256,0.415,0.41,0.42,0.585,0.58,0.59,,,,
2026-01-06 06:47:18.250000+00:00,2026-01-06 06:47:18.377417+00:00,138.25,0.415,0.41,0.42,0.585,0.58,0.59,,,,
2026-01-06 06:47:19.250000+00:00,2026-01-06 06:47:19.378606+00:00,139.25,0.425,0.42,0.43,0.575,0.57,0.58,,,,
2026-01-06 06:47:20.263000+00:00,2026-01-06 06:47:20.385368+00:00,140.263,0.425,0.42,0.43,0.575,0.57,0.58,,,,
2026-01-06 06:47:21.246000+00:00,2026-01-06 06:47:21.396388+00:00,141.246,0.425,0.42,0.43,0.575,0.57,0.58,,,,
2026-01-06 06:47:22.262000+00:00,2026-01-06 06:47:22.398701+00:00,142.262,0.405,0.4,0.41,0.595,0.59,0.6,,,,
2026-01-06 06:47:23.274000+00:00,2026-01-06 06:47:23.400417+00:00,143.274,0.4,0.39,0.41,0.605,0.6,0.61,,,,
2026-01-06 06:47:24.274000+00:00,2026-01-06 06:47:24.409625+00:00,144.274,0.395,0.39,0.4,0.605,0.6,0.61,,,,
2026-01-06 06:47:25.285000+00:00,2026-01-06 06:47:25.412027+00:00,145.285,0.385,0.38,0.39,0.615,0.61,0.62,,,,
2026-01-06 06:47:26.278000+00:00,2026-01-06 06:47:26.414217+00:00,146.278,0.405,0.4,0.41,0.595,0.59,0.6,,,,
2026-01-06 06:47:27.298000+00:00,2026-01-06 06:47:27.425184+00:00,147.298,0.39,0.38,0.4,0.61,0.6,0.62,,,,
2026-01-06 06:47:28.301000+00:00,2026-01-06 06:47:28.425740+00:00,148.301,0.385,0.38,0.39,0.615,0.61,0.62,,,,
2026-01-06 06:47:29.260000+00:00,2026-01-06 06:47:29.448166+00:00,149.26,0.375,0.37,0.38,0.625,0.62,0.63,,,,
2026-01-06 06:47:30.245000+00:00,2026-01-06 06:47:30.458925+00:00,150.245,0.375,0.37,0.38,0.625,0.62,0.63,,,,
2026-01-06 06:47:31.305000+00:00,2026-01-06 06:47:31.451264+00:00,151.305,0.365,0.36,0.37,0.635,0.63,0.64,,,,
2026-01-06 06:47:32.331000+00:00,2026-01-06 06:47:32.458136+00:00,152.331,0.365,0.36,0.37,0.635,0.63,0.64,,,,
2026-01-06 06:47:33.323000+00:00,2026-01-06 06:47:33.467379+00:00,153.323,0.365,0.36,0.37,0.635,0.63,0.64,,,,
2026-01-06 06:47:34.348000+00:00,2026-01-06 06:47:34.474771+00:00,154.348,0.365,0.36,0.37,0.635,0.63,0.64,,,,
2026-01-06 06:47:35.343000+00:00,2026-01-06 06:47:35.484588+00:00,155.343,0.365,0.36,0.37,0.635,0.63,0.64,,,,
2026-01-06 06:47:36.367000+00:00,2026-01-06 06:47:36.510191+00:00,156.367,0.365,0.36,0.37,0.635,0.63,0.64,,,,
2026-01-06 06:47:37.375000+00:00,2026-01-06 06:47:37.510306+00:00,157.375,0.365,0.36,0.37,0.635,0.63,0.64,,,,
2026-01-06 06:47:38.385000+00:00,2026-01-06 06:47:38.513486+00:00,158.385,0.345,0.34,0.35,0.655,0.65,0.66,,,,
2026-01-06 06:47:39.395000+00:00,2026-01-06 06:47:39.525145+00:00,159.395,0.345,0.34,0.35,0.655,0.65,0.66,,,,
2026-01-06 06:47:40.390000+00:00,2026-01-06 06:47:40.540635+00:00,160.39,0.335,0.33,0.34,0.665,0.66,0.67,,,,
2026-01-06 06:47:41.419000+00:00,2026-01-06 06:47:41.544061+00:00,161.419,0.3399999999999999,0.33,0.35,0.66,0.65,0.67,,,,
2026-01-06 06:47:42.433000+00:00,2026-01-06 06:47:42.558283+00:00,162.433,0.345,0.34,0.35,0.655,0.65,0.66,,,,
2026-01-06 06:47:43.437000+00:00,2026-01-06 06:47:43.575633+00:00,163.437,0.335,0.33,0.34,0.665,0.66,0.67,,,,
2026-01-06 06:47:44.447000+00:00,2026-01-06 06:47:44.574193+00:00,164.447,0.335,0.33,0.34,0.665,0.66,0.67,,,,
2026-01-06 06:47:45.426000+00:00,2026-01-06 06:47:45.574887+00:00,165.426,0.325,0.32,0.33,0.675,0.67,0.68,,,,
2026-01-06 06:47:46.447000+00:00,2026-01-06 06:47:46.581809+00:00,166.447,0.33,0.32,0.34,0.67,0.66,0.68,,,,
2026-01-06 06:47:47.446000+00:00,2026-01-06 06:47:47.574803+00:00,167.446,0.325,0.32,0.33,0.675,0.67,0.68,,,,
2026-01-06 06:47:48.441000+00:00,2026-01-06 06:47:48.576713+00:00,168.441,0.305,0.3,0.31,0.695,0.69,0.7,,,,
2026-01-06 06:47:49.456000+00:00,2026-01-06 06:47:49.586666+00:00,169.456,0.295,0.29,0.3,0.705,0.7,0.71,,,,
2026-01-06 06:47:50.454000+00:00,2026-01-06 06:47:50.583308+00:00,170.454,0.29,0.28,0.3,0.71,0.7,0.72,,,,
2026-01-06 06:47:51.468000+00:00,2026-01-06 06:47:51.596126+00:00,171.468,0.515,0.51,0.52,0.4649999999999999,0.46,0.47,,,,
2026-01-06 06:47:52.449000+00:00,2026-01-06 06:47:52.593500+00:00,172.449,0.555,0.55,0.56,0.425,0.42,0.43,,,,
2026-01-06 06:47:53.475000+00:00,2026-01-06 06:47:53.607953+00:00,173.475,0.535,0.53,0.54,0.485,0.47,0.5,,,,
2026-01-06 06:47:54.478000+00:00,2026-01-06 06:47:54.606562+00:00,174.478,0.54,0.53,0.55,0.455,0.45,0.46,,,,
2026-01-06 06:47:55.481000+00:00,2026-01-06 06:47:55.627034+00:00,175.481,0.545,0.54,0.55,0.455,0.45,0.46,,,,
2026-01-06 06:47:56.481000+00:00,2026-01-06 06:47:56.624161+00:00,176.481,0.55,0.54,0.56,0.445,0.44,0.45,,,,
2026-01-06 06:47:57.472000+00:00,2026-01-06 06:47:57.642612+00:00,177.472,0.555,0.55,0.56,0.435,0.43,0.44,,,,
2026-01-06 06:47:58.522000+00:00,2026-01-06 06:47:58.651893+00:00,178.522,0.565,0.56,0.57,0.43,0.42,0.44,,,,
2026-01-06 06:47:59.549000+00:00,2026-01-06 06:47:59.675764+00:00,179.549,0.575,0.56,0.59,0.425,0.42,0.43,,,,
2026-01-06 06:48:00.546000+00:00,2026-01-06 06:48:00.681571+00:00,180.546,0.565,0.56,0.57,0.435,0.43,0.44,,,,
2026-01-06 06:48:01.574000+00:00,2026-01-06 06:48:01.693212+00:00,181.574,0.555,0.55,0.56,0.445,0.44,0.45,,,,
2026-01-06 06:48:02.580000+00:00,2026-01-06 06:48:02.705405+00:00,182.58,0.535,0.53,0.54,0.4649999999999999,0.46,0.47,,,,
2026-01-06 06:48:03.558000+00:00,2026-01-06 06:48:03.708817+00:00,183.558,0.535,0.53,0.54,0.4649999999999999,0.46,0.47,,,,
2026-01-06 06:48:04.586000+00:00,2026-01-06 06:48:04.723902+00:00,184.586,0.535,0.53,0.54,0.4649999999999999,0.46,0.47,,,,
2026-01-06 06:48:05.608000+00:00,2026-01-06 06:48:05.745685+00:00,185.608,0.54,0.53,0.55,0.455,0.45,0.46,,,,
2026-01-06 06:48:06.641000+00:00,2026-01-06 06:48:06.770053+00:00,186.641,0.535,0.53,0.54,0.4649999999999999,0.46,0.47,,,,
2026-01-06 06:48:07.665000+00:00,2026-01-06 06:48:07.789855+00:00,187.665,0.535,0.53,0.54,0.4649999999999999,0.46,0.47,,,,
2026-01-06 06:48:08.661000+00:00,2026-01-06 06:48:08.799578+00:00,188.661,0.53,0.52,0.54,0.475,0.47,0.48,,,,
2026-01-06 06:48:09.658000+00:00,2026-01-06 06:48:09.819470+00:00,189.658,0.525,0.52,0.53,0.475,0.47,0.48,,,,
2026-01-06 06:48:10.678000+00:00,2026-01-06 06:48:10.810496+00:00,190.678,0.525,0.52,0.53,0.475,0.47,0.48,,,,
2026-01-06 06:48:11.705000+00:00,2026-01-06 06:48:11.820025+00:00,191.705,0.525,0.52,0.53,0.475,0.47,0.48,,,,
2026-01-06 06:48:12.693000+00:00,2026-01-06 06:48:12.823927+00:00,192.693,0.525,0.52,0.53,0.475,0.47,0.48,,,,
2026-01-06 06:48:13.693000+00:00,2026-01-06 06:48:13.822238+00:00,193.693,0.535,0.53,0.54,0.4649999999999999,0.46,0.47,,,,
2026-01-06 06:48:14.675000+00:00,2026-01-06 06:48:14.817957+00:00,194.675,0.545,0.54,0.55,0.455,0.45,0.46,,,,
2026-01-06 06:48:15.682000+00:00,2026-01-06 06:48:15.823440+00:00,195.682,0.545,0.54,0.55,0.455,0.45,0.46,,,,
2026-01-06 06:48:16.687000+00:00,2026-01-06 06:48:16.836745+00:00,196.687,0.545,0.54,0.55,0.455,0.45,0.46,,,,
2026-01-06 06:48:17.701000+00:00,2026-01-06 06:48:17.841555+00:00,197.701,0.545,0.54,0.55,0.455,0.45,0.46,,,,
2026-01-06 06:48:18.713000+00:00,2026-01-06 06:48:18.846806+00:00,198.713,0.535,0.53,0.54,0.4649999999999999,0.46,0.47,,,,
2026-01-06 06:48:19.702000+00:00,2026-01-06 06:48:19.840923+00:00,199.702,0.515,0.5,0.53,0.49,0.48,0.5,,,,
2026-01-06 06:48:20.698000+00:00,2026-01-06 06:48:20.837485+00:00,200.698,0.51,0.5,0.52,0.495,0.49,0.5,,,,
2026-01-06 06:48:21.682000+00:00,2026-01-06 06:48:21.836780+00:00,201.682,0.505,0.5,0.51,0.495,0.49,0.5,,,,
2026-01-06 06:48:22.710000+00:00,2026-01-06 06:48:22.852558+00:00,202.71,0.505,0.5,0.51,0.495,0.49,0.5,,,,
2026-01-06 06:48:23.715000+00:00,2026-01-06 06:48:23.847757+00:00,203.715,0.505,0.5,0.51,0.495,0.49,0.5,,,,
2026-01-06 06:48:24.713000+00:00,2026-01-06 06:48:24.846348+00:00,204.713,0.505,0.5,0.51,0.495,0.49,0.5,,,,
2026-01-06 06:48:25.721000+00:00,2026-01-06 06:48:25.863799+00:00,205.721,0.5,0.49,0.51,0.5,0.49,0.51,,,,
2026-01-06 06:48:26.750000+00:00,2026-01-06 06:48:26.877979+00:00,206.75,0.5,0.49,0.51,0.5,0.49,0.51,,,,
2026-01-06 06:48:27.762000+00:00,2026-01-06 06:48:27.890711+00:00,207.762,0.5,0.49,0.51,0.5,0.49,0.51,,,,
2026-01-06 06:48:28.774000+00:00,2026-01-06 06:48:28.905675+00:00,208.774,0.5,0.49,0.51,0.5,0.49,0.51,,,,
2026-01-06 06:48:29.682000+00:00,2026-01-06 06:48:29.893573+00:00,209.682,0.495,0.49,0.5,0.51,0.5,0.52,,,,
2026-01-06 06:48:30.755000+00:00,2026-01-06 06:48:30.905995+00:00,210.755,0.475,0.47,0.48,0.525,0.52,0.53,,,,
2026-01-06 06:48:31.774000+00:00,2026-01-06 06:48:31.910244+00:00,211.774,0.4649999999999999,0.46,0.47,0.535,0.53,0.54,,,,
2026-01-06 06:48:32.796000+00:00,2026-01-06 06:48:32.923576+00:00,212.796,0.455,0.45,0.46,0.545,0.54,0.55,,,,
2026-01-06 06:48:33.793000+00:00,2026-01-06 06:48:33.921300+00:00,213.793,0.445,0.44,0.45,0.555,0.55,0.56,,,,
2026-01-06 06:48:34.753000+00:00,2026-01-06 06:48:34.909383+00:00,214.753,0.445,0.44,0.45,0.555,0.55,0.56,,,,
2026-01-06 06:48:35.775000+00:00,2026-01-06 06:48:35.926490+00:00,215.775,0.445,0.44,0.45,0.555,0.55,0.56,,,,
2026-01-06 06:48:36.782000+00:00,2026-01-06 06:48:36.924992+00:00,216.782,0.435,0.43,0.44,0.565,0.56,0.57,,,,
2026-01-06 06:48:37.776000+00:00,2026-01-06 06:48:37.939135+00:00,217.776,0.445,0.44,0.45,0.555,0.55,0.56,,,,
2026-01-06 06:48:38.810000+00:00,2026-01-06 06:48:38.955476+00:00,218.81,0.435,0.43,0.44,0.565,0.56,0.57,,,,
2026-01-06 06:48:39.877000+00:00,2026-01-06 06:48:39.971160+00:00,219.877,0.435,0.43,0.44,0.565,0.56,0.57,,,,
2026-01-06 06:48:40.844000+00:00,2026-01-06 06:48:40.967599+00:00,220.844,0.595,0.59,0.6,0.425,0.42,0.43,,,,
2026-01-06 06:48:41.859000+00:00,2026-01-06 06:48:41.981666+00:00,221.859,0.565,0.56,0.57,0.435,0.43,0.44,,,,
2026-01-06 06:48:42.848000+00:00,2026-01-06 06:48:42.981978+00:00,222.848,0.565,0.56,0.57,0.435,0.43,0.44,,,,
2026-01-06 06:48:43.718000+00:00,2026-01-06 06:48:43.988418+00:00,223.718,0.555,0.55,0.56,0.445,0.44,0.45,,,,
2026-01-06 06:48:44.850000+00:00,2026-01-06 06:48:44.984827+00:00,224.85,0.545,0.54,0.55,0.445,0.44,0.45,,,,
2026-01-06 06:48:45.542000+00:00,2026-01-06 06:48:45.988622+00:00,225.542,0.555,0.55,0.56,0.445,0.44,0.45,,,,
2026-01-06 06:48:46.847000+00:00,2026-01-06 06:48:46.995976+00:00,226.847,0.575,0.57,0.58,0.445,0.44,0.45,,,,
2026-01-06 06:48:47.878000+00:00,2026-01-06 06:48:48.008301+00:00,227.878,0.525,0.52,0.53,0.475,0.47,0.48,,,,
2026-01-06 06:48:48.863000+00:00,2026-01-06 06:48:49.004888+00:00,228.863,0.52,0.51,0.53,0.475,0.47,0.48,,,,
2026-01-06 06:48:49.820000+00:00,2026-01-06 06:48:50.011177+00:00,229.82,0.53,0.52,0.54,0.47,0.46,0.48,,,,
2026-01-06 06:48:50.905000+00:00,2026-01-06 06:48:51.038957+00:00,230.905,0.535,0.53,0.54,0.4649999999999999,0.46,0.47,,,,
2026-01-06 06:48:51.885000+00:00,2026-01-06 06:48:52.038028+00:00,231.885,0.545,0.54,0.55,0.455,0.45,0.46,,,,
2026-01-06 06:48:52.772000+00:00,2026-01-06 06:48:53.050367+00:00,232.772,0.545,0.54,0.55,0.455,0.45,0.46,,,,
2026-01-06 06:48:53.903000+00:00,2026-01-06 06:48:54.056068+00:00,233.903,0.555,0.55,0.56,0.445,0.44,0.45,,,,
2026-01-06 06:48:54.910000+00:00,2026-01-06 06:48:55.057197+00:00,234.91,0.555,0.55,0.56,0.445,0.44,0.45,,,,
2026-01-06 06:48:55.922000+00:00,2026-01-06 06:48:56.071239+00:00,235.922,0.54,0.53,0.55,0.4649999999999999,0.46,0.47,,,,
2026-01-06 06:48:56.890000+00:00,2026-01-06 06:48:57.068284+00:00,236.89,0.545,0.53,0.56,0.4549999999999999,0.44,0.47,,,,
2026-01-06 06:48:57.937000+00:00,2026-01-06 06:48:58.080019+00:00,237.937,0.535,0.52,0.55,0.4649999999999999,0.45,0.48,,,,
2026-01-06 06:48:58.961000+00:00,2026-01-06 06:48:59.091997+00:00,238.961,0.515,0.51,0.52,0.485,0.48,0.49,,,,
2026-01-06 06:48:59.968000+00:00,2026-01-06 06:49:00.103827+00:00,239.968,0.52,0.51,0.53,0.48,0.47,0.49,,,,
2026-01-06 06:49:00.893000+00:00,2026-01-06 06:49:01.114995+00:00,240.893,0.525,0.52,0.53,0.475,0.47,0.48,,,,
2026-01-06 06:49:01.988000+00:00,2026-01-06 06:49:02.123788+00:00,241.988,0.515,0.51,0.52,0.485,0.48,0.49,,,,
2026-01-06 06:49:02.961000+00:00,2026-01-06 06:49:03.128514+00:00,242.961,0.51,0.5,0.52,0.49,0.48,0.5,,,,
2026-01-06 06:49:03.938000+00:00,2026-01-06 06:49:04.131131+00:00,243.938,0.505,0.5,0.51,0.495,0.49,0.5,,,,
2026-01-06 06:49:04.872000+00:00,2026-01-06 06:49:05.142573+00:00,244.872,0.5,0.49,0.51,0.5,0.49,0.51,,,,
2026-01-06 06:49:06.996000+00:00,2026-01-06 06:49:07.154442+00:00,246.996,0.495,0.49,0.5,0.505,0.5,0.51,,,,
2026-01-06 06:49:07.966000+00:00,2026-01-06 06:49:08.154533+00:00,247.966,0.495,0.49,0.5,0.505,0.5,0.51,,,,
2026-01-06 06:49:09.033000+00:00,2026-01-06 06:49:09.160289+00:00,249.033,0.495,0.49,0.5,0.505,0.5,0.51,,,,
2026-01-06 06:49:10.040000+00:00,2026-01-06 06:49:10.175144+00:00,250.04,0.495,0.49,0.5,0.505,0.5,0.51,,,,
2026-01-06 06:49:11.058000+00:00,2026-01-06 06:49:11.190798+00:00,251.058,0.545,0.54,0.55,0.415,0.4,0.43,,,,
2026-01-06 06:49:12.054000+00:00,2026-01-06 06:49:12.186456+00:00,252.054,0.5700000000000001,0.55,0.59,0.43,0.41,0.45,,,,
2026-01-06 06:49:13.043000+00:00,2026-01-06 06:49:13.199583+00:00,253.043,0.56,0.54,0.58,0.4449999999999999,0.42,0.47,,,,
2026-01-06 06:49:14.090000+00:00,2026-01-06 06:49:14.215792+00:00,254.09,0.535,0.53,0.54,0.4649999999999999,0.46,0.47,,,,
2026-01-06 06:49:15.163000+00:00,2026-01-06 06:49:15.215106+00:00,255.163,0.545,0.54,0.55,0.4599999999999999,0.45,0.47,,,,
2026-01-06 06:49:16.059000+00:00,2026-01-06 06:49:16.224913+00:00,256.059,0.535,0.53,0.54,0.4649999999999999,0.46,0.47,,,,
2026-01-06 06:49:17.094000+00:00,2026-01-06 06:49:17.228920+00:00,257.094,0.56,0.55,0.57,0.44,0.43,0.45,,,,
2026-01-06 06:49:18.059000+00:00,2026-01-06 06:49:18.239086+00:00,258.059,0.56,0.54,0.58,0.44,0.42,0.46,,,,
2026-01-06 06:49:19.116000+00:00,2026-01-06 06:49:19.234166+00:00,259.116,0.545,0.54,0.55,0.455,0.45,0.46,,,,
2026-01-06 06:49:20.007000+00:00,2026-01-06 06:49:20.236491+00:00,260.007,0.5549999999999999,0.54,0.57,0.44,0.43,0.45,,,,
2026-01-06 06:49:21.097000+00:00,2026-01-06 06:49:21.250052+00:00,261.097,0.555,0.55,0.56,0.445,0.44,0.45,,,,
2026-01-06 06:49:22.119000+00:00,2026-01-06 06:49:22.272325+00:00,262.119,0.555,0.55,0.56,0.445,0.44,0.45,,,,
2026-01-06 06:49:23.110000+00:00,2026-01-06 06:49:23.281083+00:00,263.11,0.555,0.55,0.56,0.445,0.44,0.45,,,,
2026-01-06 06:49:24.145000+00:00,2026-01-06 06:49:24.278983+00:00,264.145,0.54,0.53,0.55,0.4599999999999999,0.45,0.47,,,,
2026-01-06 06:49:25.156000+00:00,2026-01-06 06:49:25.303538+00:00,265.156,0.54,0.53,0.55,0.4599999999999999,0.45,0.47,,,,
2026-01-06 06:49:26.162000+00:00,2026-01-06 06:49:26.303604+00:00,266.162,0.545,0.54,0.55,0.455,0.45,0.46,,,,
2026-01-06 06:49:27.175000+00:00,2026-01-06 06:49:27.305317+00:00,267.175,0.545,0.54,0.55,0.455,0.45,0.46,,,,
2026-01-06 06:49:28.025000+00:00,2026-01-06 06:49:28.320404+00:00,268.025,0.545,0.54,0.55,0.455,0.45,0.46,,,,
2026-01-06 06:49:29.130000+00:00,2026-01-06 06:49:29.339067+00:00,269.13,0.545,0.54,0.55,0.455,0.45,0.46,,,,
2026-01-06 06:49:30.030000+00:00,2026-01-06 06:49:30.345454+00:00,270.03,0.545,0.54,0.55,0.455,0.45,0.46,,,,
2026-01-06 06:49:31.185000+00:00,2026-01-06 06:49:31.346578+00:00,271.185,0.545,0.54,0.55,0.455,0.45,0.46,,,,
2026-01-06 06:49:32.220000+00:00,2026-01-06 06:49:32.353953+00:00,272.22,0.545,0.54,0.55,0.455,0.45,0.46,,,,
2026-01-06 06:49:33.224000+00:00,2026-01-06 06:49:33.353658+00:00,273.224,0.525,0.52,0.53,0.475,0.47,0.48,,,,
2026-01-06 06:49:34.213000+00:00,2026-01-06 06:49:34.370450+00:00,274.213,0.525,0.52,0.53,0.475,0.47,0.48,,,,
2026-01-06 06:49:35.233000+00:00,2026-01-06 06:49:35.393141+00:00,275.233,0.53,0.52,0.54,0.47,0.46,0.48,,,,
2026-01-06 06:49:36.244000+00:00,2026-01-06 06:49:36.394361+00:00,276.244,0.53,0.52,0.54,0.47,0.46,0.48,,,,
2026-01-06 06:49:37.251000+00:00,2026-01-06 06:49:37.411384+00:00,277.251,0.525,0.52,0.53,0.475,0.47,0.48,,,,
2026-01-06 06:49:38.273000+00:00,2026-01-06 06:49:38.418053+00:00,278.273,0.525,0.52,0.53,0.475,0.47,0.48,,,,
2026-01-06 06:49:39.297000+00:00,2026-01-06 06:49:39.432238+00:00,279.297,0.525,0.52,0.53,0.475,0.47,0.48,,,,
2026-01-06 06:49:40.309000+00:00,2026-01-06 06:49:40.436205+00:00,280.309,0.525,0.52,0.53,0.47,0.46,0.48,,,,
2026-01-06 06:49:41.245000+00:00,2026-01-06 06:49:41.438804+00:00,281.245,0.53,0.52,0.54,0.47,0.46,0.48,,,,
2026-01-06 06:49:42.269000+00:00,2026-01-06 06:49:42.433910+00:00,282.269,0.53,0.52,0.54,0.47,0.46,0.48,,,,
2026-01-06 06:49:43.239000+00:00,2026-01-06 06:49:43.444347+00:00,283.239,0.535,0.53,0.54,0.4649999999999999,0.46,0.47,,,,
2026-01-06 06:49:44.298000+00:00,2026-01-06 06:49:44.446149+00:00,284.298,0.535,0.53,0.54,0.4649999999999999,0.46,0.47,,,,
2026-01-06 06:49:45.318000+00:00,2026-01-06 06:49:45.451690+00:00,285.318,0.535,0.53,0.54,0.4649999999999999,0.46,0.47,,,,
2026-01-06 06:49:46.285000+00:00,2026-01-06 06:49:46.454824+00:00,286.285,0.535,0.53,0.54,0.4649999999999999,0.46,0.47,,,,
2026-01-06 06:49:47.323000+00:00,2026-01-06 06:49:47.469197+00:00,287.323,0.545,0.54,0.55,0.455,0.45,0.46,,,,
2026-01-06 06:49:48.327000+00:00,2026-01-06 06:49:48.485730+00:00,288.327,0.545,0.54,0.55,0.455,0.45,0.46,,,,
2026-01-06 06:49:49.374000+00:00,2026-01-06 06:49:49.505140+00:00,289.374,0.545,0.54,0.55,0.455,0.45,0.46,,,,
2026-01-06 06:49:50.364000+00:00,2026-01-06 06:49:50.506829+00:00,290.364,0.545,0.54,0.55,0.45,0.44,0.46,,,,
2026-01-06 06:49:51.369000+00:00,2026-01-06 06:49:51.516440+00:00,291.369,0.555,0.55,0.56,0.445,0.44,0.45,,,,
2026-01-06 06:49:52.351000+00:00,2026-01-06 06:49:52.519163+00:00,292.351,0.55,0.54,0.56,0.45,0.44,0.46,,,,
2026-01-06 06:49:53.392000+00:00,2026-01-06 06:49:53.518958+00:00,293.392,0.545,0.54,0.55,0.45,0.44,0.46,,,,
2026-01-06 06:49:54.392000+00:00,2026-01-06 06:49:54.521739+00:00,294.392,0.555,0.55,0.56,0.445,0.44,0.45,,,,
2026-01-06 06:49:55.394000+00:00,2026-01-06 06:49:55.534264+00:00,295.394,0.58,0.57,0.59,0.42,0.41,0.43,,,,
2026-01-06 06:49:56.303000+00:00,2026-01-06 06:49:56.540250+00:00,296.303,0.5700000000000001,0.56,0.58,0.43,0.42,0.44,,,,
2026-01-06 06:49:57.460000+00:00,2026-01-06 06:49:57.552470+00:00,297.46,0.565,0.56,0.57,0.425,0.41,0.44,,,,
2026-01-06 06:49:58.402000+00:00,2026-01-06 06:49:58.561859+00:00,298.402,0.5700000000000001,0.56,0.58,0.43,0.42,0.44,,,,
2026-01-06 06:49:59.407000+00:00,2026-01-06 06:49:59.566345+00:00,299.407,0.56,0.55,0.57,0.44,0.43,0.45,,,,
2026-01-06 06:50:00.460000+00:00,2026-01-06 06:50:00.591292+00:00,300.46,0.56,0.55,0.57,0.425,0.41,0.44,,,,
2026-01-06 06:50:01.423000+00:00,2026-01-06 06:50:01.590531+00:00,301.423,0.5700000000000001,0.56,0.58,0.43,0.42,0.44,,,,
2026-01-06 06:50:02.404000+00:00,2026-01-06 06:50:02.601452+00:00,302.404,0.565,0.56,0.57,0.435,0.43,0.44,,,,
2026-01-06 06:50:03.360000+00:00,2026-01-06 06:50:03.618827+00:00,303.36,0.575,0.56,0.59,0.425,0.41,0.44,,,,
2026-01-06 06:50:04.487000+00:00,2026-01-06 06:50:04.619924+00:00,304.487,0.5700000000000001,0.56,0.58,0.43,0.42,0.44,,,,
2026-01-06 06:50:05.489000+00:00,2026-01-06 06:50:05.635870+00:00,305.489,0.56,0.55,0.57,0.435,0.43,0.44,,,,
2026-01-06 06:50:06.476000+00:00,2026-01-06 06:50:06.635274+00:00,306.476,0.58,0.57,0.59,0.425,0.42,0.43,,,,
2026-01-06 06:50:07.450000+00:00,2026-01-06 06:50:07.635632+00:00,307.45,0.5700000000000001,0.56,0.58,0.43,0.42,0.44,,,,
2026-01-06 06:50:08.532000+00:00,2026-01-06 06:50:08.654654+00:00,308.532,0.565,0.56,0.57,0.43,0.42,0.44,,,,
2026-01-06 06:50:09.542000+00:00,2026-01-06 06:50:09.674227+00:00,309.542,0.58,0.57,0.59,0.42,0.41,0.43,,,,
2026-01-06 06:50:10.548000+00:00,2026-01-06 06:50:10.689724+00:00,310.548,0.58,0.57,0.59,0.42,0.41,0.43,,,,
2026-01-06 06:50:11.561000+00:00,2026-01-06 06:50:11.700131+00:00,311.561,0.58,0.57,0.59,0.42,0.41,0.43,,,,
2026-01-06 06:50:12.593000+00:00,2026-01-06 06:50:12.718813+00:00,312.593,0.58,0.57,0.59,0.415,0.4,0.43,,,,
2026-01-06 06:50:13.533000+00:00,2026-01-06 06:50:13.716632+00:00,313.533,0.605,0.6,0.61,0.385,0.38,0.39,,,,
2026-01-06 06:50:14.540000+00:00,2026-01-06 06:50:14.723831+00:00,314.54,0.615,0.61,0.62,0.38,0.37,0.39,,,,
2026-01-06 06:50:15.563000+00:00,2026-01-06 06:50:15.733297+00:00,315.563,0.615,0.61,0.62,0.385,0.38,0.39,,,,
2026-01-06 06:50:16.586000+00:00,2026-01-06 06:50:16.734455+00:00,316.586,0.62,0.61,0.63,0.38,0.37,0.39,,,,
2026-01-06 06:50:17.461000+00:00,2026-01-06 06:50:17.732011+00:00,317.461,0.635,0.62,0.65,0.37,0.36,0.38,,,,
2026-01-06 06:50:18.607000+00:00,2026-01-06 06:50:18.738180+00:00,318.607,0.605,0.6,0.61,0.395,0.39,0.4,,,,
2026-01-06 06:50:19.603000+00:00,2026-01-06 06:50:19.753485+00:00,319.603,0.575,0.57,0.58,0.425,0.42,0.43,,,,
2026-01-06 06:50:20.627000+00:00,2026-01-06 06:50:20.749978+00:00,320.627,0.575,0.57,0.58,0.425,0.42,0.43,,,,
2026-01-06 06:50:21.655000+00:00,2026-01-06 06:50:21.766340+00:00,321.655,0.575,0.57,0.58,0.425,0.42,0.43,,,,
2026-01-06 06:50:22.638000+00:00,2026-01-06 06:50:22.783786+00:00,322.638,0.585,0.58,0.59,0.415,0.41,0.42,,,,
2026-01-06 06:50:23.631000+00:00,2026-01-06 06:50:23.800517+00:00,323.631,0.585,0.58,0.59,0.415,0.41,0.42,,,,
2026-01-06 06:50:24.634000+00:00,2026-01-06 06:50:24.801952+00:00,324.634,0.585,0.58,0.59,0.415,0.41,0.42,,,,
2026-01-06 06:50:25.617000+00:00,2026-01-06 06:50:25.809934+00:00,325.617,0.585,0.58,0.59,0.415,0.41,0.42,,,,
2026-01-06 06:50:26.674000+00:00,2026-01-06 06:50:26.816294+00:00,326.674,0.585,0.57,0.6,0.415,0.4,0.43,,,,
2026-01-06 06:50:27.680000+00:00,2026-01-06 06:50:27.818522+00:00,327.68,0.575,0.57,0.58,0.42,0.41,0.43,,,,
2026-01-06 06:50:28.658000+00:00,2026-01-06 06:50:28.819030+00:00,328.658,0.575,0.57,0.58,0.435,0.43,0.44,,,,
2026-01-06 06:50:29.582000+00:00,2026-01-06 06:50:29.817410+00:00,329.582,0.565,0.56,0.57,0.435,0.43,0.44,,,,
2026-01-06 06:50:30.678000+00:00,2026-01-06 06:50:30.832572+00:00,330.678,0.555,0.55,0.56,0.445,0.44,0.45,,,,
2026-01-06 06:50:31.698000+00:00,2026-01-06 06:50:31.836891+00:00,331.698,0.565,0.56,0.57,0.435,0.43,0.44,,,,
2026-01-06 06:50:32.709000+00:00,2026-01-06 06:50:32.853641+00:00,332.709,0.565,0.56,0.57,0.435,0.43,0.44,,,,
2026-01-06 06:50:33.725000+00:00,2026-01-06 06:50:33.852792+00:00,333.725,0.5700000000000001,0.56,0.58,0.43,0.42,0.44,,,,
2026-01-06 06:50:34.709000+00:00,2026-01-06 06:50:34.856909+00:00,334.709,0.5700000000000001,0.56,0.58,0.43,0.42,0.44,,,,
2026-01-06 06:50:35.709000+00:00,2026-01-06 06:50:35.865801+00:00,335.709,0.5700000000000001,0.56,0.58,0.43,0.42,0.44,,,,
2026-01-06 06:50:36.688000+00:00,2026-01-06 06:50:36.867722+00:00,336.688,0.5700000000000001,0.56,0.58,0.43,0.42,0.44,,,,
2026-01-06 06:50:37.726000+00:00,2026-01-06 06:50:37.884574+00:00,337.726,0.5700000000000001,0.56,0.58,0.425,0.42,0.43,,,,
2026-01-06 06:50:38.774000+00:00,2026-01-06 06:50:38.907505+00:00,338.774,0.585,0.58,0.59,0.42,0.41,0.43,,,,
2026-01-06 06:50:39.748000+00:00,2026-01-06 06:50:39.919515+00:00,339.748,0.58,0.57,0.59,0.42,0.41,0.43,,,,
2026-01-06 06:50:40.805000+00:00,2026-01-06 06:50:40.942105+00:00,340.805,0.565,0.56,0.57,0.435,0.43,0.44,,,,
2026-01-06 06:50:41.716000+00:00,2026-01-06 06:50:41.951131+00:00,341.716,0.565,0.56,0.57,0.435,0.43,0.44,,,,
2026-01-06 06:50:42.837000+00:00,2026-01-06 06:50:42.967563+00:00,342.837,0.555,0.55,0.56,0.435,0.43,0.44,,,,
2026-01-06 06:50:43.751000+00:00,2026-01-06 06:50:43.977626+00:00,343.751,0.565,0.56,0.57,0.435,0.43,0.44,,,,
2026-01-06 06:50:44.845000+00:00,2026-01-06 06:50:44.986350+00:00,344.845,0.565,0.56,0.57,0.43,0.42,0.44,,,,
2026-01-06 06:50:45.844000+00:00,2026-01-06 06:50:45.988777+00:00,345.844,0.5700000000000001,0.56,0.58,0.435,0.42,0.45,,,,
2026-01-06 06:50:46.877000+00:00,2026-01-06 06:50:47.010304+00:00,346.877,0.5700000000000001,0.56,0.58,0.435,0.43,0.44,,,,
2026-01-06 06:50:47.879000+00:00,2026-01-06 06:50:48.017504+00:00,347.879,0.565,0.56,0.57,0.435,0.43,0.44,,,,
2026-01-06 06:50:48.896000+00:00,2026-01-06 06:50:49.023891+00:00,348.896,0.56,0.55,0.57,0.44,0.43,0.45,,,,
2026-01-06 06:50:49.910000+00:00,2026-01-06 06:50:50.036027+00:00,349.91,0.565,0.56,0.57,0.435,0.43,0.44,,,,
2026-01-06 06:50:50.887000+00:00,2026-01-06 06:50:51.050102+00:00,350.887,0.565,0.56,0.57,0.435,0.43,0.44,,,,
2026-01-06 06:50:51.920000+00:00,2026-01-06 06:50:52.048919+00:00,351.92,0.5700000000000001,0.56,0.58,0.435,0.43,0.44,,,,
2026-01-06 06:50:52.929000+00:00,2026-01-06 06:50:53.067566+00:00,352.929,0.555,0.55,0.56,0.445,0.44,0.45,,,,
2026-01-06 06:50:53.942000+00:00,2026-01-06 06:50:54.078778+00:00,353.942,0.55,0.54,0.56,0.445,0.43,0.46,,,,
2026-01-06 06:50:54.902000+00:00,2026-01-06 06:50:55.083364+00:00,354.902,0.55,0.54,0.56,0.445,0.43,0.46,,,,
2026-01-06 06:50:55.957000+00:00,2026-01-06 06:50:56.100133+00:00,355.957,0.55,0.54,0.56,0.445,0.44,0.45,,,,
2026-01-06 06:50:56.957000+00:00,2026-01-06 06:50:57.113053+00:00,356.957,0.56,0.55,0.57,0.44,0.43,0.45,,,,
2026-01-06 06:50:57.902000+00:00,2026-01-06 06:50:58.122135+00:00,357.902,0.56,0.55,0.57,0.44,0.43,0.45,,,,
2026-01-06 06:50:58.960000+00:00,2026-01-06 06:50:59.135482+00:00,358.96,0.5549999999999999,0.54,0.57,0.445,0.43,0.46,,,,
2026-01-06 06:50:59.982000+00:00,2026-01-06 06:51:00.133037+00:00,359.982,0.56,0.55,0.57,0.44,0.43,0.45,,,,
2026-01-06 06:51:01.002000+00:00,2026-01-06 06:51:01.132868+00:00,361.002,0.56,0.55,0.57,0.445,0.43,0.46,,,,
2026-01-06 06:51:02.012000+00:00,2026-01-06 06:51:02.139687+00:00,362.012,0.535,0.53,0.54,0.485,0.48,0.49,,,,
2026-01-06 06:51:03.006000+00:00,2026-01-06 06:51:03.133379+00:00,363.006,0.455,0.45,0.46,0.545,0.54,0.55,,,,
2026-01-06 06:51:04.010000+00:00,2026-01-06 06:51:04.135906+00:00,364.01,0.495,0.49,0.5,0.505,0.5,0.51,,,,
2026-01-06 06:51:05.005000+00:00,2026-01-06 06:51:05.150361+00:00,365.005,0.495,0.49,0.5,0.505,0.5,0.51,,,,
2026-01-06 06:51:06.039000+00:00,2026-01-06 06:51:06.166353+00:00,366.039,0.485,0.48,0.49,0.51,0.5,0.52,,,,
2026-01-06 06:51:07.041000+00:00,2026-01-06 06:51:07.181993+00:00,367.041,0.485,0.48,0.49,0.515,0.51,0.52,,,,
2026-01-06 06:51:08.052000+00:00,2026-01-06 06:51:08.197099+00:00,368.052,0.47,0.46,0.48,0.525,0.52,0.53,,,,
2026-01-06 06:51:09.074000+00:00,2026-01-06 06:51:09.198923+00:00,369.074,0.455,0.45,0.46,0.545,0.54,0.55,,,,
2026-01-06 06:51:10.073000+00:00,2026-01-06 06:51:10.204085+00:00,370.073,0.455,0.45,0.46,0.545,0.54,0.55,,,,
2026-01-06 06:51:11.090000+00:00,2026-01-06 06:51:11.211791+00:00,371.09,0.405,0.4,0.41,0.595,0.59,0.6,,,,
2026-01-06 06:51:12.085000+00:00,2026-01-06 06:51:12.234784+00:00,372.085,0.405,0.4,0.41,0.615,0.61,0.62,,,,
2026-01-06 06:51:13.123000+00:00,2026-01-06 06:51:13.250144+00:00,373.123,0.375,0.37,0.38,0.625,0.62,0.63,,,,
2026-01-06 06:51:14.032000+00:00,2026-01-06 06:51:14.261072+00:00,374.032,0.375,0.37,0.38,0.625,0.62,0.63,,,,
2026-01-06 06:51:15.129000+00:00,2026-01-06 06:51:15.261258+00:00,375.129,0.395,0.39,0.4,0.605,0.6,0.61,,,,
2026-01-06 06:51:16.147000+00:00,2026-01-06 06:51:16.269000+00:00,376.147,0.37,0.36,0.38,0.63,0.62,0.64,,,,
2026-01-06 06:51:17.147000+00:00,2026-01-06 06:51:17.275313+00:00,377.147,0.365,0.36,0.37,0.635,0.63,0.64,,,,
2026-01-06 06:51:18.160000+00:00,2026-01-06 06:51:18.291415+00:00,378.16,0.31,0.3,0.32,0.685,0.68,0.69,,,,
2026-01-06 06:51:19.153000+00:00,2026-01-06 06:51:19.287730+00:00,379.153,0.315,0.31,0.32,0.685,0.68,0.69,,,,
2026-01-06 06:51:20.166000+00:00,2026-01-06 06:51:20.308386+00:00,380.166,0.315,0.31,0.32,0.685,0.68,0.69,,,,
2026-01-06 06:51:21.191000+00:00,2026-01-06 06:51:21.321742+00:00,381.191,0.305,0.29,0.32,0.69,0.68,0.7,,,,
2026-01-06 06:51:22.193000+00:00,2026-01-06 06:51:22.334614+00:00,382.193,0.32,0.31,0.33,0.6799999999999999,0.67,0.69,,,,
2026-01-06 06:51:23.231000+00:00,2026-01-06 06:51:23.334611+00:00,383.231,0.33,0.32,0.34,0.665,0.66,0.67,,,,
2026-01-06 06:51:24.206000+00:00,2026-01-06 06:51:24.341698+00:00,384.206,0.3399999999999999,0.33,0.35,0.665,0.66,0.67,,,,
2026-01-06 06:51:25.239000+00:00,2026-01-06 06:51:25.366183+00:00,385.239,0.345,0.34,0.35,0.655,0.65,0.66,,,,
2026-01-06 06:51:26.228000+00:00,2026-01-06 06:51:26.359282+00:00,386.228,0.355,0.35,0.36,0.645,0.64,0.65,,,,
2026-01-06 06:51:27.228000+00:00,2026-01-06 06:51:27.367527+00:00,387.228,0.355,0.35,0.36,0.645,0.64,0.65,,,,
2026-01-06 06:51:28.262000+00:00,2026-01-06 06:51:28.394354+00:00,388.262,0.335,0.33,0.34,0.7,0.68,0.72,,,,
2026-01-06 06:51:29.280000+00:00,2026-01-06 06:51:29.412382+00:00,389.28,0.285,0.28,0.29,0.715,0.71,0.72,,,,
2026-01-06 06:51:30.290000+00:00,2026-01-06 06:51:30.416122+00:00,390.29,0.245,0.24,0.25,0.755,0.75,0.76,,,,
2026-01-06 06:51:31.283000+00:00,2026-01-06 06:51:31.432692+00:00,391.283,0.245,0.24,0.25,0.755,0.75,0.76,,,,
2026-01-06 06:51:32.304000+00:00,2026-01-06 06:51:32.434260+00:00,392.304,0.245,0.24,0.25,0.755,0.75,0.76,,,,
2026-01-06 06:51:33.298000+00:00,2026-01-06 06:51:33.432345+00:00,393.298,0.255,0.25,0.26,0.745,0.74,0.75,,,,
2026-01-06 06:51:34.285000+00:00,2026-01-06 06:51:34.431972+00:00,394.285,0.255,0.25,0.26,0.765,0.76,0.77,,,,
2026-01-06 06:51:35.252000+00:00,2026-01-06 06:51:35.439259+00:00,395.252,0.245,0.24,0.25,0.755,0.75,0.76,,,,
2026-01-06 06:51:36.294000+00:00,2026-01-06 06:51:36.429998+00:00,396.294,0.245,0.24,0.25,0.755,0.75,0.76,,,,
2026-01-06 06:51:37.300000+00:00,2026-01-06 06:51:37.439294+00:00,397.3,0.265,0.25,0.28,0.73,0.72,0.74,,,,
2026-01-06 06:51:38.319000+00:00,2026-01-06 06:51:38.450676+00:00,398.319,0.265,0.26,0.27,0.735,0.73,0.74,,,,
2026-01-06 06:51:39.331000+00:00,2026-01-06 06:51:39.464912+00:00,399.331,0.205,0.2,0.21,0.795,0.79,0.8,,,,
2026-01-06 06:51:40.256000+00:00,2026-01-06 06:51:40.464076+00:00,400.256,0.195,0.19,0.2,0.8,0.79,0.81,,,,
2026-01-06 06:51:41.345000+00:00,2026-01-06 06:51:41.482105+00:00,401.345,0.2249999999999999,0.21,0.24,0.77,0.76,0.78,,,,
2026-01-06 06:51:42.352000+00:00,2026-01-06 06:51:42.481872+00:00,402.352,0.24,0.23,0.25,0.755,0.75,0.76,,,,
2026-01-06 06:51:43.365000+00:00,2026-01-06 06:51:43.500398+00:00,403.365,0.265,0.26,0.27,0.73,0.72,0.74,,,,
2026-01-06 06:51:44.341000+00:00,2026-01-06 06:51:44.514939+00:00,404.341,0.275,0.27,0.28,0.725,0.72,0.73,,,,
2026-01-06 06:51:45.352000+00:00,2026-01-06 06:51:45.513297+00:00,405.352,0.275,0.27,0.28,0.725,0.72,0.73,,,,
2026-01-06 06:51:46.449000+00:00,2026-01-06 06:51:46.529614+00:00,406.449,0.27,0.26,0.28,0.73,0.72,0.74,,,,
2026-01-06 06:51:47.306000+00:00,2026-01-06 06:51:47.549410+00:00,407.306,0.27,0.26,0.28,0.73,0.72,0.74,,,,
2026-01-06 06:51:48.513000+00:00,2026-01-06 06:51:48.563240+00:00,408.513,0.27,0.26,0.28,0.73,0.72,0.74,,,,
2026-01-06 06:51:49.454000+00:00,2026-01-06 06:51:49.581750+00:00,409.454,0.275,0.27,0.28,0.725,0.72,0.73,,,,
2026-01-06 06:51:50.443000+00:00,2026-01-06 06:51:50.592871+00:00,410.443,0.275,0.27,0.28,0.725,0.72,0.73,,,,
2026-01-06 06:51:51.458000+00:00,2026-01-06 06:51:51.598629+00:00,411.458,0.285,0.28,0.29,0.715,0.71,0.72,,,,
2026-01-06 06:51:52.463000+00:00,2026-01-06 06:51:52.596892+00:00,412.463,0.295,0.29,0.3,0.705,0.7,0.71,,,,
2026-01-06 06:51:53.464000+00:00,2026-01-06 06:51:53.615050+00:00,413.464,0.295,0.29,0.3,0.705,0.7,0.71,,,,
2026-01-06 06:51:54.488000+00:00,2026-01-06 06:51:54.617574+00:00,414.488,0.3,0.29,0.31,0.7,0.69,0.71,,,,
2026-01-06 06:51:55.463000+00:00,2026-01-06 06:51:55.618057+00:00,415.463,0.305,0.3,0.31,0.695,0.69,0.7,,,,
2026-01-06 06:51:56.474000+00:00,2026-01-06 06:51:56.615892+00:00,416.474,0.315,0.31,0.32,0.685,0.68,0.69,,,,
2026-01-06 06:51:57.454000+00:00,2026-01-06 06:51:57.628857+00:00,417.454,0.315,0.31,0.32,0.685,0.68,0.69,,,,
2026-01-06 06:51:58.504000+00:00,2026-01-06 06:51:58.644258+00:00,418.504,0.315,0.31,0.32,0.685,0.68,0.69,,,,
2026-01-06 06:51:59.527000+00:00,2026-01-06 06:51:59.664195+00:00,419.527,0.315,0.31,0.32,0.685,0.68,0.69,,,,
2026-01-06 06:52:00.551000+00:00,2026-01-06 06:52:00.679882+00:00,420.551,0.31,0.3,0.32,0.69,0.68,0.7,,,,
2026-01-06 06:52:01.523000+00:00,2026-01-06 06:52:01.693639+00:00,421.523,0.305,0.3,0.31,0.695,0.69,0.7,,,,
2026-01-06 06:52:02.576000+00:00,2026-01-06 06:52:02.711705+00:00,422.576,0.295,0.29,0.3,0.705,0.7,0.71,,,,
2026-01-06 06:52:03.607000+00:00,2026-01-06 06:52:03.733674+00:00,423.607,0.295,0.29,0.3,0.705,0.7,0.71,,,,
2026-01-06 06:52:04.602000+00:00,2026-01-06 06:52:04.733299+00:00,424.602,0.285,0.28,0.29,0.7,0.68,0.72,,,,
2026-01-06 06:52:05.579000+00:00,2026-01-06 06:52:05.753645+00:00,425.579,0.31,0.3,0.32,0.69,0.68,0.7,,,,
2026-01-06 06:52:06.630000+00:00,2026-01-06 06:52:06.767595+00:00,426.63,0.31,0.3,0.32,0.69,0.68,0.7,,,,
2026-01-06 06:52:07.603000+00:00,2026-01-06 06:52:07.765092+00:00,427.603,0.31,0.3,0.32,0.695,0.69,0.7,,,,
2026-01-06 06:52:08.578000+00:00,2026-01-06 06:52:08.769720+00:00,428.578,0.3,0.29,0.31,0.7,0.69,0.71,,,,
2026-01-06 06:52:09.610000+00:00,2026-01-06 06:52:09.770485+00:00,429.61,0.3,0.29,0.31,0.7,0.69,0.71,,,,
2026-01-06 06:52:10.544000+00:00,2026-01-06 06:52:10.766904+00:00,430.544,0.29,0.28,0.3,0.71,0.7,0.72,,,,
2026-01-06 06:52:11.650000+00:00,2026-01-06 06:52:11.781077+00:00,431.65,0.3,0.29,0.31,0.695,0.69,0.7,,,,
2026-01-06 06:52:12.502000+00:00,2026-01-06 06:52:12.797286+00:00,432.502,0.295,0.29,0.3,0.705,0.7,0.71,,,,
2026-01-06 06:52:13.644000+00:00,2026-01-06 06:52:13.800899+00:00,433.644,0.295,0.29,0.3,0.705,0.7,0.71,,,,
2026-01-06 06:52:14.498000+00:00,2026-01-06 06:52:14.813413+00:00,434.498,0.295,0.29,0.3,0.705,0.7,0.71,,,,
2026-01-06 06:52:15.542000+00:00,2026-01-06 06:52:15.816740+00:00,435.542,0.295,0.29,0.3,0.705,0.7,0.71,,,,
2026-01-06 06:52:16.687000+00:00,2026-01-06 06:52:16.829906+00:00,436.687,0.295,0.29,0.3,0.6950000000000001,0.68,0.71,,,,
2026-01-06 06:52:17.670000+00:00,2026-01-06 06:52:17.833838+00:00,437.67,0.315,0.31,0.32,0.6799999999999999,0.67,0.69,,,,
2026-01-06 06:52:18.645000+00:00,2026-01-06 06:52:18.849066+00:00,438.645,0.32,0.31,0.33,0.6799999999999999,0.67,0.69,,,,
2026-01-06 06:52:19.752000+00:00,2026-01-06 06:52:19.869479+00:00,439.752,0.32,0.31,0.33,0.6799999999999999,0.67,0.69,,,,
2026-01-06 06:52:20.744000+00:00,2026-01-06 06:52:20.882434+00:00,440.744,0.345,0.33,0.36,0.65,0.64,0.66,,,,
2026-01-06 06:52:21.757000+00:00,2026-01-06 06:52:21.896896+00:00,441.757,0.355,0.35,0.36,0.645,0.64,0.65,,,,
2026-01-06 06:52:22.700000+00:00,2026-01-06 06:52:22.904066+00:00,442.7,0.355,0.35,0.36,0.645,0.64,0.65,,,,
2026-01-06 06:52:23.769000+00:00,2026-01-06 06:52:23.900812+00:00,443.769,0.355,0.35,0.36,0.645,0.64,0.65,,,,
2026-01-06 06:52:24.787000+00:00,2026-01-06 06:52:24.920112+00:00,444.787,0.365,0.36,0.37,0.645,0.64,0.65,,,,
2026-01-06 06:52:25.773000+00:00,2026-01-06 06:52:25.912713+00:00,445.773,0.365,0.36,0.37,0.635,0.63,0.64,,,,
2026-01-06 06:52:26.764000+00:00,2026-01-06 06:52:26.912668+00:00,446.764,0.365,0.36,0.37,0.635,0.63,0.64,,,,
2026-01-06 06:52:27.762000+00:00,2026-01-06 06:52:27.913151+00:00,447.762,0.365,0.36,0.37,0.635,0.63,0.64,,,,
2026-01-06 06:52:28.822000+00:00,2026-01-06 06:52:28.918850+00:00,448.822,0.365,0.36,0.37,0.635,0.63,0.64,,,,
2026-01-06 06:52:29.772000+00:00,2026-01-06 06:52:29.917210+00:00,449.772,0.365,0.36,0.37,0.635,0.63,0.64,,,,
2026-01-06 06:52:30.718000+00:00,2026-01-06 06:52:30.930310+00:00,450.718,0.365,0.36,0.37,0.635,0.63,0.64,,,,
2026-01-06 06:52:31.800000+00:00,2026-01-06 06:52:31.929898+00:00,451.8,0.3399999999999999,0.33,0.35,0.66,0.65,0.67,,,,
2026-01-06 06:52:32.808000+00:00,2026-01-06 06:52:32.946238+00:00,452.808,0.345,0.34,0.35,0.655,0.65,0.66,,,,
2026-01-06 06:52:33.867000+00:00,2026-01-06 06:52:33.953127+00:00,453.867,0.355,0.35,0.36,0.645,0.64,0.65,,,,
2026-01-06 06:52:34.721000+00:00,2026-01-06 06:52:34.970299+00:00,454.721,0.355,0.35,0.36,0.645,0.64,0.65,,,,
2026-01-06 06:52:35.834000+00:00,2026-01-06 06:52:35.966837+00:00,455.834,0.36,0.35,0.37,0.64,0.63,0.65,,,,
2026-01-06 06:52:36.844000+00:00,2026-01-06 06:52:36.981136+00:00,456.844,0.365,0.36,0.37,0.635,0.63,0.64,,,,
2026-01-06 06:52:37.864000+00:00,2026-01-06 06:52:37.996344+00:00,457.864,0.365,0.36,0.37,0.635,0.63,0.64,,,,
2026-01-06 06:52:38.864000+00:00,2026-01-06 06:52:38.995950+00:00,458.864,0.345,0.34,0.35,0.655,0.65,0.66,,,,
2026-01-06 06:52:39.844000+00:00,2026-01-06 06:52:40.010669+00:00,459.844,0.335,0.33,0.34,0.675,0.67,0.68,,,,
2026-01-06 06:52:40.892000+00:00,2026-01-06 06:52:41.022835+00:00,460.892,0.325,0.32,0.33,0.675,0.67,0.68,,,,
2026-01-06 06:52:41.905000+00:00,2026-01-06 06:52:42.032755+00:00,461.905,0.305,0.3,0.31,0.71,0.69,0.73,,,,
2026-01-06 06:52:42.912000+00:00,2026-01-06 06:52:43.047696+00:00,462.912,0.295,0.29,0.3,0.705,0.7,0.71,,,,
2026-01-06 06:52:43.888000+00:00,2026-01-06 06:52:44.057845+00:00,463.888,0.285,0.28,0.29,0.715,0.71,0.72,,,,
2026-01-06 06:52:44.938000+00:00,2026-01-06 06:52:45.070167+00:00,464.938,0.245,0.22,0.27,0.76,0.74,0.78,,,,
2026-01-06 06:52:45.950000+00:00,2026-01-06 06:52:46.095837+00:00,465.95,0.235,0.23,0.24,0.77,0.76,0.78,,,,
2026-01-06 06:52:46.974000+00:00,2026-01-06 06:52:47.101426+00:00,466.974,0.225,0.22,0.23,0.775,0.77,0.78,,,,
2026-01-06 06:52:47.923000+00:00,2026-01-06 06:52:48.106989+00:00,467.923,0.2299999999999999,0.22,0.24,0.77,0.76,0.78,,,,
2026-01-06 06:52:48.846000+00:00,2026-01-06 06:52:49.104965+00:00,468.846,0.2299999999999999,0.22,0.24,0.77,0.76,0.78,,,,
2026-01-06 06:52:49.962000+00:00,2026-01-06 06:52:50.127581+00:00,469.962,0.2299999999999999,0.22,0.24,0.77,0.76,0.78,,,,
2026-01-06 06:52:50.974000+00:00,2026-01-06 06:52:51.118766+00:00,470.974,0.225,0.22,0.23,0.775,0.77,0.78,,,,
2026-01-06 06:52:51.974000+00:00,2026-01-06 06:52:52.128528+00:00,471.974,0.235,0.23,0.24,0.77,0.76,0.78,,,,
2026-01-06 06:52:52.915000+00:00,2026-01-06 06:52:53.145952+00:00,472.915,0.245,0.24,0.25,0.755,0.75,0.76,,,,
2026-01-06 06:52:53.907000+00:00,2026-01-06 06:52:54.144082+00:00,473.907,0.245,0.24,0.25,0.755,0.75,0.76,,,,
2026-01-06 06:52:54.986000+00:00,2026-01-06 06:52:55.150762+00:00,474.986,0.25,0.24,0.26,0.75,0.74,0.76,,,,
2026-01-06 06:52:56.030000+00:00,2026-01-06 06:52:56.162301+00:00,476.03,0.265,0.26,0.27,0.73,0.72,0.74,,,,
2026-01-06 06:52:57.043000+00:00,2026-01-06 06:52:57.178903+00:00,477.043,0.27,0.26,0.28,0.73,0.72,0.74,,,,
2026-01-06 06:52:58.985000+00:00,2026-01-06 06:52:59.194760+00:00,478.985,0.27,0.26,0.28,0.73,0.72,0.74,,,,
2026-01-06 06:53:00.080000+00:00,2026-01-06 06:53:00.209781+00:00,480.08,0.265,0.26,0.27,0.735,0.73,0.74,,,,
2026-01-06 06:53:01.027000+00:00,2026-01-06 06:53:01.211774+00:00,481.027,0.265,0.26,0.27,0.735,0.73,0.74,,,,
2026-01-06 06:53:02.020000+00:00,2026-01-06 06:53:02.225620+00:00,482.02,0.27,0.26,0.28,0.73,0.72,0.74,,,,
2026-01-06 06:53:03.100000+00:00,2026-01-06 06:53:03.226782+00:00,483.1,0.265,0.26,0.27,0.735,0.73,0.74,,,,
2026-01-06 06:53:04.095000+00:00,2026-01-06 06:53:04.223745+00:00,484.095,0.29,0.28,0.3,0.705,0.69,0.72,,,,
2026-01-06 06:53:05.098000+00:00,2026-01-06 06:53:05.220819+00:00,485.098,0.315,0.31,0.32,0.6799999999999999,0.67,0.69,,,,
2026-01-06 06:53:06.107000+00:00,2026-01-06 06:53:06.241757+00:00,486.107,0.295,0.29,0.3,0.705,0.7,0.71,,,,
2026-01-06 06:53:07.113000+00:00,2026-01-06 06:53:07.251012+00:00,487.113,0.27,0.26,0.28,0.73,0.72,0.74,,,,
2026-01-06 06:53:08.117000+00:00,2026-01-06 06:53:08.261381+00:00,488.117,0.27,0.26,0.28,0.73,0.72,0.74,,,,
2026-01-06 06:53:09.126000+00:00,2026-01-06 06:53:09.268044+00:00,489.126,0.27,0.26,0.28,0.73,0.72,0.74,,,,
2026-01-06 06:53:10.057000+00:00,2026-01-06 06:53:10.265742+00:00,490.057,0.27,0.26,0.28,0.73,0.72,0.74,,,,
2026-01-06 06:53:11.129000+00:00,2026-01-06 06:53:11.278605+00:00,491.129,0.255,0.25,0.26,0.75,0.74,0.76,,,,
2026-01-06 06:53:12.024000+00:00,2026-01-06 06:53:12.279273+00:00,492.024,0.245,0.24,0.25,0.75,0.74,0.76,,,,
2026-01-06 06:53:13.033000+00:00,2026-01-06 06:53:13.298465+00:00,493.033,0.25,0.24,0.26,0.75,0.74,0.76,,,,
2026-01-06 06:53:14.024000+00:00,2026-01-06 06:53:14.295223+00:00,494.024,0.25,0.24,0.26,0.75,0.74,0.76,,,,
2026-01-06 06:53:15.134000+00:00,2026-01-06 06:53:15.311150+00:00,495.134,0.25,0.24,0.26,0.75,0.74,0.76,,,,
2026-01-06 06:53:16.168000+00:00,2026-01-06 06:53:16.319636+00:00,496.168,0.25,0.24,0.26,0.75,0.74,0.76,,,,
2026-01-06 06:53:17.196000+00:00,2026-01-06 06:53:17.326379+00:00,497.196,0.245,0.24,0.25,0.755,0.75,0.76,,,,
2026-01-06 06:53:18.178000+00:00,2026-01-06 06:53:18.329646+00:00,498.178,0.245,0.24,0.25,0.755,0.75,0.76,,,,
2026-01-06 06:53:19.204000+00:00,2026-01-06 06:53:19.344803+00:00,499.204,0.25,0.24,0.26,0.75,0.74,0.76,,,,
2026-01-06 06:53:20.184000+00:00,2026-01-06 06:53:20.343033+00:00,500.184,0.255,0.25,0.26,0.745,0.74,0.75,,,,
2026-01-06 06:53:21.038000+00:00,2026-01-06 06:53:21.352489+00:00,501.038,0.25,0.24,0.26,0.75,0.74,0.76,,,,
2026-01-06 06:53:22.136000+00:00,2026-01-06 06:53:22.351154+00:00,502.136,0.245,0.24,0.25,0.755,0.75,0.76,,,,
2026-01-06 06:53:23.201000+00:00,2026-01-06 06:53:23.364043+00:00,503.201,0.235,0.23,0.24,0.765,0.76,0.77,,,,
2026-01-06 06:53:24.233000+00:00,2026-01-06 06:53:24.362676+00:00,504.233,0.235,0.23,0.24,0.775,0.76,0.79,,,,
2026-01-06 06:53:25.128000+00:00,2026-01-06 06:53:25.376397+00:00,505.128,0.2299999999999999,0.22,0.24,0.77,0.76,0.78,,,,
2026-01-06 06:53:26.253000+00:00,2026-01-06 06:53:26.394250+00:00,506.253,0.25,0.24,0.26,0.75,0.74,0.76,,,,
2026-01-06 06:53:27.892000+00:00,2026-01-06 06:53:28.413196+00:00,507.892,0.25,0.24,0.26,0.75,0.74,0.76,,,,
2026-01-06 06:53:29.139000+00:00,2026-01-06 06:53:29.426955+00:00,509.139,0.25,0.24,0.26,0.75,0.74,0.76,,,,
2026-01-06 06:53:30.194000+00:00,2026-01-06 06:53:30.432103+00:00,510.194,0.25,0.24,0.26,0.755,0.75,0.76,,,,
2026-01-06 06:53:31.299000+00:00,2026-01-06 06:53:31.431829+00:00,511.299,0.215,0.2,0.23,0.795,0.79,0.8,,,,
2026-01-06 06:53:32.280000+00:00,2026-01-06 06:53:32.432975+00:00,512.28,0.205,0.2,0.21,0.795,0.79,0.8,,,,
2026-01-06 06:53:33.308000+00:00,2026-01-06 06:53:33.443928+00:00,513.308,0.205,0.2,0.21,0.795,0.79,0.8,,,,
2026-01-06 06:53:34.303000+00:00,2026-01-06 06:53:34.448529+00:00,514.303,0.2,0.19,0.21,0.8,0.79,0.81,,,,
2026-01-06 06:53:35.331000+00:00,2026-01-06 06:53:35.454870+00:00,515.331,0.2,0.19,0.21,0.8,0.79,0.81,,,,
2026-01-06 06:53:36.335000+00:00,2026-01-06 06:53:36.464980+00:00,516.335,0.2,0.19,0.21,0.8,0.79,0.81,,,,
2026-01-06 06:53:37.343000+00:00,2026-01-06 06:53:37.466588+00:00,517.343,0.185,0.18,0.19,0.815,0.81,0.82,,,,
2026-01-06 06:53:38.300000+00:00,2026-01-06 06:53:38.461125+00:00,518.3,0.2,0.19,0.21,0.815,0.8,0.83,,,,
2026-01-06 06:53:39.234000+00:00,2026-01-06 06:53:39.459825+00:00,519.234,0.195,0.19,0.2,0.805,0.8,0.81,,,,
2026-01-06 06:53:40.314000+00:00,2026-01-06 06:53:40.466657+00:00,520.314,0.185,0.18,0.19,0.815,0.81,0.82,,,,
2026-01-06 06:53:41.316000+00:00,2026-01-06 06:53:41.459477+00:00,521.316,0.19,0.18,0.2,0.81,0.8,0.82,,,,
2026-01-06 06:53:42.326000+00:00,2026-01-06 06:53:42.465662+00:00,522.326,0.195,0.19,0.2,0.81,0.8,0.82,,,,
2026-01-06 06:53:43.120000+00:00,2026-01-06 06:53:43.460286+00:00,523.12,0.175,0.17,0.18,0.825,0.82,0.83,,,,
2026-01-06 06:53:44.255000+00:00,2026-01-06 06:53:44.460166+00:00,524.255,0.155,0.15,0.16,0.845,0.84,0.85,,,,
2026-01-06 06:53:45.248000+00:00,2026-01-06 06:53:45.475645+00:00,525.248,0.16,0.15,0.17,0.84,0.83,0.85,,,,
2026-01-06 06:53:46.356000+00:00,2026-01-06 06:53:46.492998+00:00,526.356,0.16,0.15,0.17,0.84,0.83,0.85,,,,
2026-01-06 06:53:47.327000+00:00,2026-01-06 06:53:47.500137+00:00,527.327,0.16,0.15,0.17,0.84,0.83,0.85,,,,
2026-01-06 06:53:48.350000+00:00,2026-01-06 06:53:48.512178+00:00,528.35,0.175,0.17,0.18,0.825,0.82,0.83,,,,
2026-01-06 06:53:49.371000+00:00,2026-01-06 06:53:49.509958+00:00,529.371,0.16,0.15,0.17,0.84,0.83,0.85,,,,
2026-01-06 06:53:50.369000+00:00,2026-01-06 06:53:50.527345+00:00,530.369,0.175,0.17,0.18,0.825,0.82,0.83,,,,
2026-01-06 06:53:51.390000+00:00,2026-01-06 06:53:51.534419+00:00,531.39,0.1699999999999999,0.16,0.18,0.83,0.82,0.84,,,,
2026-01-06 06:53:52.359000+00:00,2026-01-06 06:53:52.547691+00:00,532.359,0.175,0.17,0.18,0.825,0.82,0.83,,,,
2026-01-06 06:53:53.283000+00:00,2026-01-06 06:53:53.559618+00:00,533.283,0.175,0.17,0.18,0.825,0.82,0.83,,,,
2026-01-06 06:53:54.304000+00:00,2026-01-06 06:53:54.576144+00:00,534.304,0.185,0.18,0.19,0.815,0.81,0.82,,,,
2026-01-06 06:53:55.443000+00:00,2026-01-06 06:53:55.577071+00:00,535.443,0.18,0.17,0.19,0.8200000000000001,0.81,0.83,,,,
2026-01-06 06:53:56.383000+00:00,2026-01-06 06:53:56.576994+00:00,536.383,0.18,0.17,0.19,0.8200000000000001,0.81,0.83,,,,
2026-01-06 06:53:57.441000+00:00,2026-01-06 06:53:57.593481+00:00,537.441,0.185,0.18,0.19,0.815,0.81,0.82,,,,
2026-01-06 06:53:58.470000+00:00,2026-01-06 06:53:58.590941+00:00,538.47,0.175,0.17,0.18,0.825,0.82,0.83,,,,
2026-01-06 06:53:59.477000+00:00,2026-01-06 06:53:59.609309+00:00,539.477,0.175,0.17,0.18,0.825,0.82,0.83,,,,
2026-01-06 06:54:00.501000+00:00,2026-01-06 06:54:00.626231+00:00,540.501,0.185,0.18,0.19,0.81,0.8,0.82,,,,
2026-01-06 06:54:01.492000+00:00,2026-01-06 06:54:01.632045+00:00,541.492,0.185,0.18,0.19,0.815,0.81,0.82,,,,
2026-01-06 06:54:02.502000+00:00,2026-01-06 06:54:02.645824+00:00,542.502,0.185,0.18,0.19,0.8,0.79,0.81,,,,
2026-01-06 06:54:03.462000+00:00,2026-01-06 06:54:03.645078+00:00,543.462,0.2,0.19,0.21,0.8,0.79,0.81,,,,
2026-01-06 06:54:04.511000+00:00,2026-01-06 06:54:04.645049+00:00,544.511,0.16,0.15,0.17,0.845,0.84,0.85,,,,
2026-01-06 06:54:05.531000+00:00,2026-01-06 06:54:05.659178+00:00,545.531,0.15,0.14,0.16,0.85,0.84,0.86,,,,
2026-01-06 06:54:06.549000+00:00,2026-01-06 06:54:06.676511+00:00,546.549,0.16,0.15,0.17,0.835,0.83,0.84,,,,
2026-01-06 06:54:07.560000+00:00,2026-01-06 06:54:07.693453+00:00,547.56,0.19,0.18,0.2,0.81,0.8,0.82,,,,
2026-01-06 06:54:08.551000+00:00,2026-01-06 06:54:08.706173+00:00,548.551,0.19,0.18,0.2,0.81,0.8,0.82,,,,
2026-01-06 06:54:09.480000+00:00,2026-01-06 06:54:09.716282+00:00,549.48,0.18,0.17,0.19,0.8200000000000001,0.81,0.83,,,,
2026-01-06 06:54:10.577000+00:00,2026-01-06 06:54:10.719604+00:00,550.577,0.18,0.17,0.19,0.8200000000000001,0.81,0.83,,,,
2026-01-06 06:54:11.597000+00:00,2026-01-06 06:54:11.728509+00:00,551.597,0.16,0.15,0.17,0.84,0.83,0.85,,,,
2026-01-06 06:54:12.399000+00:00,2026-01-06 06:54:12.753049+00:00,552.399,0.16,0.15,0.17,0.84,0.83,0.85,,,,
2026-01-06 06:54:13.614000+00:00,2026-01-06 06:54:13.743864+00:00,553.614,0.16,0.15,0.17,0.84,0.83,0.85,,,,
2026-01-06 06:54:14.612000+00:00,2026-01-06 06:54:14.761289+00:00,554.612,0.1699999999999999,0.16,0.18,0.825,0.82,0.83,,,,
2026-01-06 06:54:15.548000+00:00,2026-01-06 06:54:15.761848+00:00,555.548,0.1699999999999999,0.16,0.18,0.835,0.83,0.84,,,,
2026-01-06 06:54:16.527000+00:00,2026-01-06 06:54:16.760668+00:00,556.527,0.165,0.16,0.17,0.835,0.83,0.84,,,,
2026-01-06 06:54:17.549000+00:00,2026-01-06 06:54:17.776978+00:00,557.549,0.165,0.16,0.17,0.835,0.83,0.84,,,,
2026-01-06 06:54:18.657000+00:00,2026-01-06 06:54:18.791797+00:00,558.657,0.165,0.16,0.17,0.835,0.83,0.84,,,,
2026-01-06 06:54:19.638000+00:00,2026-01-06 06:54:19.806075+00:00,559.638,0.165,0.16,0.17,0.835,0.83,0.84,,,,
2026-01-06 06:54:20.673000+00:00,2026-01-06 06:54:20.827763+00:00,560.673,0.155,0.15,0.16,0.845,0.84,0.85,,,,
2026-01-06 06:54:21.698000+00:00,2026-01-06 06:54:21.833260+00:00,561.698,0.155,0.15,0.16,0.825,0.81,0.84,,,,
2026-01-06 06:54:22.701000+00:00,2026-01-06 06:54:22.842262+00:00,562.701,0.185,0.18,0.19,0.815,0.81,0.82,,,,
2026-01-06 06:54:23.740000+00:00,2026-01-06 06:54:23.865701+00:00,563.74,0.175,0.17,0.18,0.795,0.78,0.81,,,,
2026-01-06 06:54:24.603000+00:00,2026-01-06 06:54:24.877760+00:00,564.603,0.21,0.2,0.22,0.79,0.78,0.8,,,,
2026-01-06 06:54:25.738000+00:00,2026-01-06 06:54:25.891373+00:00,565.738,0.21,0.2,0.22,0.79,0.78,0.8,,,,
2026-01-06 06:54:26.747000+00:00,2026-01-06 06:54:26.914415+00:00,566.747,0.215,0.21,0.22,0.785,0.78,0.79,,,,
2026-01-06 06:54:27.632000+00:00,2026-01-06 06:54:27.910121+00:00,567.632,0.215,0.21,0.22,0.785,0.78,0.79,,,,
2026-01-06 06:54:28.789000+00:00,2026-01-06 06:54:28.932274+00:00,568.789,0.205,0.2,0.21,0.8,0.79,0.81,,,,
2026-01-06 06:54:29.750000+00:00,2026-01-06 06:54:29.935627+00:00,569.75,0.2,0.19,0.21,0.8,0.79,0.81,,,,
2026-01-06 06:54:30.802000+00:00,2026-01-06 06:54:30.950018+00:00,570.802,0.205,0.2,0.21,0.795,0.79,0.8,,,,
2026-01-06 06:54:31.808000+00:00,2026-01-06 06:54:31.962743+00:00,571.808,0.21,0.2,0.22,0.785,0.78,0.79,,,,
2026-01-06 06:54:32.735000+00:00,2026-01-06 06:54:32.958128+00:00,572.735,0.215,0.21,0.22,0.785,0.78,0.79,,,,
2026-01-06 06:54:33.664000+00:00,2026-01-06 06:54:33.974097+00:00,573.664,0.21,0.2,0.22,0.79,0.78,0.8,,,,
2026-01-06 06:54:34.716000+00:00,2026-01-06 06:54:34.996830+00:00,574.716,0.21,0.2,0.22,0.79,0.78,0.8,,,,
2026-01-06 06:54:35.801000+00:00,2026-01-06 06:54:35.998682+00:00,575.801,0.215,0.21,0.22,0.785,0.78,0.79,,,,
2026-01-06 06:54:36.713000+00:00,2026-01-06 06:54:36.997343+00:00,576.713,0.225,0.22,0.23,0.78,0.77,0.79,,,,
2026-01-06 06:54:37.844000+00:00,2026-01-06 06:54:38.006953+00:00,577.844,0.22,0.21,0.23,0.78,0.77,0.79,,,,
2026-01-06 06:54:38.877000+00:00,2026-01-06 06:54:39.011434+00:00,578.877,0.2299999999999999,0.22,0.24,0.77,0.76,0.78,,,,
2026-01-06 06:54:39.882000+00:00,2026-01-06 06:54:40.018432+00:00,579.882,0.225,0.22,0.23,0.775,0.77,0.78,,,,
2026-01-06 06:54:40.770000+00:00,2026-01-06 06:54:41.032856+00:00,580.77,0.225,0.22,0.23,0.775,0.77,0.78,,,,
2026-01-06 06:54:41.554000+00:00,2026-01-06 06:54:42.034567+00:00,581.554,0.2299999999999999,0.22,0.24,0.77,0.76,0.78,,,,
2026-01-06 06:54:42.911000+00:00,2026-01-06 06:54:43.046815+00:00,582.911,0.225,0.22,0.23,0.775,0.77,0.78,,,,
2026-01-06 06:54:43.815000+00:00,2026-01-06 06:54:44.060223+00:00,583.815,0.2299999999999999,0.22,0.24,0.77,0.76,0.78,,,,
2026-01-06 06:54:44.913000+00:00,2026-01-06 06:54:45.057661+00:00,584.913,0.2299999999999999,0.22,0.24,0.77,0.76,0.78,,,,
2026-01-06 06:54:45.819000+00:00,2026-01-06 06:54:46.059666+00:00,585.819,0.225,0.22,0.23,0.785,0.78,0.79,,,,
2026-01-06 06:54:46.935000+00:00,2026-01-06 06:54:47.064210+00:00,586.935,0.215,0.21,0.22,0.785,0.78,0.79,,,,
2026-01-06 06:54:47.990000+00:00,2026-01-06 06:54:48.080872+00:00,587.99,0.235,0.22,0.25,0.765,0.75,0.78,,,,
2026-01-06 06:54:48.902000+00:00,2026-01-06 06:54:49.094261+00:00,588.902,0.24,0.23,0.25,0.76,0.75,0.77,,,,
2026-01-06 06:54:49.915000+00:00,2026-01-06 06:54:50.098009+00:00,589.915,0.24,0.23,0.25,0.765,0.75,0.78,,,,
2026-01-06 06:54:51.986000+00:00,2026-01-06 06:54:52.114309+00:00,591.986,0.205,0.2,0.21,0.795,0.79,0.8,,,,
2026-01-06 06:54:52.987000+00:00,2026-01-06 06:54:53.127985+00:00,592.987,0.215,0.21,0.22,0.785,0.78,0.79,,,,
2026-01-06 06:54:53.964000+00:00,2026-01-06 06:54:54.144539+00:00,593.964,0.22,0.21,0.23,0.78,0.77,0.79,,,,
2026-01-06 06:54:54.663000+00:00,2026-01-06 06:54:55.162895+00:00,594.663,0.22,0.21,0.23,0.78,0.77,0.79,,,,
2026-01-06 06:54:55.961000+00:00,2026-01-06 06:54:56.162456+00:00,595.961,0.22,0.21,0.23,0.775,0.77,0.78,,,,
2026-01-06 06:54:56.926000+00:00,2026-01-06 06:54:57.173703+00:00,596.926,0.2299999999999999,0.22,0.24,0.77,0.76,0.78,,,,
2026-01-06 06:54:58.021000+00:00,2026-01-06 06:54:58.190895+00:00,598.021,0.2299999999999999,0.22,0.24,0.77,0.76,0.78,,,,
2026-01-06 06:54:59.052000+00:00,2026-01-06 06:54:59.197384+00:00,599.052,0.2299999999999999,0.22,0.24,0.77,0.76,0.78,,,,
2026-01-06 06:55:00.021000+00:00,2026-01-06 06:55:00.196317+00:00,600.021,0.2299999999999999,0.22,0.24,0.77,0.76,0.78,,,,
2026-01-06 06:55:01.069000+00:00,2026-01-06 06:55:01.200523+00:00,601.069,0.215,0.21,0.22,0.795,0.79,0.8,,,,
2026-01-06 06:55:02.074000+00:00,2026-01-06 06:55:02.206082+00:00,602.074,0.185,0.18,0.19,0.815,0.81,0.82,,,,
2026-01-06 06:55:03.071000+00:00,2026-01-06 06:55:03.210045+00:00,603.071,0.22,0.2,0.24,0.775,0.76,0.79,,,,
2026-01-06 06:55:04.073000+00:00,2026-01-06 06:55:04.226976+00:00,604.073,0.2299999999999999,0.22,0.24,0.765,0.76,0.77,,,,
2026-01-06 06:55:05.075000+00:00,2026-01-06 06:55:05.238925+00:00,605.075,0.225,0.22,0.23,0.78,0.77,0.79,,,,
2026-01-06 06:55:06.105000+00:00,2026-01-06 06:55:06.240130+00:00,606.105,0.215,0.21,0.22,0.77,0.76,0.78,,,,
2026-01-06 06:55:07.105000+00:00,2026-01-06 06:55:07.252440+00:00,607.105,0.225,0.22,0.23,0.78,0.77,0.79,,,,
2026-01-06 06:55:08.115000+00:00,2026-01-06 06:55:08.259692+00:00,608.115,0.2299999999999999,0.22,0.24,0.77,0.76,0.78,,,,
2026-01-06 06:55:09.141000+00:00,2026-01-06 06:55:09.276246+00:00,609.141,0.2299999999999999,0.22,0.24,0.77,0.76,0.78,,,,
2026-01-06 06:55:10.080000+00:00,2026-01-06 06:55:10.290549+00:00,610.08,0.2299999999999999,0.22,0.24,0.77,0.76,0.78,,,,
2026-01-06 06:55:11.158000+00:00,2026-01-06 06:55:11.302024+00:00,611.158,0.225,0.22,0.23,0.775,0.77,0.78,,,,
2026-01-06 06:55:12.183000+00:00,2026-01-06 06:55:12.310118+00:00,612.183,0.2,0.19,0.21,0.805,0.8,0.81,,,,
2026-01-06 06:55:13.184000+00:00,2026-01-06 06:55:13.327668+00:00,613.184,0.19,0.18,0.2,0.81,0.8,0.82,,,,
2026-01-06 06:55:14.208000+00:00,2026-01-06 06:55:14.339970+00:00,614.208,0.2,0.19,0.21,0.8,0.79,0.81,,,,
2026-01-06 06:55:15.208000+00:00,2026-01-06 06:55:15.341388+00:00,615.208,0.185,0.18,0.19,0.815,0.81,0.82,,,,
2026-01-06 06:55:16.121000+00:00,2026-01-06 06:55:16.357580+00:00,616.121,0.19,0.18,0.2,0.81,0.8,0.82,,,,
2026-01-06 06:55:17.211000+00:00,2026-01-06 06:55:17.372812+00:00,617.211,0.195,0.19,0.2,0.805,0.8,0.81,,,,
2026-01-06 06:55:18.246000+00:00,2026-01-06 06:55:18.374739+00:00,618.246,0.185,0.18,0.19,0.815,0.81,0.82,,,,
2026-01-06 06:55:19.158000+00:00,2026-01-06 06:55:19.389647+00:00,619.158,0.19,0.18,0.2,0.81,0.8,0.82,,,,
2026-01-06 06:55:20.188000+00:00,2026-01-06 06:55:20.398039+00:00,620.188,0.185,0.18,0.19,0.815,0.81,0.82,,,,
2026-01-06 06:55:21.251000+00:00,2026-01-06 06:55:21.406129+00:00,621.251,0.185,0.18,0.19,0.815,0.81,0.82,,,,
2026-01-06 06:55:22.226000+00:00,2026-01-06 06:55:22.416600+00:00,622.226,0.195,0.19,0.2,0.805,0.8,0.81,,,,
2026-01-06 06:55:23.285000+00:00,2026-01-06 06:55:23.426272+00:00,623.285,0.195,0.19,0.2,0.805,0.8,0.81,,,,
2026-01-06 06:55:24.291000+00:00,2026-01-06 06:55:24.432042+00:00,624.291,0.2,0.19,0.21,0.8,0.79,0.81,,,,
2026-01-06 06:55:25.145000+00:00,2026-01-06 06:55:25.439028+00:00,625.145,0.19,0.18,0.2,0.81,0.8,0.82,,,,
2026-01-06 06:55:26.312000+00:00,2026-01-06 06:55:26.461424+00:00,626.312,0.185,0.18,0.19,0.815,0.81,0.82,,,,
2026-01-06 06:55:27.318000+00:00,2026-01-06 06:55:27.455900+00:00,627.318,0.19,0.18,0.2,0.81,0.8,0.82,,,,
2026-01-06 06:55:28.014000+00:00,2026-01-06 06:55:28.459354+00:00,628.014,0.195,0.19,0.2,0.805,0.8,0.81,,,,
2026-01-06 06:55:29.327000+00:00,2026-01-06 06:55:29.464689+00:00,629.327,0.205,0.2,0.21,0.79,0.78,0.8,,,,
2026-01-06 06:55:30.314000+00:00,2026-01-06 06:55:30.470991+00:00,630.314,0.215,0.21,0.22,0.785,0.78,0.79,,,,
2026-01-06 06:55:31.124000+00:00,2026-01-06 06:55:31.471110+00:00,631.124,0.215,0.21,0.22,0.785,0.78,0.79,,,,
2026-01-06 06:55:32.336000+00:00,2026-01-06 06:55:32.470615+00:00,632.336,0.215,0.21,0.22,0.785,0.78,0.79,,,,
2026-01-06 06:55:33.322000+00:00,2026-01-06 06:55:33.479131+00:00,633.322,0.2,0.19,0.21,0.8,0.79,0.81,,,,
2026-01-06 06:55:34.325000+00:00,2026-01-06 06:55:34.490823+00:00,634.325,0.2,0.19,0.21,0.8,0.79,0.81,,,,
2026-01-06 06:55:35.343000+00:00,2026-01-06 06:55:35.501391+00:00,635.343,0.2,0.19,0.21,0.8,0.79,0.81,,,,
2026-01-06 06:55:36.319000+00:00,2026-01-06 06:55:36.506144+00:00,636.319,0.2,0.19,0.21,0.805,0.8,0.81,,,,
2026-01-06 06:55:37.376000+00:00,2026-01-06 06:55:37.511534+00:00,637.376,0.19,0.18,0.2,0.81,0.8,0.82,,,,
2026-01-06 06:55:38.381000+00:00,2026-01-06 06:55:38.511273+00:00,638.381,0.185,0.18,0.19,0.815,0.81,0.82,,,,
2026-01-06 06:55:39.389000+00:00,2026-01-06 06:55:39.521980+00:00,639.389,0.185,0.18,0.19,0.815,0.81,0.82,,,,
2026-01-06 06:55:40.383000+00:00,2026-01-06 06:55:40.519020+00:00,640.383,0.185,0.18,0.19,0.815,0.81,0.82,,,,
2026-01-06 06:55:41.331000+00:00,2026-01-06 06:55:41.547032+00:00,641.331,0.18,0.17,0.19,0.8200000000000001,0.81,0.83,,,,
2026-01-06 06:55:42.392000+00:00,2026-01-06 06:55:42.552915+00:00,642.392,0.155,0.14,0.17,0.84,0.82,0.86,,,,
2026-01-06 06:55:43.453000+00:00,2026-01-06 06:55:43.562935+00:00,643.453,0.145,0.14,0.15,0.855,0.85,0.86,,,,
2026-01-06 06:55:44.433000+00:00,2026-01-06 06:55:44.570783+00:00,644.433,0.14,0.13,0.15,0.855,0.85,0.86,,,,
2026-01-06 06:55:45.425000+00:00,2026-01-06 06:55:45.571876+00:00,645.425,0.145,0.14,0.15,0.86,0.85,0.87,,,,
2026-01-06 06:55:46.421000+00:00,2026-01-06 06:55:46.568832+00:00,646.421,0.13,0.12,0.14,0.87,0.86,0.88,,,,
2026-01-06 06:55:47.458000+00:00,2026-01-06 06:55:47.590884+00:00,647.458,0.145,0.14,0.15,0.84,0.83,0.85,,,,
2026-01-06 06:55:48.416000+00:00,2026-01-06 06:55:48.602960+00:00,648.416,0.16,0.15,0.17,0.84,0.83,0.85,,,,
2026-01-06 06:55:49.437000+00:00,2026-01-06 06:55:49.606560+00:00,649.437,0.16,0.15,0.17,0.84,0.83,0.85,,,,
2026-01-06 06:55:50.244000+00:00,2026-01-06 06:55:50.622266+00:00,650.244,0.1649999999999999,0.15,0.18,0.83,0.82,0.84,,,,
2026-01-06 06:55:51.417000+00:00,2026-01-06 06:55:51.636044+00:00,651.417,0.1699999999999999,0.16,0.18,0.835,0.83,0.84,,,,
2026-01-06 06:55:52.400000+00:00,2026-01-06 06:55:52.636479+00:00,652.4,0.165,0.16,0.17,0.835,0.83,0.84,,,,
2026-01-06 06:55:53.540000+00:00,2026-01-06 06:55:53.652616+00:00,653.54,0.16,0.15,0.17,0.84,0.83,0.85,,,,
2026-01-06 06:55:54.555000+00:00,2026-01-06 06:55:54.659739+00:00,654.555,0.1649999999999999,0.15,0.18,0.84,0.83,0.85,,,,
2026-01-06 06:55:55.536000+00:00,2026-01-06 06:55:55.672231+00:00,655.536,0.165,0.16,0.17,0.835,0.83,0.84,,,,
2026-01-06 06:55:56.465000+00:00,2026-01-06 06:55:56.688407+00:00,656.465,0.165,0.16,0.17,0.835,0.83,0.84,,,,
2026-01-06 06:55:57.370000+00:00,2026-01-06 06:55:57.704687+00:00,657.37,0.16,0.15,0.17,0.84,0.83,0.85,,,,
2026-01-06 06:55:58.517000+00:00,2026-01-06 06:55:58.704717+00:00,658.517,0.16,0.15,0.17,0.84,0.83,0.85,,,,
2026-01-06 06:55:59.563000+00:00,2026-01-06 06:55:59.704607+00:00,659.563,0.155,0.15,0.16,0.845,0.84,0.85,,,,
2026-01-06 06:56:00.585000+00:00,2026-01-06 06:56:00.719394+00:00,660.585,0.15,0.14,0.16,0.855,0.85,0.86,,,,
2026-01-06 06:56:01.597000+00:00,2026-01-06 06:56:01.727922+00:00,661.597,0.135,0.13,0.14,0.86,0.85,0.87,,,,
2026-01-06 06:56:02.603000+00:00,2026-01-06 06:56:02.734749+00:00,662.603,0.125,0.12,0.13,0.875,0.87,0.88,,,,
2026-01-06 06:56:03.586000+00:00,2026-01-06 06:56:03.735906+00:00,663.586,0.135,0.13,0.14,0.865,0.86,0.87,,,,
2026-01-06 06:56:04.587000+00:00,2026-01-06 06:56:04.739010+00:00,664.587,0.135,0.13,0.14,0.865,0.86,0.87,,,,
2026-01-06 06:56:05.599000+00:00,2026-01-06 06:56:05.746109+00:00,665.599,0.135,0.13,0.14,0.865,0.86,0.87,,,,
2026-01-06 06:56:06.462000+00:00,2026-01-06 06:56:06.763681+00:00,666.462,0.135,0.13,0.14,0.865,0.86,0.87,,,,
2026-01-06 06:56:07.624000+00:00,2026-01-06 06:56:07.770875+00:00,667.624,0.125,0.12,0.13,0.875,0.87,0.88,,,,
2026-01-06 06:56:08.612000+00:00,2026-01-06 06:56:08.787623+00:00,668.612,0.145,0.14,0.15,0.855,0.85,0.86,,,,
2026-01-06 06:56:09.666000+00:00,2026-01-06 06:56:09.792128+00:00,669.666,0.145,0.14,0.15,0.855,0.85,0.86,,,,
2026-01-06 06:56:10.583000+00:00,2026-01-06 06:56:10.804273+00:00,670.583,0.125,0.12,0.13,0.875,0.87,0.88,,,,
2026-01-06 06:56:11.582000+00:00,2026-01-06 06:56:11.804227+00:00,671.582,0.1149999999999999,0.11,0.12,0.885,0.88,0.89,,,,
2026-01-06 06:56:12.656000+00:00,2026-01-06 06:56:12.805922+00:00,672.656,0.125,0.12,0.13,0.87,0.86,0.88,,,,
2026-01-06 06:56:13.692000+00:00,2026-01-06 06:56:13.821406+00:00,673.692,0.175,0.16,0.19,0.8200000000000001,0.81,0.83,,,,
2026-01-06 06:56:14.682000+00:00,2026-01-06 06:56:14.823659+00:00,674.682,0.15,0.14,0.16,0.85,0.84,0.86,,,,
2026-01-06 06:56:15.690000+00:00,2026-01-06 06:56:15.823638+00:00,675.69,0.155,0.14,0.17,0.85,0.84,0.86,,,,
2026-01-06 06:56:16.712000+00:00,2026-01-06 06:56:16.839433+00:00,676.712,0.15,0.14,0.16,0.85,0.84,0.86,,,,
2026-01-06 06:56:17.694000+00:00,2026-01-06 06:56:17.844925+00:00,677.694,0.14,0.13,0.15,0.86,0.85,0.87,,,,
2026-01-06 06:56:18.648000+00:00,2026-01-06 06:56:18.840458+00:00,678.648,0.145,0.14,0.15,0.86,0.85,0.87,,,,
2026-01-06 06:56:19.486000+00:00,2026-01-06 06:56:19.857280+00:00,679.486,0.14,0.13,0.15,0.86,0.85,0.87,,,,
2026-01-06 06:56:20.668000+00:00,2026-01-06 06:56:20.870500+00:00,680.668,0.14,0.13,0.15,0.86,0.85,0.87,,,,
2026-01-06 06:56:21.667000+00:00,2026-01-06 06:56:21.864573+00:00,681.667,0.145,0.14,0.15,0.855,0.85,0.86,,,,
2026-01-06 06:56:22.645000+00:00,2026-01-06 06:56:22.870548+00:00,682.645,0.14,0.13,0.15,0.86,0.85,0.87,,,,
2026-01-06 06:56:23.754000+00:00,2026-01-06 06:56:23.887325+00:00,683.754,0.14,0.13,0.15,0.865,0.86,0.87,,,,
2026-01-06 06:56:24.727000+00:00,2026-01-06 06:56:24.903991+00:00,684.727,0.13,0.12,0.14,0.87,0.86,0.88,,,,
2026-01-06 06:56:25.772000+00:00,2026-01-06 06:56:25.917700+00:00,685.772,0.135,0.12,0.15,0.87,0.86,0.88,,,,
2026-01-06 06:56:26.810000+00:00,2026-01-06 06:56:26.942643+00:00,686.81,0.125,0.12,0.13,0.87,0.86,0.88,,,,
2026-01-06 06:56:27.722000+00:00,2026-01-06 06:56:27.936313+00:00,687.722,0.13,0.12,0.14,0.87,0.86,0.88,,,,
2026-01-06 06:56:28.801000+00:00,2026-01-06 06:56:28.953400+00:00,688.801,0.13,0.12,0.14,0.87,0.86,0.88,,,,
2026-01-06 06:56:29.828000+00:00,2026-01-06 06:56:29.974956+00:00,689.828,0.1149999999999999,0.11,0.12,0.885,0.88,0.89,,,,
2026-01-06 06:56:30.789000+00:00,2026-01-06 06:56:30.975576+00:00,690.789,0.115,0.1,0.13,0.89,0.88,0.9,,,,
2026-01-06 06:56:31.910000+00:00,2026-01-06 06:56:31.974574+00:00,691.91,0.12,0.11,0.13,0.88,0.87,0.89,,,,
2026-01-06 06:56:32.809000+00:00,2026-01-06 06:56:32.969506+00:00,692.809,0.1149999999999999,0.11,0.12,0.885,0.88,0.89,,,,
2026-01-06 06:56:33.845000+00:00,2026-01-06 06:56:33.986399+00:00,693.845,0.12,0.11,0.13,0.88,0.87,0.89,,,,
2026-01-06 06:56:34.856000+00:00,2026-01-06 06:56:34.985286+00:00,694.856,0.12,0.11,0.13,0.88,0.87,0.89,,,,
2026-01-06 06:56:35.613000+00:00,2026-01-06 06:56:35.986928+00:00,695.613,0.12,0.11,0.13,0.88,0.87,0.89,,,,
2026-01-06 06:56:36.814000+00:00,2026-01-06 06:56:36.992810+00:00,696.814,0.125,0.11,0.14,0.875,0.86,0.89,,,,
2026-01-06 06:56:37.873000+00:00,2026-01-06 06:56:38.005719+00:00,697.873,0.125,0.11,0.14,0.885,0.88,0.89,,,,
2026-01-06 06:56:38.862000+00:00,2026-01-06 06:56:39.003532+00:00,698.862,0.1149999999999999,0.11,0.12,0.885,0.88,0.89,,,,
2026-01-06 06:56:39.860000+00:00,2026-01-06 06:56:40.004787+00:00,699.86,0.1149999999999999,0.11,0.12,0.885,0.88,0.89,,,,
2026-01-06 06:56:40.874000+00:00,2026-01-06 06:56:41.019824+00:00,700.874,0.11,0.1,0.12,0.89,0.88,0.9,,,,
2026-01-06 06:56:41.902000+00:00,2026-01-06 06:56:42.032628+00:00,701.902,0.095,0.09,0.1,0.915,0.91,0.92,,,,
2026-01-06 06:56:42.899000+00:00,2026-01-06 06:56:43.034621+00:00,702.899,0.095,0.09,0.1,0.905,0.9,0.91,,,,
2026-01-06 06:56:43.858000+00:00,2026-01-06 06:56:44.036265+00:00,703.858,0.1,0.09,0.11,0.905,0.89,0.92,,,,
2026-01-06 06:56:44.912000+00:00,2026-01-06 06:56:45.050064+00:00,704.912,0.09,0.08,0.1,0.91,0.9,0.92,,,,
2026-01-06 06:56:45.836000+00:00,2026-01-06 06:56:46.067690+00:00,705.836,0.09,0.08,0.1,0.915,0.91,0.92,,,,
2026-01-06 06:56:46.929000+00:00,2026-01-06 06:56:47.070798+00:00,706.929,0.09,0.08,0.1,0.91,0.9,0.92,,,,
2026-01-06 06:56:47.805000+00:00,2026-01-06 06:56:48.072569+00:00,707.805,0.09,0.08,0.1,0.91,0.9,0.92,,,,
2026-01-06 06:56:48.935000+00:00,2026-01-06 06:56:49.086136+00:00,708.935,0.09,0.08,0.1,0.91,0.9,0.92,,,,
2026-01-06 06:56:49.951000+00:00,2026-01-06 06:56:50.096534+00:00,709.951,0.09,0.08,0.1,0.91,0.9,0.92,,,,
2026-01-06 06:56:50.948000+00:00,2026-01-06 06:56:51.103709+00:00,710.948,0.09,0.08,0.1,0.91,0.9,0.92,,,,
2026-01-06 06:56:51.886000+00:00,2026-01-06 06:56:52.102844+00:00,711.886,0.09,0.08,0.1,0.91,0.9,0.92,,,,
2026-01-06 06:56:52.957000+00:00,2026-01-06 06:56:53.102451+00:00,712.957,0.0849999999999999,0.08,0.09,0.915,0.91,0.92,,,,
2026-01-06 06:56:53.902000+00:00,2026-01-06 06:56:54.103486+00:00,713.902,0.09,0.08,0.1,0.91,0.9,0.92,,,,
2026-01-06 06:56:54.954000+00:00,2026-01-06 06:56:55.102162+00:00,714.954,0.095,0.09,0.1,0.9,0.89,0.91,,,,
2026-01-06 06:56:55.891000+00:00,2026-01-06 06:56:56.119402+00:00,715.891,0.11,0.1,0.12,0.89,0.88,0.9,,,,
2026-01-06 06:56:56.993000+00:00,2026-01-06 06:56:57.120825+00:00,716.993,0.095,0.09,0.1,0.905,0.9,0.91,,,,
2026-01-06 06:56:57.889000+00:00,2026-01-06 06:56:58.135669+00:00,717.889,0.095,0.09,0.1,0.91,0.9,0.92,,,,
2026-01-06 06:56:59.007000+00:00,2026-01-06 06:56:59.138472+00:00,719.007,0.095,0.09,0.1,0.905,0.9,0.91,,,,
2026-01-06 06:57:00.021000+00:00,2026-01-06 06:57:00.150097+00:00,720.021,0.095,0.09,0.1,0.905,0.9,0.91,,,,
2026-01-06 06:57:01.987000+00:00,2026-01-06 06:57:02.150061+00:00,721.987,0.09,0.08,0.1,0.91,0.9,0.92,,,,
2026-01-06 06:57:03.022000+00:00,2026-01-06 06:57:03.154575+00:00,723.022,0.09,0.08,0.1,0.915,0.9,0.93,,,,
2026-01-06 06:57:04.023000+00:00,2026-01-06 06:57:04.151077+00:00,724.023,0.08,0.07,0.09,0.92,0.91,0.93,,,,
2026-01-06 06:57:05.987000+00:00,2026-01-06 06:57:06.166378+00:00,725.987,0.08,0.07,0.09,0.92,0.91,0.93,,,,
2026-01-06 06:57:06.929000+00:00,2026-01-06 06:57:07.183796+00:00,726.929,0.09,0.08,0.1,0.91,0.9,0.92,,,,
2026-01-06 06:57:08.049000+00:00,2026-01-06 06:57:08.185995+00:00,728.049,0.09,0.08,0.1,0.91,0.9,0.92,,,,
2026-01-06 06:57:09.014000+00:00,2026-01-06 06:57:09.188147+00:00,729.014,0.09,0.07,0.11,0.91,0.89,0.93,,,,
2026-01-06 06:57:10.021000+00:00,2026-01-06 06:57:10.203844+00:00,730.021,0.0849999999999999,0.08,0.09,0.91,0.9,0.92,,,,
2026-01-06 06:57:11.062000+00:00,2026-01-06 06:57:11.217344+00:00,731.062,0.08,0.07,0.09,0.925,0.92,0.93,,,,
2026-01-06 06:57:12.088000+00:00,2026-01-06 06:57:12.220544+00:00,732.088,0.095,0.08,0.11,0.91,0.9,0.92,,,,
2026-01-06 06:57:13.104000+00:00,2026-01-06 06:57:13.236070+00:00,733.104,0.0849999999999999,0.06,0.11,0.915,0.89,0.94,,,,
2026-01-06 06:57:14.109000+00:00,2026-01-06 06:57:14.237541+00:00,734.109,0.0849999999999999,0.06,0.11,0.905,0.88,0.93,,,,
2026-01-06 06:57:15.099000+00:00,2026-01-06 06:57:15.252005+00:00,735.099,0.11,0.1,0.12,0.89,0.88,0.9,,,,
2026-01-06 06:57:16.111000+00:00,2026-01-06 06:57:16.251502+00:00,736.111,0.1,0.09,0.11,0.905,0.9,0.91,,,,
2026-01-06 06:57:17.021000+00:00,2026-01-06 06:57:17.266718+00:00,737.021,0.095,0.09,0.1,0.905,0.9,0.91,,,,
2026-01-06 06:57:18.051000+00:00,2026-01-06 06:57:18.268617+00:00,738.051,0.1,0.09,0.11,0.9,0.89,0.91,,,,
2026-01-06 06:57:19.098000+00:00,2026-01-06 06:57:19.272974+00:00,739.098,0.095,0.09,0.1,0.9,0.89,0.91,,,,
2026-01-06 06:57:20.150000+00:00,2026-01-06 06:57:20.282169+00:00,740.15,0.095,0.09,0.1,0.905,0.9,0.91,,,,
2026-01-06 06:57:21.158000+00:00,2026-01-06 06:57:21.288147+00:00,741.158,0.095,0.08,0.11,0.905,0.89,0.92,,,,
2026-01-06 06:57:22.164000+00:00,2026-01-06 06:57:22.298629+00:00,742.164,0.095,0.08,0.11,0.9,0.89,0.91,,,,
2026-01-06 06:57:23.154000+00:00,2026-01-06 06:57:23.297810+00:00,743.154,0.1,0.09,0.11,0.9,0.89,0.91,,,,
2026-01-06 06:57:24.136000+00:00,2026-01-06 06:57:24.299528+00:00,744.136,0.09,0.08,0.1,0.915,0.9,0.93,,,,
2026-01-06 06:57:25.174000+00:00,2026-01-06 06:57:25.316173+00:00,745.174,0.065,0.06,0.07,0.935,0.93,0.94,,,,
2026-01-06 06:57:26.195000+00:00,2026-01-06 06:57:26.332751+00:00,746.195,0.07,0.06,0.08,0.93,0.92,0.94,,,,
2026-01-06 06:57:27.174000+00:00,2026-01-06 06:57:27.350219+00:00,747.174,0.07,0.06,0.08,0.93,0.92,0.94,,,,
2026-01-06 06:57:28.205000+00:00,2026-01-06 06:57:28.352175+00:00,748.205,0.065,0.06,0.07,0.935,0.93,0.94,,,,
2026-01-06 06:57:29.219000+00:00,2026-01-06 06:57:29.366907+00:00,749.219,0.07,0.06,0.08,0.93,0.92,0.94,,,,
2026-01-06 06:57:30.237000+00:00,2026-01-06 06:57:30.375548+00:00,750.237,0.07,0.06,0.08,0.93,0.92,0.94,,,,
2026-01-06 06:57:31.231000+00:00,2026-01-06 06:57:31.376568+00:00,751.231,0.07,0.06,0.08,0.92,0.91,0.93,,,,
2026-01-06 06:57:32.579000+00:00,2026-01-06 06:57:33.393322+00:00,752.579,0.07,0.06,0.08,0.93,0.92,0.94,,,,
2026-01-06 06:57:34.275000+00:00,2026-01-06 06:57:34.416438+00:00,754.275,0.07,0.06,0.08,0.93,0.92,0.94,,,,
2026-01-06 06:57:35.278000+00:00,2026-01-06 06:57:35.424040+00:00,755.278,0.055,0.05,0.06,0.945,0.94,0.95,,,,
2026-01-06 06:57:36.279000+00:00,2026-01-06 06:57:36.440533+00:00,756.279,0.06,0.05,0.07,0.94,0.93,0.95,,,,
2026-01-06 06:57:37.206000+00:00,2026-01-06 06:57:37.449965+00:00,757.206,0.06,0.05,0.07,0.94,0.93,0.95,,,,
2026-01-06 06:57:38.278000+00:00,2026-01-06 06:57:38.442213+00:00,758.278,0.055,0.05,0.06,0.945,0.94,0.95,,,,
2026-01-06 06:57:39.368000+00:00,2026-01-06 06:57:39.442267+00:00,759.368,0.055,0.05,0.06,0.94,0.93,0.95,,,,
2026-01-06 06:57:40.304000+00:00,2026-01-06 06:57:40.449497+00:00,760.304,0.08,0.07,0.09,0.92,0.91,0.93,,,,
2026-01-06 06:57:41.312000+00:00,2026-01-06 06:57:41.458939+00:00,761.312,0.09,0.08,0.1,0.91,0.9,0.92,,,,
2026-01-06 06:57:42.323000+00:00,2026-01-06 06:57:42.456070+00:00,762.323,0.08,0.07,0.09,0.925,0.92,0.93,,,,
2026-01-06 06:57:43.334000+00:00,2026-01-06 06:57:43.465766+00:00,763.334,0.075,0.07,0.08,0.915,0.91,0.92,,,,
2026-01-06 06:57:44.288000+00:00,2026-01-06 06:57:44.469561+00:00,764.288,0.08,0.07,0.09,0.92,0.91,0.93,,,,
2026-01-06 06:57:45.135000+00:00,2026-01-06 06:57:45.476053+00:00,765.135,0.0849999999999999,0.08,0.09,0.915,0.91,0.92,,,,
2026-01-06 06:57:46.337000+00:00,2026-01-06 06:57:46.474814+00:00,766.337,0.0849999999999999,0.08,0.09,0.915,0.91,0.92,,,,
2026-01-06 06:57:47.316000+00:00,2026-01-06 06:57:47.483942+00:00,767.316,0.09,0.08,0.1,0.91,0.9,0.92,,,,
2026-01-06 06:57:48.307000+00:00,2026-01-06 06:57:48.502671+00:00,768.307,0.075,0.07,0.08,0.925,0.92,0.93,,,,
2026-01-06 06:57:49.382000+00:00,2026-01-06 06:57:49.516115+00:00,769.382,0.075,0.07,0.08,0.925,0.92,0.93,,,,
2026-01-06 06:57:50.076000+00:00,2026-01-06 06:57:50.537174+00:00,770.076,0.07,0.06,0.08,0.93,0.92,0.94,,,,
2026-01-06 06:57:51.418000+00:00,2026-01-06 06:57:51.550413+00:00,771.418,0.065,0.06,0.07,0.935,0.93,0.94,,,,
2026-01-06 06:57:52.427000+00:00,2026-01-06 06:57:52.564242+00:00,772.427,0.07,0.06,0.08,0.93,0.92,0.94,,,,
2026-01-06 06:57:53.427000+00:00,2026-01-06 06:57:53.566532+00:00,773.427,0.07,0.06,0.08,0.93,0.92,0.94,,,,
2026-01-06 06:57:54.213000+00:00,2026-01-06 06:57:54.569153+00:00,774.213,0.06,0.05,0.07,0.94,0.93,0.95,,,,
2026-01-06 06:57:55.294000+00:00,2026-01-06 06:57:55.574088+00:00,775.294,0.055,0.05,0.06,0.945,0.94,0.95,,,,
2026-01-06 06:57:56.465000+00:00,2026-01-06 06:57:56.581865+00:00,776.465,0.045,0.04,0.05,0.955,0.95,0.96,,,,
2026-01-06 06:57:57.407000+00:00,2026-01-06 06:57:57.597661+00:00,777.407,0.045,0.04,0.05,0.965,0.96,0.97,,,,
2026-01-06 06:57:58.484000+00:00,2026-01-06 06:57:58.602045+00:00,778.484,0.035,0.03,0.04,0.965,0.96,0.97,,,,
2026-01-06 06:57:59.422000+00:00,2026-01-06 06:57:59.604034+00:00,779.422,0.035,0.03,0.04,0.965,0.96,0.97,,,,
2026-01-06 06:58:00.472000+00:00,2026-01-06 06:58:00.615457+00:00,780.472,0.035,0.03,0.04,0.965,0.96,0.97,,,,
2026-01-06 06:58:01.499000+00:00,2026-01-06 06:58:01.639205+00:00,781.499,0.025,0.02,0.03,0.975,0.97,0.98,,,,
2026-01-06 06:58:02.490000+00:00,2026-01-06 06:58:02.647752+00:00,782.49,0.04,0.03,0.05,0.97,0.96,0.98,,,,
2026-01-06 06:58:03.516000+00:00,2026-01-06 06:58:03.654766+00:00,783.516,0.025,0.02,0.03,0.975,0.97,0.98,,,,
2026-01-06 06:58:04.405000+00:00,2026-01-06 06:58:04.670303+00:00,784.405,0.035,0.02,0.05,0.975,0.97,0.98,,,,
2026-01-06 06:58:05.527000+00:00,2026-01-06 06:58:05.664098+00:00,785.527,0.025,0.02,0.03,0.975,0.97,0.98,,,,
2026-01-06 06:58:06.547000+00:00,2026-01-06 06:58:06.679341+00:00,786.547,0.025,0.02,0.03,0.975,0.97,0.98,,,,
2026-01-06 06:58:07.420000+00:00,2026-01-06 06:58:07.685307+00:00,787.42,0.015,0.01,0.02,0.985,0.98,0.99,,,,
2026-01-06 06:58:08.475000+00:00,2026-01-06 06:58:08.689842+00:00,788.475,0.02,0.01,0.03,0.98,0.97,0.99,,,,
2026-01-06 06:58:09.533000+00:00,2026-01-06 06:58:09.699917+00:00,789.533,0.025,0.01,0.04,0.975,0.96,0.99,,,,
2026-01-06 06:58:10.512000+00:00,2026-01-06 06:58:10.701951+00:00,790.512,0.02,0.01,0.03,0.98,0.97,0.99,,,,
2026-01-06 06:58:11.574000+00:00,2026-01-06 06:58:11.711354+00:00,791.574,0.02,0.01,0.03,0.98,0.97,0.99,,,,
2026-01-06 06:58:12.527000+00:00,2026-01-06 06:58:12.724897+00:00,792.527,0.015,0.01,0.02,0.985,0.98,0.99,,,,
2026-01-06 06:58:13.585000+00:00,2026-01-06 06:58:13.725072+00:00,793.585,0.015,0.01,0.02,0.985,0.98,0.99,,,,
2026-01-06 06:58:14.548000+00:00,2026-01-06 06:58:14.738180+00:00,794.548,0.015,0.01,0.02,0.985,0.98,0.99,,,,
2026-01-06 06:58:15.604000+00:00,2026-01-06 06:58:15.753985+00:00,795.604,0.015,0.01,0.02,0.985,0.98,0.99,,,,
2026-01-06 06:58:16.613000+00:00,2026-01-06 06:58:16.770021+00:00,796.613,0.015,0.01,0.02,0.985,0.98,0.99,,,,
2026-01-06 06:58:17.647000+00:00,2026-01-06 06:58:17.778604+00:00,797.647,0.015,0.01,0.02,0.985,0.98,0.99,,,,
2026-01-06 06:58:18.536000+00:00,2026-01-06 06:58:18.781142+00:00,798.536,0.015,0.01,0.02,0.985,0.98,0.99,,,,
2026-01-06 06:58:19.637000+00:00,2026-01-06 06:58:19.783125+00:00,799.637,0.015,0.01,0.02,0.985,0.98,0.99,,,,
2026-01-06 06:58:20.635000+00:00,2026-01-06 06:58:20.782670+00:00,800.635,0.015,0.01,0.02,0.985,0.98,0.99,,,,
2026-01-06 06:58:21.664000+00:00,2026-01-06 06:58:21.797734+00:00,801.664,0.015,0.01,0.02,0.985,0.98,0.99,,,,
2026-01-06 06:58:22.682000+00:00,2026-01-06 06:58:22.815003+00:00,802.682,0.015,0.01,0.02,0.985,0.98,0.99,,,,
2026-01-06 06:58:23.659000+00:00,2026-01-06 06:58:23.816671+00:00,803.659,0.015,0.01,0.02,0.985,0.98,0.99,,,,
2026-01-06 06:58:24.692000+00:00,2026-01-06 06:58:24.830208+00:00,804.692,0.015,0.01,0.02,0.985,0.98,0.99,,,,
2026-01-06 06:58:25.713000+00:00,2026-01-06 06:58:25.855609+00:00,805.713,0.015,0.01,0.02,0.99,0.99,,,,,
2026-01-06 06:58:26.736000+00:00,2026-01-06 06:58:26.865946+00:00,806.736,0.01,,0.01,0.99,0.99,,,,,
2026-01-06 06:58:27.656000+00:00,2026-01-06 06:58:27.867826+00:00,807.656,0.01,,0.01,0.99,0.99,,,,,
2026-01-06 06:58:28.569000+00:00,2026-01-06 06:58:28.886116+00:00,808.569,0.01,,0.01,0.99,0.99,,,,,
2026-01-06 06:58:29.606000+00:00,2026-01-06 06:58:29.897509+00:00,809.606,0.01,,0.01,0.99,0.99,,,,,
2026-01-06 06:58:30.766000+00:00,2026-01-06 06:58:30.902854+00:00,810.766,0.01,,0.01,0.99,0.99,,,,,
2026-01-06 06:58:31.780000+00:00,2026-01-06 06:58:31.913881+00:00,811.78,0.01,,0.01,0.99,0.99,,,,,
2026-01-06 06:58:32.501000+00:00,2026-01-06 06:58:32.923189+00:00,812.501,0.01,,0.01,0.985,0.98,0.99,,,,
2026-01-06 06:58:33.771000+00:00,2026-01-06 06:58:33.931847+00:00,813.771,0.015,0.01,0.02,0.985,0.98,0.99,,,,
2026-01-06 06:58:34.789000+00:00,2026-01-06 06:58:34.933164+00:00,814.789,0.015,0.01,0.02,0.985,0.98,0.99,,,,
2026-01-06 06:58:35.683000+00:00,2026-01-06 06:58:35.938701+00:00,815.683,0.01,,0.01,0.99,0.99,,,,,
2026-01-06 06:58:36.799000+00:00,2026-01-06 06:58:36.950678+00:00,816.799,0.01,,0.01,0.99,0.99,,,,,
2026-01-06 06:58:37.796000+00:00,2026-01-06 06:58:37.967516+00:00,817.796,0.01,,0.01,0.99,0.99,,,,,
2026-01-06 06:58:38.832000+00:00,2026-01-06 06:58:38.975811+00:00,818.832,0.01,,0.01,0.99,0.99,,,,,
2026-01-06 06:58:39.793000+00:00,2026-01-06 06:58:39.984942+00:00,819.793,0.01,,0.01,0.99,0.99,,,,,
2026-01-06 06:58:40.783000+00:00,2026-01-06 06:58:40.989516+00:00,820.783,0.01,,0.01,0.99,0.99,,,,,
2026-01-06 06:58:41.767000+00:00,2026-01-06 06:58:41.992444+00:00,821.767,0.01,,0.01,0.99,0.99,,,,,
2026-01-06 06:58:42.670000+00:00,2026-01-06 06:58:42.997278+00:00,822.67,0.01,,0.01,0.99,0.99,,,,,
2026-01-06 06:58:43.648000+00:00,2026-01-06 06:58:43.999946+00:00,823.648,0.01,,0.01,0.99,0.99,,,,,
2026-01-06 06:58:44.623000+00:00,2026-01-06 06:58:45.013604+00:00,824.623,0.01,,0.01,0.99,0.99,,,,,
2026-01-06 06:58:45.467000+00:00,2026-01-06 06:58:46.013948+00:00,825.467,0.01,,0.01,0.99,0.99,,,,,
2026-01-06 06:58:46.099000+00:00,2026-01-06 06:58:47.019226+00:00,826.099,0.01,,0.01,0.99,0.99,,,,,
2026-01-06 06:58:47.622000+00:00,2026-01-06 06:58:48.033396+00:00,827.622,0.01,,0.01,0.99,0.99,,,,,
2026-01-06 06:58:48.810000+00:00,2026-01-06 06:58:49.030650+00:00,828.81,0.01,,0.01,0.99,0.99,,,,,
2026-01-06 06:58:49.835000+00:00,2026-01-06 06:58:50.033708+00:00,829.835,0.01,,0.01,0.99,0.99,,,,,
2026-01-06 06:58:50.893000+00:00,2026-01-06 06:58:51.029676+00:00,830.893,0.01,,0.01,0.99,0.99,,,,,
2026-01-06 06:58:51.461000+00:00,2026-01-06 06:58:52.031045+00:00,831.461,0.01,,0.01,0.99,0.99,,,,,
2026-01-06 06:58:52.395000+00:00,2026-01-06 06:58:53.036982+00:00,832.395,0.01,,0.01,0.99,0.99,,,,,
2026-01-06 06:58:53.869000+00:00,2026-01-06 06:58:54.032845+00:00,833.869,0.01,,0.01,0.99,0.99,,,,,
2026-01-06 06:58:54.615000+00:00,2026-01-06 06:58:55.047727+00:00,834.615,0.01,,0.01,0.99,0.99,,,,,
2026-01-06 06:58:55.666000+00:00,2026-01-06 06:58:57.075625+00:00,835.666,0.01,,0.01,0.99,0.99,,,,,
2026-01-06 06:58:57.945000+00:00,2026-01-06 06:58:58.093297+00:00,837.945,0.01,,0.01,0.99,0.99,,,,,
2026-01-06 06:58:58.954000+00:00,2026-01-06 06:58:59.099559+00:00,838.954,0.01,,0.01,0.99,0.99,,,,,
2026-01-06 06:59:00.368000+00:00,2026-01-06 06:59:01.119130+00:00,840.368,0.01,,0.01,0.99,0.99,,,,,
2026-01-06 06:59:01.743000+00:00,2026-01-06 06:59:02.129031+00:00,841.743,0.01,,0.01,0.99,0.99,,,,,
2026-01-06 06:59:02.175000+00:00,2026-01-06 06:59:03.148449+00:00,842.175,0.01,,0.01,0.99,0.99,,,,,
2026-01-06 06:59:03.194000+00:00,2026-01-06 06:59:04.169892+00:00,843.194,0.01,,0.01,0.99,0.99,,,,,
2026-01-06 06:59:04.921000+00:00,2026-01-06 06:59:05.180680+00:00,844.921,0.01,,0.01,0.99,0.99,,,,,
2026-01-06 06:59:05.569000+00:00,2026-01-06 06:59:06.196851+00:00,845.569,0.01,,0.01,0.99,0.99,,,,,
2026-01-06 06:59:07.039000+00:00,2026-01-06 06:59:07.197574+00:00,847.039,0.01,,0.01,0.99,0.99,,,,,
2026-01-06 06:59:08.047000+00:00,2026-01-06 06:59:08.217664+00:00,848.047,0.01,,0.01,0.99,0.99,,,,,
2026-01-06 06:59:09.071000+00:00,2026-01-06 06:59:10.234955+00:00,849.071,0.01,,0.01,0.99,0.99,,,,,
2026-01-06 06:59:10.675000+00:00,2026-01-06 06:59:13.280443+00:00,850.675,0.01,,0.01,0.99,0.99,,,,,
2026-01-06 06:59:13.833000+00:00,2026-01-06 06:59:14.296220+00:00,853.833,0.01,,0.01,0.99,0.99,,,,,
2026-01-06 06:59:15.857000+00:00,2026-01-06 06:59:17.337987+00:00,855.857,0.01,,0.01,0.99,0.99,,,,,
2026-01-06 06:59:17.876000+00:00,2026-01-06 06:59:18.346892+00:00,857.876,0.01,,0.01,0.99,0.99,,,,,
2026-01-06 06:59:18.869000+00:00,2026-01-06 06:59:20.362928+00:00,858.869,0.01,,0.01,0.99,0.99,,,,,
2026-01-06 06:59:21.721000+00:00,2026-01-06 06:59:23.369849+00:00,861.721,0.01,,0.01,0.99,0.99,,,,,
2026-01-06 06:59:24.122000+00:00,2026-01-06 06:59:26.385837+00:00,864.122,0.01,,0.01,0.99,0.99,,,,,
2026-01-06 06:59:27.100000+00:00,2026-01-06 06:59:27.394830+00:00,867.1,0.01,,0.01,0.99,0.99,,,,,
2026-01-06 06:59:28.214000+00:00,2026-01-06 06:59:28.395691+00:00,868.214,0.01,,0.01,0.99,0.99,,,,,
2026-01-06 06:59:29.206000+00:00,2026-01-06 06:59:29.401946+00:00,869.206,0.01,,0.01,0.99,0.99,,,,,
2026-01-06 06:59:30.653000+00:00,2026-01-06 06:59:31.434448+00:00,870.653,0.01,,0.01,0.99,0.99,,,,,
2026-01-06 06:59:32.198000+00:00,2026-01-06 06:59:32.450044+00:00,872.198,0.01,,0.01,0.99,0.99,,,,,
2026-01-06 06:59:33.164000+00:00,2026-01-06 06:59:33.466805+00:00,873.164,0.01,,0.01,0.99,0.99,,,,,
2026-01-06 06:59:34.196000+00:00,2026-01-06 06:59:34.461337+00:00,874.196,0.01,,0.01,0.99,0.99,,,,,
2026-01-06 06:59:35.044000+00:00,2026-01-06 06:59:35.466297+00:00,875.044,0.01,,0.01,0.99,0.99,,,,,
2026-01-06 06:59:36.001000+00:00,2026-01-06 06:59:36.471723+00:00,876.001,0.01,,0.01,0.99,0.99,,,,,
2026-01-06 06:59:37.605000+00:00,2026-01-06 06:59:38.494810+00:00,877.605,0.01,,0.01,0.99,0.99,,,,,
2026-01-06 06:59:39.122000+00:00,2026-01-06 06:59:39.487485+00:00,879.122,0.01,,0.01,0.99,0.99,,,,,
2026-01-06 06:59:40.099000+00:00,2026-01-06 06:59:40.504879+00:00,880.099,0.01,,0.01,0.99,0.99,,,,,
2026-01-06 06:59:41.153000+00:00,2026-01-06 06:59:43.512893+00:00,881.153,0.01,,0.01,0.99,0.99,,,,,
2026-01-06 06:59:44.153000+00:00,2026-01-06 06:59:44.533829+00:00,884.153,0.01,,0.01,0.99,0.99,,,,,
2026-01-06 06:59:45.912000+00:00,2026-01-06 06:59:47.548545+00:00,885.912,0.01,,0.01,0.99,0.99,,,,,
2026-01-06 06:59:48.270000+00:00,2026-01-06 06:59:49.572499+00:00,888.27,0.01,,0.01,0.99,0.99,,,,,
2026-01-06 06:59:50.354000+00:00,2026-01-06 06:59:50.570530+00:00,890.354,0.01,,0.01,0.99,0.99,,,,,
2026-01-06 06:59:51.433000+00:00,2026-01-06 06:59:51.595132+00:00,891.433,0.01,,0.01,0.99,0.99,,,,,
2026-01-06 06:59:52.254000+00:00,2026-01-06 06:59:52.593014+00:00,892.254,0.01,,0.01,0.99,0.99,,,,,
2026-01-06 06:59:53.417000+00:00,2026-01-06 06:59:53.593144+00:00,893.417,0.01,,0.01,0.99,0.99,,,,,
2026-01-06 06:59:54.400000+00:00,2026-01-06 06:59:54.609577+00:00,894.4,0.01,,0.01,0.99,0.99,,,,,
2026-01-06 06:59:55.220000+00:00,2026-01-06 06:59:55.612345+00:00,895.22,0.01,,0.01,0.99,0.99,,,,,
2026-01-06 06:59:56.416000+00:00,2026-01-06 06:59:56.611594+00:00,896.416,0.01,,0.01,0.99,0.99,,,,,
2026-01-06 06:59:57.421000+00:00,2026-01-06 06:59:57.615609+00:00,897.421,0.01,,0.01,0.99,0.99,,,,,
2026-01-06 06:59:58.400000+00:00,2026-01-06 06:59:58.609619+00:00,898.4,0.01,,0.01,0.99,0.99,,,,,
2026-01-06 06:59:59.080000+00:00,2026-01-06 06:59:59.624801+00:00,899.08,0.01,,0.01,0.99,0.99,,,,,
