timestamp,collected_at,seconds,mid,bid,ask,asset
2026-01-06 04:30:00+00:00,2026-01-06 04:32:29.932718+00:00,0.0,3226.191,3225.87,3226.52,ETH
2026-01-06 04:30:01+00:00,2026-01-06 04:32:30.929453+00:00,1.0,3226.181,3225.88,3226.6,ETH
2026-01-06 04:30:02+00:00,2026-01-06 04:32:31.929682+00:00,2.0,3226.181,3225.89,3226.62,ETH
2026-01-06 04:30:03+00:00,2026-01-06 04:32:32.926793+00:00,3.0,3226.181,3225.89,3226.62,ETH
2026-01-06 04:30:04+00:00,2026-01-06 04:32:33.946479+00:00,4.0,3226.211,3225.92,3226.63,ETH
2026-01-06 04:30:05+00:00,2026-01-06 04:32:34.960635+00:00,5.0,3226.311,3226.13,3226.76,ETH
2026-01-06 04:30:06+00:00,2026-01-06 04:32:35.959966+00:00,6.0,3226.311,3226.13,3226.76,ETH
2026-01-06 04:30:07+00:00,2026-01-06 04:32:36.958288+00:00,7.0,3226.311,3226.13,3226.76,ETH
2026-01-06 04:30:08+00:00,2026-01-06 04:32:37.964137+00:00,8.0,3226.311,3226.13,3226.76,ETH
2026-01-06 04:30:09+00:00,2026-01-06 04:32:38.974315+00:00,9.0,3226.311,3226.14,3226.76,ETH
2026-01-06 04:30:10+00:00,2026-01-06 04:32:39.965512+00:00,10.0,3226.311,3226.14,3226.77,ETH
2026-01-06 04:30:11+00:00,2026-01-06 04:32:40.976907+00:00,11.0,3226.311,3226.14,3226.73,ETH
2026-01-06 04:30:12+00:00,2026-01-06 04:32:41.962930+00:00,12.0,3226.301,3226.14,3226.65,ETH
2026-01-06 04:30:13+00:00,2026-01-06 04:32:42.965682+00:00,13.0,3226.301,3226.1,3226.67,ETH
2026-01-06 04:30:14+00:00,2026-01-06 04:32:43.978198+00:00,14.0,3226.281,3226.1,3226.67,ETH
2026-01-06 04:30:15+00:00,2026-01-06 04:32:45.024967+00:00,15.0,3226.281,3226.09,3226.67,ETH
2026-01-06 04:30:16+00:00,2026-01-06 04:32:46.044931+00:00,16.0,3226.281,3226.09,3226.64,ETH
2026-01-06 04:30:17+00:00,2026-01-06 04:32:47.056284+00:00,17.0,3226.281,3226.09,3226.67,ETH
2026-01-06 04:30:18+00:00,2026-01-06 04:32:48.046014+00:00,18.0,3226.281,3226.12,3226.64,ETH
2026-01-06 04:30:19+00:00,2026-01-06 04:32:49.059102+00:00,19.0,3226.281,3226.12,3226.64,ETH
2026-01-06 04:30:20+00:00,2026-01-06 04:32:50.062274+00:00,20.0,3226.281,3226.12,3226.64,ETH
2026-01-06 04:30:21+00:00,2026-01-06 04:32:51.057459+00:00,21.0,3226.281,3226.12,3226.64,ETH
2026-01-06 04:30:22+00:00,2026-01-06 04:32:52.076702+00:00,22.0,3226.231,3225.98,3226.63,ETH
2026-01-06 04:30:23+00:00,2026-01-06 04:32:53.126518+00:00,23.0,3226.231,3225.98,3226.63,ETH
2026-01-06 04:30:24+00:00,2026-01-06 04:32:54.127357+00:00,24.0,3226.231,3225.94,3226.61,ETH
2026-01-06 04:30:25+00:00,2026-01-06 04:32:55.140465+00:00,25.0,3226.231,3225.94,3226.61,ETH
2026-01-06 04:30:26+00:00,2026-01-06 04:32:56.157090+00:00,26.0,3226.231,3225.94,3226.61,ETH
2026-01-06 04:30:27+00:00,2026-01-06 04:32:57.160561+00:00,27.0,3226.231,3225.94,3226.61,ETH
2026-01-06 04:30:28+00:00,2026-01-06 04:32:59.146518+00:00,28.0,3226.231,3225.94,3226.59,ETH
2026-01-06 04:30:29+00:00,2026-01-06 04:33:00.152901+00:00,29.0,3226.231,3225.94,3226.59,ETH
2026-01-06 04:30:31+00:00,2026-01-06 04:33:01.208942+00:00,31.0,3226.301,3226.06,3226.67,ETH
2026-01-06 04:30:32+00:00,2026-01-06 04:33:02.198808+00:00,32.0,3226.392,3226.18,3226.76,ETH
2026-01-06 04:30:33+00:00,2026-01-06 04:33:03.210741+00:00,33.0,3226.422,3226.18,3226.79,ETH
2026-01-06 04:30:34+00:00,2026-01-06 04:33:04.202982+00:00,34.0,3226.452,3226.18,3226.83,ETH
2026-01-06 04:30:35+00:00,2026-01-06 04:33:05.217119+00:00,35.0,3226.482,3226.18,3226.86,ETH
2026-01-06 04:30:36+00:00,2026-01-06 04:33:06.219325+00:00,36.0,3226.512,3226.18,3226.9,ETH
2026-01-06 04:30:37+00:00,2026-01-06 04:33:07.222303+00:00,37.0,3226.612,3226.46,3227.02,ETH
2026-01-06 04:30:38+00:00,2026-01-06 04:33:08.233397+00:00,38.0,3226.612,3226.46,3227.01,ETH
2026-01-06 04:30:39+00:00,2026-01-06 04:33:09.236363+00:00,39.0,3226.612,3226.48,3227.01,ETH
2026-01-06 04:30:40+00:00,2026-01-06 04:33:10.231177+00:00,40.0,3226.612,3226.48,3227.01,ETH
2026-01-06 04:30:41+00:00,2026-01-06 04:33:11.243793+00:00,41.0,3226.612,3226.48,3227.01,ETH
2026-01-06 04:30:42+00:00,2026-01-06 04:33:12.242756+00:00,42.0,3226.612,3226.48,3227.02,ETH
2026-01-06 04:30:43+00:00,2026-01-06 04:33:13.245375+00:00,43.0,3226.622,3226.48,3227.02,ETH
2026-01-06 04:30:44+00:00,2026-01-06 04:33:14.257255+00:00,44.0,3226.622,3226.48,3227.02,ETH
2026-01-06 04:30:45+00:00,2026-01-06 04:33:15.275608+00:00,45.0,3226.622,3226.48,3227.02,ETH
2026-01-06 04:30:46+00:00,2026-01-06 04:33:16.337929+00:00,46.0,3226.622,3226.48,3227.02,ETH
2026-01-06 04:30:47+00:00,2026-01-06 04:33:17.347579+00:00,47.0,3226.622,3226.48,3227.02,ETH
2026-01-06 04:30:48+00:00,2026-01-06 04:33:18.360249+00:00,48.0,3226.622,3226.46,3227.02,ETH
2026-01-06 04:30:49+00:00,2026-01-06 04:33:19.362823+00:00,49.0,3226.622,3226.47,3227.02,ETH
2026-01-06 04:30:50+00:00,2026-01-06 04:33:20.359692+00:00,50.0,3226.622,3226.47,3227.02,ETH
2026-01-06 04:30:51+00:00,2026-01-06 04:33:22.365405+00:00,51.0,3226.612,3226.47,3227.03,ETH
2026-01-06 04:30:52+00:00,2026-01-06 04:33:23.359831+00:00,52.0,3226.622,3226.47,3227.04,ETH
2026-01-06 04:30:53+00:00,2026-01-06 04:33:24.378000+00:00,53.0,3226.622,3226.47,3227.04,ETH
2026-01-06 04:30:54+00:00,2026-01-06 04:33:25.380153+00:00,54.0,3226.612,3226.47,3227.03,ETH
2026-01-06 04:30:55+00:00,2026-01-06 04:33:26.395547+00:00,55.0,3226.612,3226.47,3227.05,ETH
2026-01-06 04:30:56+00:00,2026-01-06 04:33:27.378517+00:00,56.0,3226.612,3226.47,3227.04,ETH
2026-01-06 04:30:57+00:00,2026-01-06 04:33:28.389971+00:00,57.0,3226.612,3226.47,3227.03,ETH
2026-01-06 04:30:58+00:00,2026-01-06 04:33:29.403260+00:00,58.0,3226.612,3226.47,3227.0,ETH
2026-01-06 04:30:59+00:00,2026-01-06 04:33:30.420475+00:00,59.0,3226.572,3226.44,3226.96,ETH
2026-01-06 04:31:00+00:00,2026-01-06 04:33:31.424053+00:00,60.0,3226.542,3226.42,3226.94,ETH
2026-01-06 04:31:01+00:00,2026-01-06 04:33:32.444134+00:00,61.0,3226.542,3226.43,3226.94,ETH
2026-01-06 04:31:02+00:00,2026-01-06 04:33:33.442249+00:00,62.0,3226.802,3226.59,3227.12,ETH
2026-01-06 04:31:03+00:00,2026-01-06 04:33:34.469450+00:00,63.0,3227.192,3226.83,3227.53,ETH
2026-01-06 04:31:04+00:00,2026-01-06 04:33:35.460780+00:00,64.0,3227.332,3227.03,3227.77,ETH
2026-01-06 04:31:05+00:00,2026-01-06 04:33:36.457676+00:00,65.0,3227.332,3227.16,3227.77,ETH
2026-01-06 04:31:06+00:00,2026-01-06 04:33:37.473361+00:00,66.0,3227.332,3227.18,3227.77,ETH
2026-01-06 04:31:07+00:00,2026-01-06 04:33:38.471736+00:00,67.0,3227.332,3227.18,3227.8,ETH
2026-01-06 04:31:08+00:00,2026-01-06 04:33:39.479814+00:00,68.0,3227.342,3227.21,3227.81,ETH
2026-01-06 04:31:09+00:00,2026-01-06 04:33:40.478520+00:00,69.0,3227.342,3227.24,3227.8,ETH
2026-01-06 04:31:10+00:00,2026-01-06 04:33:41.477134+00:00,70.0,3227.322,3227.24,3227.77,ETH
2026-01-06 04:31:11+00:00,2026-01-06 04:33:42.476101+00:00,71.0,3227.302,3227.23,3227.79,ETH
2026-01-06 04:31:12+00:00,2026-01-06 04:33:43.487013+00:00,72.0,3227.312,3227.23,3227.83,ETH
2026-01-06 04:31:13+00:00,2026-01-06 04:33:44.496046+00:00,73.0,3227.322,3227.23,3227.82,ETH
2026-01-06 04:31:14+00:00,2026-01-06 04:33:45.495861+00:00,74.0,3227.282,3227.19,3227.77,ETH
2026-01-06 04:31:15+00:00,2026-01-06 04:33:46.506768+00:00,75.0,3227.252,3227.14,3227.71,ETH
2026-01-06 04:31:16+00:00,2026-01-06 04:33:47.491466+00:00,76.0,3227.252,3227.14,3227.7,ETH
2026-01-06 04:31:17+00:00,2026-01-06 04:33:48.486075+00:00,77.0,3227.232,3227.14,3227.67,ETH
2026-01-06 04:31:18+00:00,2026-01-06 04:33:49.492034+00:00,78.0,3227.232,3227.14,3227.69,ETH
2026-01-06 04:31:19+00:00,2026-01-06 04:33:50.492887+00:00,79.0,3227.232,3227.14,3227.63,ETH
2026-01-06 04:31:20+00:00,2026-01-06 04:33:51.488329+00:00,80.0,3227.292,3227.12,3227.68,ETH
2026-01-06 04:31:21+00:00,2026-01-06 04:33:52.487133+00:00,81.0,3227.292,3227.12,3227.73,ETH
2026-01-06 04:31:22+00:00,2026-01-06 04:33:53.491054+00:00,82.0,3227.702,3227.37,3228.1,ETH
2026-01-06 04:31:23+00:00,2026-01-06 04:33:54.492120+00:00,83.0,3227.712,3227.56,3227.95,ETH
2026-01-06 04:31:24+00:00,2026-01-06 04:33:55.490832+00:00,84.0,3227.582,3227.19,3227.8,ETH
2026-01-06 04:31:25+00:00,2026-01-06 04:33:56.507915+00:00,85.0,3227.422,3227.15,3227.8,ETH
2026-01-06 04:31:26+00:00,2026-01-06 04:33:57.510938+00:00,86.0,3227.392,3227.15,3227.79,ETH
2026-01-06 04:31:27+00:00,2026-01-06 04:33:58.512680+00:00,87.0,3227.392,3227.22,3227.78,ETH
2026-01-06 04:31:28+00:00,2026-01-06 04:33:59.523005+00:00,88.0,3227.302,3227.2,3227.68,ETH
2026-01-06 04:31:29+00:00,2026-01-06 04:34:00.540020+00:00,89.0,3227.302,3227.17,3227.62,ETH
2026-01-06 04:31:30+00:00,2026-01-06 04:34:01.535926+00:00,90.0,3227.282,3226.96,3227.6,ETH
2026-01-06 04:31:31+00:00,2026-01-06 04:34:02.560209+00:00,91.0,3227.282,3226.95,3227.6,ETH
2026-01-06 04:31:32+00:00,2026-01-06 04:34:03.576125+00:00,92.0,3227.252,3226.95,3227.6,ETH
2026-01-06 04:31:33+00:00,2026-01-06 04:34:04.584784+00:00,93.0,3227.242,3226.94,3227.61,ETH
2026-01-06 04:31:34+00:00,2026-01-06 04:34:05.604186+00:00,94.0,3227.302,3226.94,3227.61,ETH
2026-01-06 04:31:35+00:00,2026-01-06 04:34:06.602489+00:00,95.0,3227.312,3226.96,3227.61,ETH
2026-01-06 04:31:36+00:00,2026-01-06 04:34:07.640454+00:00,96.0,3227.312,3226.89,3227.61,ETH
2026-01-06 04:31:37+00:00,2026-01-06 04:34:08.674567+00:00,97.0,3227.282,3226.89,3227.6,ETH
2026-01-06 04:31:38+00:00,2026-01-06 04:34:09.696767+00:00,98.0,3227.282,3226.89,3227.59,ETH
2026-01-06 04:31:39+00:00,2026-01-06 04:34:10.698045+00:00,99.0,3227.302,3226.89,3227.58,ETH
2026-01-06 04:31:40+00:00,2026-01-06 04:34:11.701003+00:00,100.0,3227.292,3226.89,3227.69,ETH
2026-01-06 04:31:41+00:00,2026-01-06 04:34:12.698079+00:00,101.0,3227.362,3226.96,3227.69,ETH
2026-01-06 04:31:42+00:00,2026-01-06 04:34:13.685221+00:00,102.0,3227.382,3227.06,3227.77,ETH
2026-01-06 04:31:43+00:00,2026-01-06 04:34:14.689629+00:00,103.0,3227.372,3227.09,3227.77,ETH
2026-01-06 04:31:44+00:00,2026-01-06 04:34:15.729248+00:00,104.0,3227.372,3227.09,3227.78,ETH
2026-01-06 04:31:45+00:00,2026-01-06 04:34:16.710297+00:00,105.0,3227.372,3227.09,3227.77,ETH
2026-01-06 04:31:46+00:00,2026-01-06 04:34:17.720795+00:00,106.0,3227.372,3227.09,3227.72,ETH
2026-01-06 04:31:47+00:00,2026-01-06 04:34:18.735816+00:00,107.0,3227.362,3227.09,3227.72,ETH
2026-01-06 04:31:48+00:00,2026-01-06 04:34:19.738204+00:00,108.0,3227.362,3227.1,3227.72,ETH
2026-01-06 04:31:49+00:00,2026-01-06 04:34:20.756167+00:00,109.0,3227.362,3227.1,3227.72,ETH
2026-01-06 04:31:50+00:00,2026-01-06 04:34:21.758701+00:00,110.0,3227.362,3227.09,3227.72,ETH
2026-01-06 04:31:51+00:00,2026-01-06 04:34:22.778264+00:00,111.0,3227.332,3227.07,3227.68,ETH
2026-01-06 04:31:52+00:00,2026-01-06 04:34:23.794613+00:00,112.0,3227.332,3227.07,3227.7,ETH
2026-01-06 04:31:53+00:00,2026-01-06 04:34:24.796021+00:00,113.0,3227.332,3227.05,3227.7,ETH
2026-01-06 04:31:54+00:00,2026-01-06 04:34:25.811493+00:00,114.0,3227.332,3227.05,3227.71,ETH
2026-01-06 04:31:55+00:00,2026-01-06 04:34:26.795731+00:00,115.0,3227.332,3227.05,3227.68,ETH
2026-01-06 04:31:56+00:00,2026-01-06 04:34:27.789825+00:00,116.0,3227.332,3227.05,3227.68,ETH
2026-01-06 04:31:57+00:00,2026-01-06 04:34:28.790994+00:00,117.0,3227.332,3227.05,3227.67,ETH
2026-01-06 04:31:58+00:00,2026-01-06 04:34:29.804786+00:00,118.0,3227.302,3227.05,3227.62,ETH
2026-01-06 04:31:59+00:00,2026-01-06 04:34:30.809855+00:00,119.0,3226.972,3226.95,3227.27,ETH
2026-01-06 04:32:00+00:00,2026-01-06 04:34:31.809089+00:00,120.0,3226.942,3226.54,3227.27,ETH
2026-01-06 04:32:01+00:00,2026-01-06 04:34:32.805844+00:00,121.0,3226.892,3226.49,3227.26,ETH
2026-01-06 04:32:02+00:00,2026-01-06 04:34:33.819193+00:00,122.0,3226.882,3226.46,3227.26,ETH
2026-01-06 04:32:03+00:00,2026-01-06 04:34:34.847276+00:00,123.0,3226.882,3226.46,3227.26,ETH
2026-01-06 04:32:04+00:00,2026-01-06 04:34:35.857528+00:00,124.0,3226.902,3226.49,3227.24,ETH
2026-01-06 04:32:05+00:00,2026-01-06 04:34:36.850395+00:00,125.0,3226.892,3226.49,3227.24,ETH
2026-01-06 04:32:06+00:00,2026-01-06 04:34:37.868883+00:00,126.0,3226.902,3226.49,3227.2,ETH
2026-01-06 04:32:07+00:00,2026-01-06 04:34:38.841085+00:00,127.0,3226.912,3226.5,3227.15,ETH
2026-01-06 04:32:08+00:00,2026-01-06 04:34:39.835537+00:00,128.0,3226.912,3226.5,3227.26,ETH
2026-01-06 04:32:09+00:00,2026-01-06 04:34:40.844032+00:00,129.0,3226.912,3226.51,3227.26,ETH
2026-01-06 04:32:10+00:00,2026-01-06 04:34:41.874069+00:00,130.0,3226.912,3226.51,3227.21,ETH
2026-01-06 04:32:11+00:00,2026-01-06 04:34:42.855698+00:00,131.0,3226.912,3226.51,3227.18,ETH
2026-01-06 04:32:12+00:00,2026-01-06 04:34:43.848516+00:00,132.0,3226.912,3226.51,3227.17,ETH
2026-01-06 04:32:13+00:00,2026-01-06 04:34:44.905359+00:00,133.0,3226.912,3226.51,3227.16,ETH
2026-01-06 04:32:14+00:00,2026-01-06 04:34:45.900884+00:00,134.0,3226.902,3226.51,3227.16,ETH
2026-01-06 04:32:15+00:00,2026-01-06 04:34:46.922216+00:00,135.0,3226.852,3226.51,3227.15,ETH
2026-01-06 04:32:16+00:00,2026-01-06 04:34:47.921235+00:00,136.0,3226.872,3226.51,3227.14,ETH
2026-01-06 04:32:17+00:00,2026-01-06 04:34:48.926943+00:00,137.0,3226.832,3226.43,3226.95,ETH
2026-01-06 04:32:18+00:00,2026-01-06 04:34:49.938648+00:00,138.0,3226.812,3226.41,3226.95,ETH
2026-01-06 04:32:19+00:00,2026-01-06 04:34:50.954932+00:00,139.0,3226.812,3226.42,3226.97,ETH
2026-01-06 04:32:20+00:00,2026-01-06 04:34:51.968892+00:00,140.0,3226.812,3226.42,3227.09,ETH
2026-01-06 04:32:21+00:00,2026-01-06 04:34:52.972925+00:00,141.0,3226.562,3226.42,3226.94,ETH
2026-01-06 04:32:22+00:00,2026-01-06 04:34:53.973118+00:00,142.0,3226.452,3226.36,3226.82,ETH
2026-01-06 04:32:23+00:00,2026-01-06 04:34:54.990864+00:00,143.0,3226.502,3226.34,3226.69,ETH
2026-01-06 04:32:24+00:00,2026-01-06 04:34:56.087209+00:00,144.0,3226.532,3226.34,3226.67,ETH
2026-01-06 04:32:25+00:00,2026-01-06 04:34:57.088575+00:00,145.0,3226.532,3226.34,3226.65,ETH
2026-01-06 04:32:26+00:00,2026-01-06 04:34:58.088230+00:00,146.0,3226.492,3226.34,3226.65,ETH
2026-01-06 04:32:27+00:00,2026-01-06 04:35:00.116963+00:00,147.0,3226.392,3226.29,3226.66,ETH
2026-01-06 04:32:28+00:00,2026-01-06 04:35:01.107728+00:00,148.0,3226.402,3226.26,3226.62,ETH
2026-01-06 04:32:29+00:00,2026-01-06 04:35:02.123744+00:00,149.0,3226.351,3226.26,3226.56,ETH
2026-01-06 04:32:30+00:00,2026-01-06 04:35:03.141414+00:00,150.0,3226.201,3226.13,3226.53,ETH
2026-01-06 04:32:31+00:00,2026-01-06 04:35:04.137851+00:00,151.0,3226.141,3225.92,3226.45,ETH
2026-01-06 04:32:32+00:00,2026-01-06 04:35:05.138685+00:00,152.0,3226.161,3225.84,3226.4,ETH
2026-01-06 04:32:34+00:00,2026-01-06 04:35:06.202151+00:00,154.0,3226.141,3225.83,3226.42,ETH
2026-01-06 04:32:35+00:00,2026-01-06 04:35:07.182562+00:00,155.0,3226.131,3225.75,3226.34,ETH
2026-01-06 04:32:36+00:00,2026-01-06 04:35:08.188906+00:00,156.0,3226.121,3225.73,3226.33,ETH
2026-01-06 04:32:37+00:00,2026-01-06 04:35:09.174710+00:00,157.0,3226.131,3225.73,3226.33,ETH
2026-01-06 04:32:38+00:00,2026-01-06 04:35:10.184852+00:00,158.0,3226.131,3225.73,3226.33,ETH
2026-01-06 04:32:39+00:00,2026-01-06 04:35:11.190885+00:00,159.0,3226.131,3225.73,3226.26,ETH
2026-01-06 04:32:40+00:00,2026-01-06 04:35:12.202555+00:00,160.0,3226.131,3225.73,3226.26,ETH
2026-01-06 04:32:41+00:00,2026-01-06 04:35:13.200267+00:00,161.0,3226.131,3225.73,3226.26,ETH
2026-01-06 04:32:42+00:00,2026-01-06 04:35:14.217245+00:00,162.0,3226.131,3225.73,3226.27,ETH
2026-01-06 04:32:43+00:00,2026-01-06 04:35:15.235664+00:00,163.0,3226.131,3225.73,3226.29,ETH
2026-01-06 04:32:44+00:00,2026-01-06 04:35:16.237734+00:00,164.0,3225.901,3225.67,3226.25,ETH
2026-01-06 04:32:45+00:00,2026-01-06 04:35:17.240642+00:00,165.0,3225.861,3225.45,3226.25,ETH
2026-01-06 04:32:46+00:00,2026-01-06 04:35:18.237303+00:00,166.0,3226.041,3225.64,3226.29,ETH
2026-01-06 04:32:47+00:00,2026-01-06 04:35:19.234701+00:00,167.0,3226.061,3225.82,3226.48,ETH
2026-01-06 04:32:48+00:00,2026-01-06 04:35:20.231528+00:00,168.0,3226.071,3225.82,3226.48,ETH
2026-01-06 04:32:49+00:00,2026-01-06 04:35:21.240510+00:00,169.0,3226.301,3225.89,3226.72,ETH
2026-01-06 04:32:50+00:00,2026-01-06 04:35:22.242002+00:00,170.0,3226.311,3226.02,3226.8,ETH
2026-01-06 04:32:51+00:00,2026-01-06 04:35:23.284059+00:00,171.0,3226.311,3226.04,3226.81,ETH
2026-01-06 04:32:52+00:00,2026-01-06 04:35:24.288996+00:00,172.0,3226.311,3226.04,3226.83,ETH
2026-01-06 04:32:53+00:00,2026-01-06 04:35:25.315588+00:00,173.0,3226.331,3226.04,3226.86,ETH
2026-01-06 04:32:54+00:00,2026-01-06 04:35:26.321365+00:00,174.0,3226.331,3226.23,3226.87,ETH
2026-01-06 04:32:55+00:00,2026-01-06 04:35:27.315152+00:00,175.0,3226.672,3226.42,3227.1,ETH
2026-01-06 04:32:56+00:00,2026-01-06 04:35:28.322252+00:00,176.0,3226.762,3226.61,3227.24,ETH
2026-01-06 04:32:57+00:00,2026-01-06 04:35:29.319281+00:00,177.0,3226.762,3226.62,3227.21,ETH
2026-01-06 04:32:58+00:00,2026-01-06 04:35:30.319490+00:00,178.0,3226.782,3226.62,3227.2,ETH
2026-01-06 04:32:59+00:00,2026-01-06 04:35:31.320891+00:00,179.0,3226.782,3226.62,3227.22,ETH
2026-01-06 04:33:00+00:00,2026-01-06 04:35:32.341541+00:00,180.0,3227.232,3226.92,3227.64,ETH
2026-01-06 04:33:01+00:00,2026-01-06 04:35:33.354189+00:00,181.0,3227.332,3227.17,3227.81,ETH
2026-01-06 04:33:02+00:00,2026-01-06 04:35:34.355044+00:00,182.0,3227.832,3227.49,3228.17,ETH
2026-01-06 04:33:03+00:00,2026-01-06 04:35:35.372125+00:00,183.0,3227.822,3227.52,3228.29,ETH
2026-01-06 04:33:04+00:00,2026-01-06 04:35:36.375493+00:00,184.0,3227.822,3227.76,3228.27,ETH
2026-01-06 04:33:05+00:00,2026-01-06 04:35:37.384762+00:00,185.0,3227.852,3227.76,3228.24,ETH
2026-01-06 04:33:06+00:00,2026-01-06 04:35:38.386529+00:00,186.0,3227.852,3227.76,3228.32,ETH
2026-01-06 04:33:07+00:00,2026-01-06 04:35:39.404395+00:00,187.0,3227.862,3227.77,3228.33,ETH
2026-01-06 04:33:08+00:00,2026-01-06 04:35:40.417201+00:00,188.0,3227.882,3227.83,3228.34,ETH
2026-01-06 04:33:09+00:00,2026-01-06 04:35:41.425182+00:00,189.0,3227.982,3227.84,3228.39,ETH
2026-01-06 04:33:10+00:00,2026-01-06 04:35:42.432311+00:00,190.0,3227.982,3227.84,3228.39,ETH
2026-01-06 04:33:11+00:00,2026-01-06 04:35:43.436550+00:00,191.0,3227.982,3227.84,3228.39,ETH
2026-01-06 04:33:12+00:00,2026-01-06 04:35:44.454547+00:00,192.0,3228.012,3227.84,3228.44,ETH
2026-01-06 04:33:13+00:00,2026-01-06 04:35:45.456563+00:00,193.0,3228.012,3227.84,3228.44,ETH
2026-01-06 04:33:14+00:00,2026-01-06 04:35:46.450903+00:00,194.0,3228.012,3227.84,3228.44,ETH
2026-01-06 04:33:15+00:00,2026-01-06 04:35:48.472396+00:00,195.0,3227.982,3227.84,3228.39,ETH
2026-01-06 04:33:16+00:00,2026-01-06 04:35:49.470919+00:00,196.0,3227.982,3227.84,3228.39,ETH
2026-01-06 04:33:17+00:00,2026-01-06 04:35:50.465412+00:00,197.0,3227.992,3227.84,3228.41,ETH
2026-01-06 04:33:18+00:00,2026-01-06 04:35:51.485209+00:00,198.0,3228.002,3227.83,3228.42,ETH
2026-01-06 04:33:19+00:00,2026-01-06 04:35:52.486506+00:00,199.0,3228.012,3227.82,3228.42,ETH
2026-01-06 04:33:20+00:00,2026-01-06 04:35:53.499496+00:00,200.0,3228.022,3227.82,3228.48,ETH
2026-01-06 04:33:21+00:00,2026-01-06 04:35:54.502234+00:00,201.0,3228.202,3227.9,3228.62,ETH
2026-01-06 04:33:22+00:00,2026-01-06 04:35:55.500951+00:00,202.0,3228.382,3228.09,3228.75,ETH
2026-01-06 04:33:23+00:00,2026-01-06 04:35:56.503278+00:00,203.0,3228.402,3228.3,3228.84,ETH
2026-01-06 04:33:24+00:00,2026-01-06 04:35:57.518699+00:00,204.0,3228.492,3228.42,3228.93,ETH
2026-01-06 04:33:25+00:00,2026-01-06 04:35:58.516802+00:00,205.0,3228.582,3228.43,3228.99,ETH
2026-01-06 04:33:26+00:00,2026-01-06 04:35:59.535718+00:00,206.0,3228.552,3228.43,3228.99,ETH
2026-01-06 04:33:27+00:00,2026-01-06 04:36:00.554880+00:00,207.0,3228.522,3228.43,3228.92,ETH
2026-01-06 04:33:28+00:00,2026-01-06 04:36:01.553300+00:00,208.0,3228.522,3228.43,3228.88,ETH
2026-01-06 04:33:29+00:00,2026-01-06 04:36:02.570937+00:00,209.0,3228.522,3228.43,3228.88,ETH
2026-01-06 04:33:30+00:00,2026-01-06 04:36:03.581000+00:00,210.0,3228.552,3228.43,3228.88,ETH
2026-01-06 04:33:31+00:00,2026-01-06 04:36:04.587708+00:00,211.0,3228.572,3228.43,3228.89,ETH
2026-01-06 04:33:32+00:00,2026-01-06 04:36:05.627680+00:00,212.0,3228.572,3228.43,3228.89,ETH
2026-01-06 04:33:33+00:00,2026-01-06 04:36:06.638575+00:00,213.0,3228.572,3228.43,3228.91,ETH
2026-01-06 04:33:34+00:00,2026-01-06 04:36:07.635633+00:00,214.0,3228.552,3228.43,3228.94,ETH
2026-01-06 04:33:35+00:00,2026-01-06 04:36:08.631406+00:00,215.0,3228.522,3228.43,3228.96,ETH
2026-01-06 04:33:36+00:00,2026-01-06 04:36:09.644205+00:00,216.0,3228.372,3228.17,3228.71,ETH
2026-01-06 04:33:38+00:00,2026-01-06 04:36:10.690445+00:00,218.0,3228.122,3227.9,3228.43,ETH
2026-01-06 04:33:39+00:00,2026-01-06 04:36:12.715250+00:00,219.0,3228.102,3227.87,3228.38,ETH
2026-01-06 04:33:40+00:00,2026-01-06 04:36:13.723561+00:00,220.0,3228.092,3227.86,3228.32,ETH
2026-01-06 04:33:41+00:00,2026-01-06 04:36:14.740664+00:00,221.0,3227.902,3227.67,3228.1,ETH
2026-01-06 04:33:42+00:00,2026-01-06 04:36:15.740596+00:00,222.0,3227.692,3227.39,3227.89,ETH
2026-01-06 04:33:43+00:00,2026-01-06 04:36:16.739710+00:00,223.0,3227.672,3227.3,3227.92,ETH
2026-01-06 04:33:44+00:00,2026-01-06 04:36:17.752562+00:00,224.0,3227.662,3227.29,3227.95,ETH
2026-01-06 04:33:45+00:00,2026-01-06 04:36:18.764759+00:00,225.0,3227.672,3227.29,3227.95,ETH
2026-01-06 04:33:46+00:00,2026-01-06 04:36:19.788506+00:00,226.0,3227.682,3227.3,3227.95,ETH
2026-01-06 04:33:47+00:00,2026-01-06 04:36:20.787748+00:00,227.0,3227.752,3227.37,3228.02,ETH
2026-01-06 04:33:48+00:00,2026-01-06 04:36:21.804362+00:00,228.0,3227.962,3227.57,3228.2,ETH
2026-01-06 04:33:49+00:00,2026-01-06 04:36:22.819000+00:00,229.0,3228.122,3227.76,3228.44,ETH
2026-01-06 04:33:50+00:00,2026-01-06 04:36:23.830686+00:00,230.0,3228.162,3227.84,3228.58,ETH
2026-01-06 04:33:51+00:00,2026-01-06 04:36:24.837893+00:00,231.0,3228.162,3227.86,3228.58,ETH
2026-01-06 04:33:52+00:00,2026-01-06 04:36:25.844345+00:00,232.0,3228.182,3227.87,3228.59,ETH
2026-01-06 04:33:53+00:00,2026-01-06 04:36:26.832130+00:00,233.0,3228.192,3227.87,3228.61,ETH
2026-01-06 04:33:54+00:00,2026-01-06 04:36:27.836224+00:00,234.0,3228.172,3227.87,3228.58,ETH
2026-01-06 04:33:55+00:00,2026-01-06 04:36:28.839811+00:00,235.0,3228.162,3227.87,3228.56,ETH
2026-01-06 04:33:56+00:00,2026-01-06 04:36:29.850943+00:00,236.0,3228.162,3227.87,3228.55,ETH
2026-01-06 04:33:57+00:00,2026-01-06 04:36:30.856235+00:00,237.0,3228.162,3227.88,3228.54,ETH
2026-01-06 04:33:58+00:00,2026-01-06 04:36:31.873454+00:00,238.0,3228.162,3227.89,3228.56,ETH
2026-01-06 04:33:59+00:00,2026-01-06 04:36:32.883749+00:00,239.0,3228.172,3227.89,3228.61,ETH
2026-01-06 04:34:00+00:00,2026-01-06 04:36:33.885027+00:00,240.0,3228.172,3227.89,3228.63,ETH
2026-01-06 04:34:01+00:00,2026-01-06 04:36:34.902848+00:00,241.0,3228.182,3227.89,3228.61,ETH
2026-01-06 04:34:02+00:00,2026-01-06 04:36:35.890167+00:00,242.0,3228.172,3227.89,3228.6,ETH
2026-01-06 04:34:03+00:00,2026-01-06 04:36:36.903571+00:00,243.0,3228.172,3227.89,3228.61,ETH
2026-01-06 04:34:04+00:00,2026-01-06 04:36:37.923643+00:00,244.0,3228.172,3227.89,3228.61,ETH
2026-01-06 04:34:05+00:00,2026-01-06 04:36:38.933255+00:00,245.0,3228.182,3227.89,3228.6,ETH
2026-01-06 04:34:06+00:00,2026-01-06 04:36:39.922768+00:00,246.0,3228.202,3227.89,3228.6,ETH
2026-01-06 04:34:07+00:00,2026-01-06 04:36:40.929856+00:00,247.0,3228.212,3227.89,3228.62,ETH
2026-01-06 04:34:08+00:00,2026-01-06 04:36:41.930632+00:00,248.0,3228.232,3227.89,3228.64,ETH
2026-01-06 04:34:09+00:00,2026-01-06 04:36:42.951955+00:00,249.0,3228.252,3227.98,3228.68,ETH
2026-01-06 04:34:10+00:00,2026-01-06 04:36:43.951523+00:00,250.0,3228.272,3228.07,3228.7,ETH
2026-01-06 04:34:11+00:00,2026-01-06 04:36:44.967953+00:00,251.0,3228.282,3228.11,3228.76,ETH
2026-01-06 04:34:12+00:00,2026-01-06 04:36:45.980971+00:00,252.0,3228.472,3228.2,3228.94,ETH
2026-01-06 04:34:13+00:00,2026-01-06 04:36:46.986084+00:00,253.0,3228.822,3228.41,3229.13,ETH
2026-01-06 04:34:14+00:00,2026-01-06 04:36:48.002715+00:00,254.0,3229.002,3228.7,3229.33,ETH
2026-01-06 04:34:15+00:00,2026-01-06 04:36:49.017365+00:00,255.0,3229.032,3228.89,3229.45,ETH
2026-01-06 04:34:16+00:00,2026-01-06 04:36:50.019153+00:00,256.0,3229.042,3228.95,3229.46,ETH
2026-01-06 04:34:17+00:00,2026-01-06 04:36:51.018420+00:00,257.0,3229.042,3228.95,3229.5,ETH
2026-01-06 04:34:18+00:00,2026-01-06 04:36:52.049224+00:00,258.0,3229.032,3228.95,3229.52,ETH
2026-01-06 04:34:19+00:00,2026-01-06 04:36:53.051278+00:00,259.0,3229.042,3228.95,3229.52,ETH
2026-01-06 04:34:20+00:00,2026-01-06 04:36:54.053359+00:00,260.0,3229.042,3228.95,3229.52,ETH
2026-01-06 04:34:21+00:00,2026-01-06 04:36:55.049434+00:00,261.0,3229.072,3228.96,3229.52,ETH
2026-01-06 04:34:22+00:00,2026-01-06 04:36:56.049792+00:00,262.0,3229.022,3228.72,3229.41,ETH
2026-01-06 04:34:23+00:00,2026-01-06 04:36:57.055571+00:00,263.0,3228.922,3228.46,3229.21,ETH
2026-01-06 04:34:24+00:00,2026-01-06 04:36:58.049361+00:00,264.0,3228.902,3228.45,3229.13,ETH
2026-01-06 04:34:25+00:00,2026-01-06 04:36:59.071892+00:00,265.0,3228.902,3228.45,3229.14,ETH
2026-01-06 04:34:26+00:00,2026-01-06 04:37:00.084416+00:00,266.0,3228.902,3228.45,3229.1,ETH
2026-01-06 04:34:27+00:00,2026-01-06 04:37:01.082243+00:00,267.0,3228.902,3228.45,3229.06,ETH
2026-01-06 04:34:28+00:00,2026-01-06 04:37:02.088164+00:00,268.0,3228.852,3228.41,3229.14,ETH
2026-01-06 04:34:29+00:00,2026-01-06 04:37:03.082933+00:00,269.0,3228.852,3228.4,3229.09,ETH
2026-01-06 04:34:30+00:00,2026-01-06 04:37:04.107070+00:00,270.0,3228.852,3228.4,3229.09,ETH
2026-01-06 04:34:31+00:00,2026-01-06 04:37:05.105632+00:00,271.0,3228.822,3228.41,3229.09,ETH
2026-01-06 04:34:32+00:00,2026-01-06 04:37:06.108891+00:00,272.0,3228.822,3228.4,3229.06,ETH
2026-01-06 04:34:33+00:00,2026-01-06 04:37:07.108348+00:00,273.0,3228.702,3228.43,3228.74,ETH
2026-01-06 04:34:34+00:00,2026-01-06 04:37:08.113635+00:00,274.0,3228.522,3228.16,3228.73,ETH
2026-01-06 04:34:35+00:00,2026-01-06 04:37:09.121319+00:00,275.0,3228.482,3228.1,3228.8,ETH
2026-01-06 04:34:36+00:00,2026-01-06 04:37:10.133714+00:00,276.0,3228.502,3228.08,3228.77,ETH
2026-01-06 04:34:37+00:00,2026-01-06 04:37:11.133502+00:00,277.0,3228.512,3228.1,3228.8,ETH
2026-01-06 04:34:38+00:00,2026-01-06 04:37:12.125905+00:00,278.0,3228.512,3228.1,3228.79,ETH
2026-01-06 04:34:39+00:00,2026-01-06 04:37:13.135219+00:00,279.0,3228.532,3228.11,3228.77,ETH
2026-01-06 04:34:40+00:00,2026-01-06 04:37:14.146475+00:00,280.0,3228.532,3228.11,3228.76,ETH
2026-01-06 04:34:41+00:00,2026-01-06 04:37:15.138489+00:00,281.0,3228.492,3228.08,3228.73,ETH
2026-01-06 04:34:42+00:00,2026-01-06 04:37:16.145984+00:00,282.0,3228.492,3228.08,3228.73,ETH
2026-01-06 04:34:43+00:00,2026-01-06 04:37:17.151921+00:00,283.0,3228.502,3228.09,3228.74,ETH
2026-01-06 04:34:44+00:00,2026-01-06 04:37:18.175137+00:00,284.0,3228.502,3228.09,3228.8,ETH
2026-01-06 04:34:45+00:00,2026-01-06 04:37:19.163228+00:00,285.0,3228.502,3228.09,3228.74,ETH
2026-01-06 04:34:46+00:00,2026-01-06 04:37:20.150903+00:00,286.0,3228.492,3228.09,3228.75,ETH
2026-01-06 04:34:47+00:00,2026-01-06 04:37:21.167316+00:00,287.0,3228.502,3228.09,3228.75,ETH
2026-01-06 04:34:48+00:00,2026-01-06 04:37:22.234301+00:00,288.0,3228.512,3228.1,3228.77,ETH
2026-01-06 04:34:49+00:00,2026-01-06 04:37:23.243523+00:00,289.0,3228.522,3228.1,3228.8,ETH
2026-01-06 04:34:50+00:00,2026-01-06 04:37:24.245245+00:00,290.0,3228.522,3228.12,3228.84,ETH
2026-01-06 04:34:51+00:00,2026-01-06 04:37:25.260963+00:00,291.0,3228.532,3228.13,3228.87,ETH
2026-01-06 04:34:52+00:00,2026-01-06 04:37:26.264915+00:00,292.0,3228.532,3228.13,3228.8,ETH
2026-01-06 04:34:53+00:00,2026-01-06 04:37:27.297778+00:00,293.0,3228.522,3228.13,3228.8,ETH
2026-01-06 04:34:54+00:00,2026-01-06 04:37:28.306336+00:00,294.0,3228.522,3228.13,3228.8,ETH
2026-01-06 04:34:55+00:00,2026-01-06 04:37:29.320728+00:00,295.0,3228.532,3228.13,3228.83,ETH
2026-01-06 04:34:56+00:00,2026-01-06 04:37:30.313082+00:00,296.0,3228.532,3228.13,3228.87,ETH
2026-01-06 04:34:57+00:00,2026-01-06 04:37:31.318164+00:00,297.0,3228.532,3228.13,3228.87,ETH
2026-01-06 04:34:58+00:00,2026-01-06 04:37:32.315831+00:00,298.0,3228.532,3228.13,3228.87,ETH
2026-01-06 04:34:59+00:00,2026-01-06 04:37:33.320089+00:00,299.0,3228.522,3228.12,3228.91,ETH
2026-01-06 04:35:00+00:00,2026-01-06 04:37:34.331435+00:00,300.0,3228.522,3228.12,3228.91,ETH
2026-01-06 04:35:01+00:00,2026-01-06 04:37:35.332266+00:00,301.0,3228.522,3228.13,3228.91,ETH
2026-01-06 04:35:02+00:00,2026-01-06 04:37:36.335401+00:00,302.0,3228.522,3228.13,3228.91,ETH
2026-01-06 04:35:03+00:00,2026-01-06 04:37:37.346023+00:00,303.0,3228.522,3228.13,3228.86,ETH
2026-01-06 04:35:04+00:00,2026-01-06 04:37:38.350875+00:00,304.0,3228.482,3228.09,3228.71,ETH
2026-01-06 04:35:05+00:00,2026-01-06 04:37:39.370350+00:00,305.0,3228.402,3228.08,3228.64,ETH
2026-01-06 04:35:06+00:00,2026-01-06 04:37:40.384964+00:00,306.0,3228.392,3228.06,3228.69,ETH
2026-01-06 04:35:07+00:00,2026-01-06 04:37:41.399605+00:00,307.0,3228.402,3228.06,3228.81,ETH
2026-01-06 04:35:08+00:00,2026-01-06 04:37:42.413205+00:00,308.0,3228.482,3228.07,3228.84,ETH
2026-01-06 04:35:09+00:00,2026-01-06 04:37:43.416067+00:00,309.0,3228.482,3228.08,3228.89,ETH
2026-01-06 04:35:10+00:00,2026-01-06 04:37:44.431916+00:00,310.0,3228.482,3228.1,3228.89,ETH
2026-01-06 04:35:11+00:00,2026-01-06 04:37:45.449549+00:00,311.0,3228.492,3228.1,3228.89,ETH
2026-01-06 04:35:12+00:00,2026-01-06 04:37:46.463760+00:00,312.0,3228.492,3228.1,3228.89,ETH
2026-01-06 04:35:13+00:00,2026-01-06 04:37:47.471263+00:00,313.0,3228.492,3228.1,3228.89,ETH
2026-01-06 04:35:14+00:00,2026-01-06 04:37:48.465698+00:00,314.0,3228.492,3228.11,3228.89,ETH
2026-01-06 04:35:15+00:00,2026-01-06 04:37:50.480262+00:00,315.0,3228.492,3228.13,3228.9,ETH
2026-01-06 04:35:16+00:00,2026-01-06 04:37:51.483529+00:00,316.0,3228.522,3228.2,3228.93,ETH
2026-01-06 04:35:17+00:00,2026-01-06 04:37:52.484364+00:00,317.0,3228.562,3228.28,3228.99,ETH
2026-01-06 04:35:18+00:00,2026-01-06 04:37:53.501031+00:00,318.0,3228.562,3228.28,3229.02,ETH
2026-01-06 04:35:19+00:00,2026-01-06 04:37:54.497149+00:00,319.0,3228.562,3228.28,3229.06,ETH
2026-01-06 04:35:20+00:00,2026-01-06 04:37:55.512487+00:00,320.0,3228.562,3228.28,3229.09,ETH
2026-01-06 04:35:21+00:00,2026-01-06 04:37:56.523490+00:00,321.0,3228.562,3228.28,3229.08,ETH
2026-01-06 04:35:22+00:00,2026-01-06 04:37:57.528198+00:00,322.0,3228.562,3228.28,3229.06,ETH
2026-01-06 04:35:23+00:00,2026-01-06 04:37:58.536255+00:00,323.0,3228.542,3228.28,3228.99,ETH
2026-01-06 04:35:24+00:00,2026-01-06 04:37:59.540556+00:00,324.0,3228.532,3228.28,3228.87,ETH
2026-01-06 04:35:25+00:00,2026-01-06 04:38:00.540840+00:00,325.0,3228.532,3228.27,3228.81,ETH
2026-01-06 04:35:26+00:00,2026-01-06 04:38:01.567472+00:00,326.0,3228.532,3228.26,3228.8,ETH
2026-01-06 04:35:27+00:00,2026-01-06 04:38:02.575867+00:00,327.0,3228.532,3228.26,3228.79,ETH
2026-01-06 04:35:28+00:00,2026-01-06 04:38:03.580653+00:00,328.0,3228.502,3228.23,3228.77,ETH
2026-01-06 04:35:29+00:00,2026-01-06 04:38:04.588677+00:00,329.0,3228.472,3228.2,3228.74,ETH
2026-01-06 04:35:30+00:00,2026-01-06 04:38:05.604154+00:00,330.0,3228.472,3228.2,3228.72,ETH
2026-01-06 04:35:31+00:00,2026-01-06 04:38:06.608986+00:00,331.0,3228.462,3228.2,3228.73,ETH
2026-01-06 04:35:32+00:00,2026-01-06 04:38:07.613391+00:00,332.0,3228.462,3228.2,3228.77,ETH
2026-01-06 04:35:33+00:00,2026-01-06 04:38:08.626163+00:00,333.0,3228.492,3228.21,3228.86,ETH
2026-01-06 04:35:34+00:00,2026-01-06 04:38:09.623109+00:00,334.0,3228.522,3228.23,3228.96,ETH
2026-01-06 04:35:35+00:00,2026-01-06 04:38:10.635266+00:00,335.0,3228.522,3228.23,3228.98,ETH
2026-01-06 04:35:36+00:00,2026-01-06 04:38:11.640916+00:00,336.0,3228.522,3228.22,3228.98,ETH
2026-01-06 04:35:37+00:00,2026-01-06 04:38:12.649319+00:00,337.0,3228.522,3228.22,3228.98,ETH
2026-01-06 04:35:38+00:00,2026-01-06 04:38:13.660028+00:00,338.0,3228.522,3228.22,3228.98,ETH
2026-01-06 04:35:39+00:00,2026-01-06 04:38:14.663698+00:00,339.0,3228.522,3228.22,3228.98,ETH
2026-01-06 04:35:40+00:00,2026-01-06 04:38:15.666456+00:00,340.0,3228.542,3228.22,3228.98,ETH
2026-01-06 04:35:41+00:00,2026-01-06 04:38:16.667976+00:00,341.0,3228.562,3228.22,3228.98,ETH
2026-01-06 04:35:42+00:00,2026-01-06 04:38:17.670994+00:00,342.0,3228.562,3228.22,3228.98,ETH
2026-01-06 04:35:43+00:00,2026-01-06 04:38:18.682712+00:00,343.0,3228.562,3228.22,3228.98,ETH
2026-01-06 04:35:44+00:00,2026-01-06 04:38:19.697418+00:00,344.0,3228.562,3228.22,3228.98,ETH
2026-01-06 04:35:45+00:00,2026-01-06 04:38:20.699938+00:00,345.0,3228.562,3228.22,3228.98,ETH
2026-01-06 04:35:46+00:00,2026-01-06 04:38:21.702238+00:00,346.0,3228.562,3228.22,3228.98,ETH
2026-01-06 04:35:47+00:00,2026-01-06 04:38:22.713498+00:00,347.0,3228.562,3228.24,3228.98,ETH
2026-01-06 04:35:48+00:00,2026-01-06 04:38:23.712446+00:00,348.0,3228.562,3228.25,3228.99,ETH
2026-01-06 04:35:49+00:00,2026-01-06 04:38:24.716620+00:00,349.0,3228.562,3228.26,3228.99,ETH
2026-01-06 04:35:50+00:00,2026-01-06 04:38:25.723936+00:00,350.0,3228.562,3228.26,3228.99,ETH
2026-01-06 04:35:51+00:00,2026-01-06 04:38:26.727582+00:00,351.0,3228.562,3228.26,3228.99,ETH
2026-01-06 04:35:52+00:00,2026-01-06 04:38:27.725986+00:00,352.0,3228.562,3228.26,3228.97,ETH
2026-01-06 04:35:53+00:00,2026-01-06 04:38:28.727506+00:00,353.0,3228.562,3228.26,3228.95,ETH
2026-01-06 04:35:54+00:00,2026-01-06 04:38:29.729927+00:00,354.0,3228.562,3228.26,3228.95,ETH
2026-01-06 04:35:55+00:00,2026-01-06 04:38:30.729324+00:00,355.0,3228.562,3228.25,3228.96,ETH
2026-01-06 04:35:56+00:00,2026-01-06 04:38:31.747179+00:00,356.0,3228.562,3228.25,3228.98,ETH
2026-01-06 04:35:57+00:00,2026-01-06 04:38:32.748464+00:00,357.0,3228.562,3228.25,3228.98,ETH
2026-01-06 04:35:58+00:00,2026-01-06 04:38:33.759116+00:00,358.0,3228.562,3228.25,3228.98,ETH
2026-01-06 04:35:59+00:00,2026-01-06 04:38:34.760283+00:00,359.0,3228.562,3228.25,3228.98,ETH
2026-01-06 04:36:00+00:00,2026-01-06 04:38:35.796656+00:00,360.0,3228.572,3228.25,3228.98,ETH
2026-01-06 04:36:01+00:00,2026-01-06 04:38:36.789051+00:00,361.0,3228.572,3228.3,3228.98,ETH
2026-01-06 04:36:02+00:00,2026-01-06 04:38:37.784243+00:00,362.0,3228.892,3228.64,3229.36,ETH
2026-01-06 04:36:03+00:00,2026-01-06 04:38:38.792852+00:00,363.0,3229.222,3229.01,3229.74,ETH
2026-01-06 04:36:04+00:00,2026-01-06 04:38:39.814710+00:00,364.0,3229.232,3229.12,3229.77,ETH
2026-01-06 04:36:05+00:00,2026-01-06 04:38:40.813380+00:00,365.0,3229.402,3229.2,3229.91,ETH
2026-01-06 04:36:06+00:00,2026-01-06 04:38:41.827803+00:00,366.0,3229.892,3229.52,3230.2,ETH
2026-01-06 04:36:07+00:00,2026-01-06 04:38:42.845827+00:00,367.0,3230.202,3229.84,3230.43,ETH
2026-01-06 04:36:08+00:00,2026-01-06 04:38:43.843355+00:00,368.0,3230.202,3229.91,3230.49,ETH
2026-01-06 04:36:09+00:00,2026-01-06 04:38:44.863701+00:00,369.0,3230.212,3229.92,3230.51,ETH
2026-01-06 04:36:10+00:00,2026-01-06 04:38:45.862632+00:00,370.0,3230.212,3229.92,3230.52,ETH
2026-01-06 04:36:11+00:00,2026-01-06 04:38:46.865592+00:00,371.0,3230.222,3229.96,3230.55,ETH
2026-01-06 04:36:12+00:00,2026-01-06 04:38:47.865443+00:00,372.0,3230.232,3230.0,3230.56,ETH
2026-01-06 04:36:13+00:00,2026-01-06 04:38:48.865799+00:00,373.0,3230.232,3230.01,3230.57,ETH
2026-01-06 04:36:14+00:00,2026-01-06 04:38:49.866777+00:00,374.0,3230.232,3230.01,3230.6,ETH
2026-01-06 04:36:15+00:00,2026-01-06 04:38:50.881165+00:00,375.0,3230.232,3230.01,3230.65,ETH
2026-01-06 04:36:16+00:00,2026-01-06 04:38:51.880074+00:00,376.0,3230.482,3230.2,3230.9,ETH
2026-01-06 04:36:17+00:00,2026-01-06 04:38:52.894342+00:00,377.0,3230.732,3230.4,3231.17,ETH
2026-01-06 04:36:18+00:00,2026-01-06 04:38:53.911415+00:00,378.0,3230.782,3230.52,3231.24,ETH
2026-01-06 04:36:19+00:00,2026-01-06 04:38:54.914601+00:00,379.0,3230.842,3230.64,3231.27,ETH
2026-01-06 04:36:20+00:00,2026-01-06 04:38:55.925603+00:00,380.0,3230.852,3230.64,3231.3,ETH
2026-01-06 04:36:21+00:00,2026-01-06 04:38:56.929298+00:00,381.0,3230.852,3230.65,3231.3,ETH
2026-01-06 04:36:22+00:00,2026-01-06 04:38:57.947584+00:00,382.0,3230.982,3230.76,3231.47,ETH
2026-01-06 04:36:23+00:00,2026-01-06 04:38:58.946076+00:00,383.0,3231.102,3230.9,3231.65,ETH
2026-01-06 04:36:24+00:00,2026-01-06 04:38:59.962917+00:00,384.0,3231.102,3230.94,3231.64,ETH
2026-01-06 04:36:25+00:00,2026-01-06 04:39:00.972814+00:00,385.0,3231.112,3230.97,3231.65,ETH
2026-01-06 04:36:26+00:00,2026-01-06 04:39:01.979858+00:00,386.0,3231.112,3230.98,3231.65,ETH
2026-01-06 04:36:27+00:00,2026-01-06 04:39:02.994155+00:00,387.0,3231.162,3230.98,3231.58,ETH
2026-01-06 04:36:28+00:00,2026-01-06 04:39:03.996770+00:00,388.0,3231.162,3230.98,3231.53,ETH
2026-01-06 04:36:29+00:00,2026-01-06 04:39:05.014465+00:00,389.0,3230.942,3230.88,3231.33,ETH
2026-01-06 04:36:30+00:00,2026-01-06 04:39:06.026271+00:00,390.0,3230.912,3230.84,3231.31,ETH
2026-01-06 04:36:31+00:00,2026-01-06 04:39:07.049600+00:00,391.0,3230.922,3230.64,3231.31,ETH
2026-01-06 04:36:32+00:00,2026-01-06 04:39:08.059238+00:00,392.0,3230.922,3230.63,3231.31,ETH
2026-01-06 04:36:33+00:00,2026-01-06 04:39:09.053295+00:00,393.0,3230.892,3230.65,3231.29,ETH
2026-01-06 04:36:34+00:00,2026-01-06 04:39:10.105560+00:00,394.0,3230.892,3230.64,3231.29,ETH
2026-01-06 04:36:35+00:00,2026-01-06 04:39:11.114177+00:00,395.0,3230.892,3230.64,3231.29,ETH
2026-01-06 04:36:36+00:00,2026-01-06 04:39:12.110332+00:00,396.0,3230.892,3230.64,3231.24,ETH
2026-01-06 04:36:37+00:00,2026-01-06 04:39:13.109694+00:00,397.0,3230.892,3230.64,3231.19,ETH
2026-01-06 04:36:38+00:00,2026-01-06 04:39:14.114937+00:00,398.0,3230.892,3230.64,3231.18,ETH
2026-01-06 04:36:39+00:00,2026-01-06 04:39:15.127732+00:00,399.0,3230.892,3230.64,3231.26,ETH
2026-01-06 04:36:40+00:00,2026-01-06 04:39:16.141314+00:00,400.0,3230.892,3230.64,3231.16,ETH
2026-01-06 04:36:41+00:00,2026-01-06 04:39:17.142287+00:00,401.0,3230.892,3230.64,3231.06,ETH
2026-01-06 04:36:42+00:00,2026-01-06 04:39:18.140628+00:00,402.0,3230.632,3230.37,3230.99,ETH
2026-01-06 04:36:43+00:00,2026-01-06 04:39:19.158395+00:00,403.0,3230.662,3230.35,3231.1,ETH
2026-01-06 04:36:44+00:00,2026-01-06 04:39:20.174300+00:00,404.0,3230.692,3230.38,3231.1,ETH
2026-01-06 04:36:45+00:00,2026-01-06 04:39:21.174152+00:00,405.0,3230.692,3230.38,3231.1,ETH
2026-01-06 04:36:46+00:00,2026-01-06 04:39:22.194194+00:00,406.0,3230.682,3230.4,3231.08,ETH
2026-01-06 04:36:47+00:00,2026-01-06 04:39:23.175388+00:00,407.0,3230.682,3230.4,3231.07,ETH
2026-01-06 04:36:48+00:00,2026-01-06 04:39:24.210561+00:00,408.0,3230.662,3230.4,3231.0,ETH
2026-01-06 04:36:49+00:00,2026-01-06 04:39:25.220658+00:00,409.0,3230.652,3230.4,3231.0,ETH
2026-01-06 04:36:50+00:00,2026-01-06 04:39:26.239304+00:00,410.0,3230.652,3230.4,3230.97,ETH
2026-01-06 04:36:51+00:00,2026-01-06 04:39:27.210274+00:00,411.0,3230.652,3230.4,3230.94,ETH
2026-01-06 04:36:52+00:00,2026-01-06 04:39:28.218440+00:00,412.0,3230.602,3230.38,3230.99,ETH
2026-01-06 04:36:53+00:00,2026-01-06 04:39:29.211304+00:00,413.0,3230.602,3230.38,3230.96,ETH
2026-01-06 04:36:54+00:00,2026-01-06 04:39:30.207373+00:00,414.0,3230.602,3230.38,3230.93,ETH
2026-01-06 04:36:55+00:00,2026-01-06 04:39:31.209756+00:00,415.0,3230.602,3230.38,3230.95,ETH
2026-01-06 04:36:56+00:00,2026-01-06 04:39:32.207009+00:00,416.0,3230.592,3230.37,3230.98,ETH
2026-01-06 04:36:57+00:00,2026-01-06 04:39:33.210569+00:00,417.0,3230.592,3230.37,3230.95,ETH
2026-01-06 04:36:58+00:00,2026-01-06 04:39:34.209281+00:00,418.0,3230.592,3230.37,3230.88,ETH
2026-01-06 04:36:59+00:00,2026-01-06 04:39:35.206735+00:00,419.0,3230.592,3230.37,3230.88,ETH
2026-01-06 04:37:00+00:00,2026-01-06 04:39:36.207050+00:00,420.0,3230.592,3230.37,3230.86,ETH
2026-01-06 04:37:01+00:00,2026-01-06 04:39:37.208477+00:00,421.0,3230.592,3230.37,3230.92,ETH
2026-01-06 04:37:02+00:00,2026-01-06 04:39:38.221887+00:00,422.0,3230.612,3230.36,3230.98,ETH
2026-01-06 04:37:03+00:00,2026-01-06 04:39:39.229484+00:00,423.0,3230.602,3230.36,3230.99,ETH
2026-01-06 04:37:04+00:00,2026-01-06 04:39:40.252402+00:00,424.0,3230.602,3230.36,3230.95,ETH
2026-01-06 04:37:05+00:00,2026-01-06 04:39:41.262300+00:00,425.0,3230.602,3230.36,3230.96,ETH
2026-01-06 04:37:06+00:00,2026-01-06 04:39:42.325651+00:00,426.0,3230.602,3230.36,3230.93,ETH
2026-01-06 04:37:07+00:00,2026-01-06 04:39:43.328978+00:00,427.0,3230.592,3230.35,3230.88,ETH
2026-01-06 04:37:08+00:00,2026-01-06 04:39:44.308703+00:00,428.0,3230.582,3230.34,3230.9,ETH
2026-01-06 04:37:09+00:00,2026-01-06 04:39:45.298433+00:00,429.0,3230.572,3230.33,3230.92,ETH
2026-01-06 04:37:10+00:00,2026-01-06 04:39:46.325681+00:00,430.0,3230.572,3230.33,3230.92,ETH
2026-01-06 04:37:11+00:00,2026-01-06 04:39:47.329642+00:00,431.0,3230.562,3230.24,3230.87,ETH
2026-01-06 04:37:12+00:00,2026-01-06 04:39:48.326501+00:00,432.0,3230.542,3230.16,3230.83,ETH
2026-01-06 04:37:13+00:00,2026-01-06 04:39:49.325871+00:00,433.0,3230.542,3230.15,3230.79,ETH
2026-01-06 04:37:14+00:00,2026-01-06 04:39:50.308969+00:00,434.0,3230.542,3230.14,3230.75,ETH
2026-01-06 04:37:15+00:00,2026-01-06 04:39:51.311091+00:00,435.0,3230.532,3230.14,3230.75,ETH
2026-01-06 04:37:16+00:00,2026-01-06 04:39:52.309482+00:00,436.0,3230.402,3230.13,3230.65,ETH
2026-01-06 04:37:17+00:00,2026-01-06 04:39:53.412833+00:00,437.0,3230.312,3229.96,3230.65,ETH
2026-01-06 04:37:18+00:00,2026-01-06 04:39:54.410240+00:00,438.0,3230.312,3229.96,3230.57,ETH
2026-01-06 04:37:19+00:00,2026-01-06 04:39:55.433382+00:00,439.0,3230.312,3229.96,3230.5,ETH
2026-01-06 04:37:20+00:00,2026-01-06 04:39:56.447598+00:00,440.0,3230.312,3229.96,3230.5,ETH
2026-01-06 04:37:21+00:00,2026-01-06 04:39:57.447440+00:00,441.0,3230.162,3229.95,3230.33,ETH
2026-01-06 04:37:22+00:00,2026-01-06 04:39:58.447617+00:00,442.0,3230.162,3229.79,3230.23,ETH
2026-01-06 04:37:23+00:00,2026-01-06 04:39:59.463264+00:00,443.0,3230.082,3229.79,3230.23,ETH
2026-01-06 04:37:24+00:00,2026-01-06 04:40:00.461767+00:00,444.0,3230.162,3229.79,3230.55,ETH
2026-01-06 04:37:25+00:00,2026-01-06 04:40:01.478980+00:00,445.0,3230.192,3230.18,3230.62,ETH
2026-01-06 04:37:26+00:00,2026-01-06 04:40:02.504685+00:00,446.0,3230.512,3230.29,3230.93,ETH
2026-01-06 04:37:27+00:00,2026-01-06 04:40:03.509440+00:00,447.0,3230.512,3230.29,3230.93,ETH
2026-01-06 04:37:28+00:00,2026-01-06 04:40:04.533328+00:00,448.0,3230.512,3230.29,3230.93,ETH
2026-01-06 04:37:29+00:00,2026-01-06 04:40:05.554246+00:00,449.0,3230.512,3230.32,3230.9,ETH
2026-01-06 04:37:30+00:00,2026-01-06 04:40:06.531126+00:00,450.0,3230.492,3230.32,3230.86,ETH
2026-01-06 04:37:31+00:00,2026-01-06 04:40:07.530743+00:00,451.0,3230.462,3230.32,3230.63,ETH
2026-01-06 04:37:32+00:00,2026-01-06 04:40:08.540323+00:00,452.0,3230.442,3230.14,3230.71,ETH
2026-01-06 04:37:33+00:00,2026-01-06 04:40:09.565753+00:00,453.0,3230.442,3230.14,3230.71,ETH
2026-01-06 04:37:34+00:00,2026-01-06 04:40:10.549178+00:00,454.0,3230.442,3230.14,3230.71,ETH
2026-01-06 04:37:35+00:00,2026-01-06 04:40:11.544681+00:00,455.0,3230.442,3230.14,3230.72,ETH
2026-01-06 04:37:36+00:00,2026-01-06 04:40:12.544830+00:00,456.0,3230.462,3230.14,3230.85,ETH
2026-01-06 04:37:37+00:00,2026-01-06 04:40:13.542232+00:00,457.0,3230.472,3230.16,3230.91,ETH
2026-01-06 04:37:38+00:00,2026-01-06 04:40:14.561026+00:00,458.0,3230.472,3230.16,3230.91,ETH
2026-01-06 04:37:39+00:00,2026-01-06 04:40:16.574966+00:00,459.0,3230.472,3230.19,3230.88,ETH
2026-01-06 04:37:40+00:00,2026-01-06 04:40:17.590219+00:00,460.0,3230.472,3230.23,3230.88,ETH
2026-01-06 04:37:41+00:00,2026-01-06 04:40:18.604435+00:00,461.0,3230.472,3230.23,3230.88,ETH
2026-01-06 04:37:42+00:00,2026-01-06 04:40:19.607186+00:00,462.0,3230.472,3230.23,3230.88,ETH
2026-01-06 04:37:43+00:00,2026-01-06 04:40:20.608104+00:00,463.0,3230.472,3230.23,3230.87,ETH
2026-01-06 04:37:44+00:00,2026-01-06 04:40:21.606397+00:00,464.0,3230.472,3230.22,3230.85,ETH
2026-01-06 04:37:45+00:00,2026-01-06 04:40:22.609310+00:00,465.0,3230.462,3230.22,3230.84,ETH
2026-01-06 04:37:46+00:00,2026-01-06 04:40:23.610897+00:00,466.0,3230.452,3230.23,3230.84,ETH
2026-01-06 04:37:47+00:00,2026-01-06 04:40:24.622999+00:00,467.0,3230.452,3230.22,3230.84,ETH
2026-01-06 04:37:48+00:00,2026-01-06 04:40:25.638595+00:00,468.0,3230.452,3230.22,3230.84,ETH
2026-01-06 04:37:49+00:00,2026-01-06 04:40:26.646940+00:00,469.0,3230.452,3230.22,3230.84,ETH
2026-01-06 04:37:50+00:00,2026-01-06 04:40:27.638811+00:00,470.0,3230.452,3230.22,3230.84,ETH
2026-01-06 04:37:52+00:00,2026-01-06 04:40:28.688822+00:00,472.0,3230.452,3230.22,3230.84,ETH
2026-01-06 04:37:53+00:00,2026-01-06 04:40:29.706263+00:00,473.0,3230.452,3230.23,3230.79,ETH
2026-01-06 04:37:54+00:00,2026-01-06 04:40:30.690360+00:00,474.0,3229.882,3229.43,3230.02,ETH
2026-01-06 04:37:55+00:00,2026-01-06 04:40:31.711032+00:00,475.0,3229.662,3229.32,3229.93,ETH
2026-01-06 04:37:56+00:00,2026-01-06 04:40:32.695208+00:00,476.0,3229.602,3229.31,3229.79,ETH
2026-01-06 04:37:57+00:00,2026-01-06 04:40:33.709443+00:00,477.0,3229.582,3229.31,3229.96,ETH
2026-01-06 04:37:58+00:00,2026-01-06 04:40:34.704549+00:00,478.0,3229.552,3229.31,3229.78,ETH
2026-01-06 04:37:59+00:00,2026-01-06 04:40:35.701778+00:00,479.0,3229.552,3229.31,3229.76,ETH
2026-01-06 04:38:00+00:00,2026-01-06 04:40:36.702014+00:00,480.0,3229.542,3229.31,3229.76,ETH
2026-01-06 04:38:01+00:00,2026-01-06 04:40:37.713152+00:00,481.0,3229.532,3229.31,3229.76,ETH
2026-01-06 04:38:02+00:00,2026-01-06 04:40:38.718322+00:00,482.0,3229.462,3229.31,3229.75,ETH
2026-01-06 04:38:03+00:00,2026-01-06 04:40:40.746729+00:00,483.0,3229.462,3229.2,3229.75,ETH
2026-01-06 04:38:04+00:00,2026-01-06 04:40:41.762332+00:00,484.0,3229.522,3229.12,3229.75,ETH
2026-01-06 04:38:05+00:00,2026-01-06 04:40:42.779725+00:00,485.0,3229.152,3228.87,3229.26,ETH
2026-01-06 04:38:06+00:00,2026-01-06 04:40:43.782439+00:00,486.0,3228.582,3228.32,3228.76,ETH
2026-01-06 04:38:07+00:00,2026-01-06 04:40:44.789041+00:00,487.0,3228.402,3228.03,3228.74,ETH
2026-01-06 04:38:08+00:00,2026-01-06 04:40:45.793918+00:00,488.0,3228.382,3228.01,3228.73,ETH
2026-01-06 04:38:09+00:00,2026-01-06 04:40:46.810252+00:00,489.0,3228.392,3228.05,3228.73,ETH
2026-01-06 04:38:10+00:00,2026-01-06 04:40:47.824269+00:00,490.0,3228.412,3228.09,3228.74,ETH
2026-01-06 04:38:11+00:00,2026-01-06 04:40:48.849767+00:00,491.0,3228.392,3228.09,3228.67,ETH
2026-01-06 04:38:12+00:00,2026-01-06 04:40:49.856716+00:00,492.0,3228.392,3228.09,3228.6,ETH
2026-01-06 04:38:13+00:00,2026-01-06 04:40:50.870911+00:00,493.0,3228.392,3228.08,3228.6,ETH
2026-01-06 04:38:14+00:00,2026-01-06 04:40:51.858487+00:00,494.0,3228.392,3228.07,3228.6,ETH
2026-01-06 04:38:15+00:00,2026-01-06 04:40:52.863975+00:00,495.0,3228.392,3228.07,3228.66,ETH
2026-01-06 04:38:16+00:00,2026-01-06 04:40:53.860314+00:00,496.0,3228.392,3228.07,3228.76,ETH
2026-01-06 04:38:17+00:00,2026-01-06 04:40:54.862338+00:00,497.0,3228.402,3228.1,3228.8,ETH
2026-01-06 04:38:18+00:00,2026-01-06 04:40:55.874270+00:00,498.0,3228.412,3228.14,3228.81,ETH
2026-01-06 04:38:19+00:00,2026-01-06 04:40:56.879626+00:00,499.0,3228.412,3228.15,3228.81,ETH
2026-01-06 04:38:20+00:00,2026-01-06 04:40:57.890992+00:00,500.0,3228.242,3227.92,3228.44,ETH
2026-01-06 04:38:21+00:00,2026-01-06 04:40:58.893169+00:00,501.0,3227.682,3227.41,3227.76,ETH
2026-01-06 04:38:22+00:00,2026-01-06 04:40:59.919661+00:00,502.0,3227.232,3227.0,3227.38,ETH
2026-01-06 04:38:23+00:00,2026-01-06 04:41:00.918955+00:00,503.0,3227.162,3226.85,3227.31,ETH
2026-01-06 04:38:24+00:00,2026-01-06 04:41:01.920416+00:00,504.0,3227.132,3226.84,3227.31,ETH
2026-01-06 04:38:25+00:00,2026-01-06 04:41:02.922521+00:00,505.0,3227.102,3226.82,3227.31,ETH
2026-01-06 04:38:26+00:00,2026-01-06 04:41:03.930304+00:00,506.0,3227.102,3226.82,3227.31,ETH
2026-01-06 04:38:27+00:00,2026-01-06 04:41:04.923186+00:00,507.0,3227.112,3226.82,3227.31,ETH
2026-01-06 04:38:28+00:00,2026-01-06 04:41:05.922510+00:00,508.0,3226.942,3226.82,3227.11,ETH
2026-01-06 04:38:29+00:00,2026-01-06 04:41:06.932712+00:00,509.0,3226.952,3226.58,3227.11,ETH
2026-01-06 04:38:30+00:00,2026-01-06 04:41:07.943873+00:00,510.0,3226.952,3226.58,3227.16,ETH
2026-01-06 04:38:31+00:00,2026-01-06 04:41:08.943179+00:00,511.0,3226.582,3226.49,3226.73,ETH
2026-01-06 04:38:32+00:00,2026-01-06 04:41:09.940012+00:00,512.0,3226.211,3225.99,3226.22,ETH
2026-01-06 04:38:33+00:00,2026-01-06 04:41:10.939717+00:00,513.0,3225.951,3225.55,3226.22,ETH
2026-01-06 04:38:34+00:00,2026-01-06 04:41:11.974188+00:00,514.0,3225.951,3225.55,3226.19,ETH
2026-01-06 04:38:35+00:00,2026-01-06 04:41:12.990781+00:00,515.0,3226.041,3225.66,3226.44,ETH
2026-01-06 04:38:36+00:00,2026-01-06 04:41:14.004939+00:00,516.0,3226.041,3225.66,3226.45,ETH
2026-01-06 04:38:37+00:00,2026-01-06 04:41:15.006145+00:00,517.0,3226.051,3225.67,3226.45,ETH
2026-01-06 04:38:38+00:00,2026-01-06 04:41:16.006001+00:00,518.0,3226.051,3225.67,3226.45,ETH
2026-01-06 04:38:39+00:00,2026-01-06 04:41:17.005989+00:00,519.0,3226.041,3225.67,3226.45,ETH
2026-01-06 04:38:40+00:00,2026-01-06 04:41:18.002918+00:00,520.0,3226.041,3225.67,3226.45,ETH
2026-01-06 04:38:41+00:00,2026-01-06 04:41:19.019285+00:00,521.0,3226.061,3225.67,3226.44,ETH
2026-01-06 04:38:42+00:00,2026-01-06 04:41:20.021932+00:00,522.0,3226.061,3225.67,3226.44,ETH
2026-01-06 04:38:43+00:00,2026-01-06 04:41:21.025854+00:00,523.0,3226.051,3225.68,3226.45,ETH
2026-01-06 04:38:44+00:00,2026-01-06 04:41:22.046901+00:00,524.0,3226.051,3225.68,3226.45,ETH
2026-01-06 04:38:45+00:00,2026-01-06 04:41:23.029216+00:00,525.0,3226.051,3225.68,3226.45,ETH
2026-01-06 04:38:46+00:00,2026-01-06 04:41:24.035491+00:00,526.0,3226.051,3225.68,3226.25,ETH
2026-01-06 04:38:47+00:00,2026-01-06 04:41:25.034877+00:00,527.0,3226.011,3225.67,3226.25,ETH
2026-01-06 04:38:48+00:00,2026-01-06 04:41:26.042574+00:00,528.0,3226.011,3225.66,3226.25,ETH
2026-01-06 04:38:49+00:00,2026-01-06 04:41:27.040707+00:00,529.0,3226.011,3225.66,3226.25,ETH
2026-01-06 04:38:50+00:00,2026-01-06 04:41:28.048407+00:00,530.0,3226.011,3225.66,3226.25,ETH
2026-01-06 04:38:51+00:00,2026-01-06 04:41:29.088121+00:00,531.0,3226.011,3225.66,3226.25,ETH
2026-01-06 04:38:52+00:00,2026-01-06 04:41:30.109051+00:00,532.0,3226.021,3225.65,3226.34,ETH
2026-01-06 04:38:53+00:00,2026-01-06 04:41:31.127867+00:00,533.0,3226.021,3225.65,3226.35,ETH
2026-01-06 04:38:54+00:00,2026-01-06 04:41:32.109562+00:00,534.0,3226.021,3225.68,3226.42,ETH
2026-01-06 04:38:55+00:00,2026-01-06 04:41:33.138901+00:00,535.0,3226.281,3225.97,3226.51,ETH
2026-01-06 04:38:56+00:00,2026-01-06 04:41:34.141265+00:00,536.0,3226.371,3226.28,3226.77,ETH
2026-01-06 04:38:57+00:00,2026-01-06 04:41:35.152150+00:00,537.0,3226.492,3226.3,3227.07,ETH
2026-01-06 04:38:58+00:00,2026-01-06 04:41:36.156344+00:00,538.0,3226.492,3226.3,3227.08,ETH
2026-01-06 04:38:59+00:00,2026-01-06 04:41:37.153269+00:00,539.0,3226.492,3226.3,3227.08,ETH
2026-01-06 04:39:00+00:00,2026-01-06 04:41:38.170817+00:00,540.0,3226.702,3226.41,3227.15,ETH
2026-01-06 04:39:01+00:00,2026-01-06 04:41:39.168936+00:00,541.0,3226.772,3226.44,3227.19,ETH
2026-01-06 04:39:02+00:00,2026-01-06 04:41:40.178237+00:00,542.0,3226.822,3226.55,3227.23,ETH
2026-01-06 04:39:03+00:00,2026-01-06 04:41:41.173714+00:00,543.0,3226.602,3226.41,3226.76,ETH
2026-01-06 04:39:04+00:00,2026-01-06 04:41:42.185130+00:00,544.0,3226.351,3226.12,3226.6,ETH
2026-01-06 04:39:05+00:00,2026-01-06 04:41:43.188868+00:00,545.0,3226.281,3226.12,3226.6,ETH
2026-01-06 04:39:06+00:00,2026-01-06 04:41:44.256464+00:00,546.0,3226.281,3226.12,3226.6,ETH
2026-01-06 04:39:07+00:00,2026-01-06 04:41:45.262325+00:00,547.0,3226.281,3226.09,3226.6,ETH
2026-01-06 04:39:08+00:00,2026-01-06 04:41:46.274663+00:00,548.0,3226.291,3226.09,3226.55,ETH
2026-01-06 04:39:09+00:00,2026-01-06 04:41:47.289743+00:00,549.0,3226.291,3226.09,3226.55,ETH
2026-01-06 04:39:10+00:00,2026-01-06 04:41:48.282992+00:00,550.0,3226.291,3226.08,3226.48,ETH
2026-01-06 04:39:11+00:00,2026-01-06 04:41:49.281958+00:00,551.0,3226.291,3226.05,3226.46,ETH
2026-01-06 04:39:12+00:00,2026-01-06 04:41:50.287326+00:00,552.0,3226.301,3226.01,3226.44,ETH
2026-01-06 04:39:13+00:00,2026-01-06 04:41:51.280496+00:00,553.0,3226.281,3226.01,3226.44,ETH
2026-01-06 04:39:14+00:00,2026-01-06 04:41:52.289804+00:00,554.0,3226.181,3225.88,3226.38,ETH
2026-01-06 04:39:15+00:00,2026-01-06 04:41:53.289352+00:00,555.0,3226.161,3225.82,3226.35,ETH
2026-01-06 04:39:16+00:00,2026-01-06 04:41:54.287313+00:00,556.0,3226.151,3225.79,3226.42,ETH
2026-01-06 04:39:17+00:00,2026-01-06 04:41:55.298724+00:00,557.0,3226.161,3225.81,3226.43,ETH
2026-01-06 04:39:18+00:00,2026-01-06 04:41:56.291924+00:00,558.0,3226.161,3225.81,3226.43,ETH
2026-01-06 04:39:19+00:00,2026-01-06 04:41:57.301907+00:00,559.0,3226.171,3225.81,3226.45,ETH
2026-01-06 04:39:20+00:00,2026-01-06 04:41:58.315998+00:00,560.0,3226.171,3225.81,3226.45,ETH
2026-01-06 04:39:21+00:00,2026-01-06 04:41:59.324665+00:00,561.0,3226.181,3225.81,3226.44,ETH
2026-01-06 04:39:22+00:00,2026-01-06 04:42:00.345573+00:00,562.0,3226.171,3225.81,3226.43,ETH
2026-01-06 04:39:23+00:00,2026-01-06 04:42:01.326668+00:00,563.0,3226.171,3225.81,3226.43,ETH
2026-01-06 04:39:24+00:00,2026-01-06 04:42:02.360261+00:00,564.0,3226.171,3225.81,3226.43,ETH
2026-01-06 04:39:25+00:00,2026-01-06 04:42:03.341215+00:00,565.0,3226.171,3225.81,3226.43,ETH
2026-01-06 04:39:26+00:00,2026-01-06 04:42:04.336625+00:00,566.0,3226.171,3225.81,3226.43,ETH
2026-01-06 04:39:27+00:00,2026-01-06 04:42:05.327237+00:00,567.0,3226.161,3225.81,3226.43,ETH
2026-01-06 04:39:28+00:00,2026-01-06 04:42:06.344442+00:00,568.0,3226.161,3225.81,3226.41,ETH
2026-01-06 04:39:29+00:00,2026-01-06 04:42:07.333705+00:00,569.0,3226.161,3225.76,3226.33,ETH
2026-01-06 04:39:30+00:00,2026-01-06 04:42:08.342462+00:00,570.0,3226.091,3225.7,3226.26,ETH
2026-01-06 04:39:31+00:00,2026-01-06 04:42:09.349672+00:00,571.0,3225.971,3225.7,3226.23,ETH
2026-01-06 04:39:32+00:00,2026-01-06 04:42:10.351596+00:00,572.0,3225.821,3225.46,3226.05,ETH
2026-01-06 04:39:33+00:00,2026-01-06 04:42:11.358537+00:00,573.0,3225.821,3225.44,3225.99,ETH
2026-01-06 04:39:34+00:00,2026-01-06 04:42:12.359293+00:00,574.0,3225.811,3225.46,3225.95,ETH
2026-01-06 04:39:35+00:00,2026-01-06 04:42:13.470874+00:00,575.0,3225.821,3225.46,3225.97,ETH
2026-01-06 04:39:36+00:00,2026-01-06 04:42:14.469745+00:00,576.0,3225.821,3225.46,3226.15,ETH
2026-01-06 04:39:37+00:00,2026-01-06 04:42:15.467643+00:00,577.0,3225.961,3225.73,3226.42,ETH
2026-01-06 04:39:38+00:00,2026-01-06 04:42:16.484318+00:00,578.0,3226.031,3225.74,3226.43,ETH
2026-01-06 04:39:39+00:00,2026-01-06 04:42:18.504292+00:00,579.0,3226.121,3225.83,3226.43,ETH
2026-01-06 04:39:40+00:00,2026-01-06 04:42:19.518703+00:00,580.0,3226.131,3225.83,3226.47,ETH
2026-01-06 04:39:41+00:00,2026-01-06 04:42:20.517595+00:00,581.0,3226.131,3225.83,3226.48,ETH
2026-01-06 04:39:42+00:00,2026-01-06 04:42:21.532911+00:00,582.0,3226.131,3225.83,3226.44,ETH
2026-01-06 04:39:43+00:00,2026-01-06 04:42:22.551967+00:00,583.0,3226.131,3225.83,3226.45,ETH
2026-01-06 04:39:44+00:00,2026-01-06 04:42:23.549680+00:00,584.0,3226.131,3225.83,3226.49,ETH
2026-01-06 04:39:45+00:00,2026-01-06 04:42:24.570292+00:00,585.0,3226.131,3225.83,3226.51,ETH
2026-01-06 04:39:46+00:00,2026-01-06 04:42:25.575647+00:00,586.0,3226.131,3225.83,3226.51,ETH
2026-01-06 04:39:47+00:00,2026-01-06 04:42:26.586514+00:00,587.0,3226.131,3225.83,3226.51,ETH
2026-01-06 04:39:48+00:00,2026-01-06 04:42:27.588205+00:00,588.0,3226.131,3225.83,3226.51,ETH
2026-01-06 04:39:49+00:00,2026-01-06 04:42:28.611153+00:00,589.0,3226.131,3225.83,3226.5,ETH
2026-01-06 04:39:50+00:00,2026-01-06 04:42:29.618236+00:00,590.0,3226.131,3225.83,3226.5,ETH
2026-01-06 04:39:51+00:00,2026-01-06 04:42:30.625048+00:00,591.0,3226.021,3225.83,3226.27,ETH
2026-01-06 04:39:52+00:00,2026-01-06 04:42:31.624973+00:00,592.0,3225.911,3225.7,3226.02,ETH
2026-01-06 04:39:53+00:00,2026-01-06 04:42:32.635457+00:00,593.0,3225.901,3225.55,3226.01,ETH
2026-01-06 04:39:54+00:00,2026-01-06 04:42:33.651116+00:00,594.0,3225.891,3225.54,3226.02,ETH
2026-01-06 04:39:55+00:00,2026-01-06 04:42:34.639436+00:00,595.0,3225.901,3225.55,3226.05,ETH
2026-01-06 04:39:56+00:00,2026-01-06 04:42:35.634710+00:00,596.0,3225.901,3225.55,3226.06,ETH
2026-01-06 04:39:57+00:00,2026-01-06 04:42:36.651385+00:00,597.0,3225.901,3225.55,3226.07,ETH
2026-01-06 04:39:59+00:00,2026-01-06 04:42:37.694400+00:00,599.0,3225.761,3225.5,3226.09,ETH
2026-01-06 04:40:00+00:00,2026-01-06 04:42:38.694153+00:00,600.0,3225.811,3225.47,3226.18,ETH
2026-01-06 04:40:01+00:00,2026-01-06 04:42:39.688379+00:00,601.0,3225.971,3225.58,3226.32,ETH
2026-01-06 04:40:02+00:00,2026-01-06 04:42:40.697636+00:00,602.0,3225.981,3225.75,3226.33,ETH
2026-01-06 04:40:03+00:00,2026-01-06 04:42:42.703326+00:00,603.0,3225.981,3225.75,3226.34,ETH
2026-01-06 04:40:04+00:00,2026-01-06 04:42:43.717381+00:00,604.0,3225.981,3225.75,3226.36,ETH
2026-01-06 04:40:05+00:00,2026-01-06 04:42:44.716364+00:00,605.0,3225.981,3225.75,3226.36,ETH
2026-01-06 04:40:06+00:00,2026-01-06 04:42:45.728295+00:00,606.0,3225.971,3225.74,3226.28,ETH
2026-01-06 04:40:07+00:00,2026-01-06 04:42:46.722113+00:00,607.0,3225.951,3225.73,3226.2,ETH
2026-01-06 04:40:09+00:00,2026-01-06 04:42:47.790618+00:00,609.0,3225.941,3225.7,3226.16,ETH
2026-01-06 04:40:10+00:00,2026-01-06 04:42:48.724507+00:00,610.0,3225.931,3225.7,3226.15,ETH
2026-01-06 04:40:11+00:00,2026-01-06 04:42:49.768852+00:00,611.0,3225.911,3225.67,3226.11,ETH
2026-01-06 04:40:12+00:00,2026-01-06 04:42:50.792193+00:00,612.0,3225.931,3225.67,3226.11,ETH
2026-01-06 04:40:13+00:00,2026-01-06 04:42:51.784903+00:00,613.0,3225.931,3225.68,3226.17,ETH
2026-01-06 04:40:14+00:00,2026-01-06 04:42:52.802832+00:00,614.0,3225.951,3225.68,3226.21,ETH
2026-01-06 04:40:15+00:00,2026-01-06 04:42:53.793918+00:00,615.0,3225.951,3225.68,3226.23,ETH
2026-01-06 04:40:16+00:00,2026-01-06 04:42:54.783097+00:00,616.0,3225.951,3225.7,3226.2,ETH
2026-01-06 04:40:17+00:00,2026-01-06 04:42:55.800426+00:00,617.0,3225.961,3225.7,3226.26,ETH
2026-01-06 04:40:18+00:00,2026-01-06 04:42:56.790834+00:00,618.0,3225.951,3225.72,3226.29,ETH
2026-01-06 04:40:19+00:00,2026-01-06 04:42:57.792151+00:00,619.0,3225.951,3225.71,3226.25,ETH
2026-01-06 04:40:20+00:00,2026-01-06 04:42:58.798951+00:00,620.0,3225.851,3225.54,3226.25,ETH
2026-01-06 04:40:21+00:00,2026-01-06 04:42:59.800288+00:00,621.0,3225.781,3225.44,3226.12,ETH
2026-01-06 04:40:22+00:00,2026-01-06 04:43:00.805503+00:00,622.0,3225.781,3225.44,3226.1,ETH
2026-01-06 04:40:23+00:00,2026-01-06 04:43:01.797769+00:00,623.0,3225.831,3225.44,3226.11,ETH
2026-01-06 04:40:24+00:00,2026-01-06 04:43:02.803435+00:00,624.0,3225.831,3225.46,3226.17,ETH
2026-01-06 04:40:25+00:00,2026-01-06 04:43:03.819063+00:00,625.0,3225.841,3225.46,3226.18,ETH
2026-01-06 04:40:26+00:00,2026-01-06 04:43:04.820912+00:00,626.0,3225.841,3225.46,3226.18,ETH
2026-01-06 04:40:27+00:00,2026-01-06 04:43:05.812365+00:00,627.0,3225.841,3225.46,3226.18,ETH
2026-01-06 04:40:28+00:00,2026-01-06 04:43:07.845950+00:00,628.0,3225.861,3225.47,3226.2,ETH
2026-01-06 04:40:29+00:00,2026-01-06 04:43:08.836103+00:00,629.0,3225.891,3225.49,3226.23,ETH
2026-01-06 04:40:30+00:00,2026-01-06 04:43:09.838409+00:00,630.0,3225.901,3225.5,3226.25,ETH
2026-01-06 04:40:31+00:00,2026-01-06 04:43:10.824221+00:00,631.0,3225.901,3225.5,3226.25,ETH
2026-01-06 04:40:32+00:00,2026-01-06 04:43:11.857784+00:00,632.0,3225.911,3225.5,3226.25,ETH
2026-01-06 04:40:33+00:00,2026-01-06 04:43:12.855591+00:00,633.0,3225.911,3225.5,3226.25,ETH
2026-01-06 04:40:34+00:00,2026-01-06 04:43:13.854326+00:00,634.0,3225.901,3225.5,3226.17,ETH
2026-01-06 04:40:35+00:00,2026-01-06 04:43:14.873624+00:00,635.0,3225.891,3225.49,3226.09,ETH
2026-01-06 04:40:36+00:00,2026-01-06 04:43:15.870119+00:00,636.0,3225.891,3225.49,3226.08,ETH
2026-01-06 04:40:37+00:00,2026-01-06 04:43:16.868903+00:00,637.0,3225.891,3225.49,3226.08,ETH
2026-01-06 04:40:38+00:00,2026-01-06 04:43:17.889076+00:00,638.0,3225.881,3225.49,3226.09,ETH
2026-01-06 04:40:39+00:00,2026-01-06 04:43:18.885217+00:00,639.0,3225.881,3225.49,3226.08,ETH
2026-01-06 04:40:40+00:00,2026-01-06 04:43:19.888342+00:00,640.0,3225.881,3225.49,3226.08,ETH
2026-01-06 04:40:41+00:00,2026-01-06 04:43:20.905457+00:00,641.0,3225.891,3225.49,3226.08,ETH
2026-01-06 04:40:42+00:00,2026-01-06 04:43:21.919567+00:00,642.0,3225.891,3225.49,3226.08,ETH
2026-01-06 04:40:43+00:00,2026-01-06 04:43:22.922279+00:00,643.0,3225.881,3225.49,3226.07,ETH
2026-01-06 04:40:44+00:00,2026-01-06 04:43:23.918898+00:00,644.0,3225.871,3225.48,3226.06,ETH
2026-01-06 04:40:45+00:00,2026-01-06 04:43:24.916312+00:00,645.0,3225.871,3225.48,3226.06,ETH
2026-01-06 04:40:46+00:00,2026-01-06 04:43:25.931462+00:00,646.0,3225.861,3225.47,3226.07,ETH
2026-01-06 04:40:47+00:00,2026-01-06 04:43:26.921405+00:00,647.0,3225.861,3225.47,3226.07,ETH
2026-01-06 04:40:48+00:00,2026-01-06 04:43:27.913636+00:00,648.0,3225.861,3225.47,3226.07,ETH
2026-01-06 04:40:49+00:00,2026-01-06 04:43:28.903058+00:00,649.0,3225.851,3225.46,3226.07,ETH
2026-01-06 04:40:50+00:00,2026-01-06 04:43:29.937666+00:00,650.0,3225.851,3225.45,3226.07,ETH
2026-01-06 04:40:51+00:00,2026-01-06 04:43:30.929289+00:00,651.0,3225.851,3225.45,3226.07,ETH
2026-01-06 04:40:52+00:00,2026-01-06 04:43:31.932288+00:00,652.0,3225.851,3225.46,3226.08,ETH
2026-01-06 04:40:53+00:00,2026-01-06 04:43:32.949755+00:00,653.0,3225.851,3225.46,3226.09,ETH
2026-01-06 04:40:54+00:00,2026-01-06 04:43:33.936693+00:00,654.0,3225.851,3225.46,3226.09,ETH
2026-01-06 04:40:55+00:00,2026-01-06 04:43:34.954807+00:00,655.0,3225.851,3225.45,3226.12,ETH
2026-01-06 04:40:56+00:00,2026-01-06 04:43:35.947967+00:00,656.0,3225.851,3225.45,3226.13,ETH
2026-01-06 04:40:57+00:00,2026-01-06 04:43:36.997648+00:00,657.0,3225.851,3225.45,3226.12,ETH
2026-01-06 04:40:58+00:00,2026-01-06 04:43:38.005296+00:00,658.0,3225.851,3225.45,3226.12,ETH
2026-01-06 04:40:59+00:00,2026-01-06 04:43:38.996015+00:00,659.0,3225.731,3225.45,3225.9,ETH
2026-01-06 04:41:00+00:00,2026-01-06 04:43:40.003000+00:00,660.0,3225.551,3225.41,3225.68,ETH
2026-01-06 04:41:01+00:00,2026-01-06 04:43:41.002181+00:00,661.0,3225.411,3225.17,3225.69,ETH
2026-01-06 04:41:02+00:00,2026-01-06 04:43:42.038976+00:00,662.0,3225.321,3224.99,3225.72,ETH
2026-01-06 04:41:03+00:00,2026-01-06 04:43:43.020175+00:00,663.0,3225.441,3225.12,3225.86,ETH
2026-01-06 04:41:04+00:00,2026-01-06 04:43:44.032306+00:00,664.0,3225.581,3225.39,3225.99,ETH
2026-01-06 04:41:05+00:00,2026-01-06 04:43:45.039241+00:00,665.0,3225.581,3225.45,3226.0,ETH
2026-01-06 04:41:06+00:00,2026-01-06 04:43:46.055016+00:00,666.0,3225.561,3225.38,3226.03,ETH
2026-01-06 04:41:07+00:00,2026-01-06 04:43:47.033522+00:00,667.0,3225.561,3225.38,3226.02,ETH
2026-01-06 04:41:08+00:00,2026-01-06 04:43:48.063197+00:00,668.0,3225.561,3225.38,3226.0,ETH
2026-01-06 04:41:09+00:00,2026-01-06 04:43:49.051532+00:00,669.0,3225.561,3225.38,3226.0,ETH
2026-01-06 04:41:10+00:00,2026-01-06 04:43:50.069795+00:00,670.0,3225.561,3225.38,3226.0,ETH
2026-01-06 04:41:11+00:00,2026-01-06 04:43:51.067135+00:00,671.0,3225.561,3225.38,3226.0,ETH
2026-01-06 04:41:12+00:00,2026-01-06 04:43:52.083550+00:00,672.0,3225.601,3225.39,3226.02,ETH
2026-01-06 04:41:13+00:00,2026-01-06 04:43:53.135733+00:00,673.0,3225.631,3225.4,3226.05,ETH
2026-01-06 04:41:14+00:00,2026-01-06 04:43:54.134892+00:00,674.0,3225.641,3225.4,3226.05,ETH
2026-01-06 04:41:15+00:00,2026-01-06 04:43:55.154943+00:00,675.0,3225.641,3225.4,3226.06,ETH
2026-01-06 04:41:16+00:00,2026-01-06 04:43:56.171606+00:00,676.0,3225.641,3225.4,3226.06,ETH
2026-01-06 04:41:17+00:00,2026-01-06 04:43:57.174752+00:00,677.0,3225.641,3225.4,3226.05,ETH
2026-01-06 04:41:18+00:00,2026-01-06 04:43:58.226603+00:00,678.0,3225.481,3225.09,3225.68,ETH
2026-01-06 04:41:19+00:00,2026-01-06 04:43:59.267717+00:00,679.0,3225.331,3224.97,3225.55,ETH
2026-01-06 04:41:20+00:00,2026-01-06 04:44:00.232597+00:00,680.0,3225.181,3224.82,3225.35,ETH
2026-01-06 04:41:21+00:00,2026-01-06 04:44:01.387631+00:00,681.0,3225.181,3224.8,3225.3,ETH
2026-01-06 04:41:22+00:00,2026-01-06 04:44:02.396726+00:00,682.0,3225.191,3224.89,3225.35,ETH
2026-01-06 04:41:23+00:00,2026-01-06 04:44:03.421797+00:00,683.0,3225.191,3224.89,3225.38,ETH
2026-01-06 04:41:24+00:00,2026-01-06 04:44:04.419183+00:00,684.0,3225.181,3224.8,3225.39,ETH
2026-01-06 04:41:25+00:00,2026-01-06 04:44:05.438266+00:00,685.0,3225.221,3224.83,3225.47,ETH
2026-01-06 04:41:26+00:00,2026-01-06 04:44:06.432813+00:00,686.0,3225.261,3224.88,3225.56,ETH
2026-01-06 04:41:27+00:00,2026-01-06 04:44:07.437248+00:00,687.0,3225.251,3224.91,3225.62,ETH
2026-01-06 04:41:28+00:00,2026-01-06 04:44:08.437219+00:00,688.0,3225.251,3224.91,3225.65,ETH
2026-01-06 04:41:29+00:00,2026-01-06 04:44:09.450764+00:00,689.0,3225.251,3224.93,3225.65,ETH
2026-01-06 04:41:30+00:00,2026-01-06 04:44:10.451958+00:00,690.0,3225.261,3224.94,3225.66,ETH
2026-01-06 04:41:31+00:00,2026-01-06 04:44:11.452413+00:00,691.0,3225.261,3224.94,3225.66,ETH
2026-01-06 04:41:32+00:00,2026-01-06 04:44:12.469538+00:00,692.0,3225.261,3224.95,3225.66,ETH
2026-01-06 04:41:33+00:00,2026-01-06 04:44:13.486507+00:00,693.0,3225.261,3224.95,3225.66,ETH
2026-01-06 04:41:34+00:00,2026-01-06 04:44:14.493447+00:00,694.0,3225.261,3224.95,3225.66,ETH
2026-01-06 04:41:35+00:00,2026-01-06 04:44:15.489646+00:00,695.0,3225.261,3224.95,3225.66,ETH
2026-01-06 04:41:36+00:00,2026-01-06 04:44:16.474821+00:00,696.0,3225.261,3224.95,3225.66,ETH
2026-01-06 04:41:37+00:00,2026-01-06 04:44:17.473374+00:00,697.0,3225.261,3224.95,3225.66,ETH
2026-01-06 04:41:38+00:00,2026-01-06 04:44:18.464973+00:00,698.0,3225.261,3224.95,3225.66,ETH
2026-01-06 04:41:39+00:00,2026-01-06 04:44:19.483955+00:00,699.0,3225.261,3224.95,3225.66,ETH
2026-01-06 04:41:40+00:00,2026-01-06 04:44:20.504303+00:00,700.0,3225.261,3224.95,3225.66,ETH
2026-01-06 04:41:41+00:00,2026-01-06 04:44:21.502210+00:00,701.0,3225.261,3224.95,3225.66,ETH
2026-01-06 04:41:42+00:00,2026-01-06 04:44:22.497994+00:00,702.0,3225.261,3224.95,3225.66,ETH
2026-01-06 04:41:43+00:00,2026-01-06 04:44:23.527692+00:00,703.0,3225.261,3224.95,3225.66,ETH
2026-01-06 04:41:44+00:00,2026-01-06 04:44:24.519217+00:00,704.0,3225.261,3224.95,3225.66,ETH
2026-01-06 04:41:45+00:00,2026-01-06 04:44:25.532061+00:00,705.0,3225.331,3225.03,3225.75,ETH
2026-01-06 04:41:46+00:00,2026-01-06 04:44:26.529449+00:00,706.0,3225.431,3225.12,3225.78,ETH
2026-01-06 04:41:47+00:00,2026-01-06 04:44:27.535066+00:00,707.0,3225.571,3225.33,3226.0,ETH
2026-01-06 04:41:48+00:00,2026-01-06 04:44:28.541037+00:00,708.0,3225.571,3225.4,3226.0,ETH
2026-01-06 04:41:49+00:00,2026-01-06 04:44:29.535163+00:00,709.0,3225.571,3225.33,3226.0,ETH
2026-01-06 04:41:50+00:00,2026-01-06 04:44:30.550523+00:00,710.0,3225.571,3225.33,3225.98,ETH
2026-01-06 04:41:51+00:00,2026-01-06 04:44:31.562498+00:00,711.0,3225.561,3225.33,3225.64,ETH
2026-01-06 04:41:52+00:00,2026-01-06 04:44:32.566666+00:00,712.0,3225.441,3225.27,3225.61,ETH
2026-01-06 04:41:53+00:00,2026-01-06 04:44:33.578961+00:00,713.0,3225.451,3225.27,3225.61,ETH
2026-01-06 04:41:54+00:00,2026-01-06 04:44:34.596756+00:00,714.0,3225.461,3225.27,3225.61,ETH
2026-01-06 04:41:55+00:00,2026-01-06 04:44:35.597885+00:00,715.0,3225.461,3225.27,3225.61,ETH
2026-01-06 04:41:56+00:00,2026-01-06 04:44:36.610559+00:00,716.0,3225.451,3225.27,3225.61,ETH
2026-01-06 04:41:57+00:00,2026-01-06 04:44:37.602737+00:00,717.0,3225.461,3225.27,3225.68,ETH
2026-01-06 04:41:58+00:00,2026-01-06 04:44:38.616832+00:00,718.0,3225.491,3225.28,3225.83,ETH
2026-01-06 04:41:59+00:00,2026-01-06 04:44:39.620366+00:00,719.0,3225.531,3225.29,3225.95,ETH
2026-01-06 04:42:00+00:00,2026-01-06 04:44:40.631289+00:00,720.0,3225.531,3225.29,3225.93,ETH
2026-01-06 04:42:01+00:00,2026-01-06 04:44:41.631786+00:00,721.0,3225.521,3225.29,3225.84,ETH
2026-01-06 04:42:02+00:00,2026-01-06 04:44:42.629093+00:00,722.0,3225.521,3225.23,3225.68,ETH
2026-01-06 04:42:03+00:00,2026-01-06 04:44:44.634322+00:00,723.0,3225.501,3225.1,3225.74,ETH
2026-01-06 04:42:04+00:00,2026-01-06 04:44:45.652753+00:00,724.0,3225.501,3225.1,3225.7,ETH
2026-01-06 04:42:06+00:00,2026-01-06 04:44:46.693131+00:00,726.0,3225.511,3225.11,3225.68,ETH
2026-01-06 04:42:07+00:00,2026-01-06 04:44:47.689343+00:00,727.0,3225.511,3225.11,3225.68,ETH
2026-01-06 04:42:08+00:00,2026-01-06 04:44:48.712521+00:00,728.0,3225.511,3225.11,3225.68,ETH
2026-01-06 04:42:09+00:00,2026-01-06 04:44:49.722324+00:00,729.0,3225.511,3225.11,3225.81,ETH
2026-01-06 04:42:10+00:00,2026-01-06 04:44:50.705131+00:00,730.0,3225.511,3225.11,3225.81,ETH
2026-01-06 04:42:11+00:00,2026-01-06 04:44:51.710219+00:00,731.0,3225.511,3225.1,3225.82,ETH
2026-01-06 04:42:12+00:00,2026-01-06 04:44:52.710951+00:00,732.0,3225.511,3225.1,3225.83,ETH
2026-01-06 04:42:13+00:00,2026-01-06 04:44:53.718174+00:00,733.0,3225.511,3225.1,3225.83,ETH
2026-01-06 04:42:14+00:00,2026-01-06 04:44:54.714987+00:00,734.0,3225.531,3225.12,3225.84,ETH
2026-01-06 04:42:15+00:00,2026-01-06 04:44:55.733856+00:00,735.0,3225.511,3225.11,3225.84,ETH
2026-01-06 04:42:16+00:00,2026-01-06 04:44:56.726015+00:00,736.0,3225.491,3225.1,3225.84,ETH
2026-01-06 04:42:17+00:00,2026-01-06 04:44:57.727739+00:00,737.0,3225.491,3225.1,3225.83,ETH
2026-01-06 04:42:18+00:00,2026-01-06 04:44:58.727030+00:00,738.0,3225.491,3225.1,3225.83,ETH
2026-01-06 04:42:19+00:00,2026-01-06 04:44:59.727960+00:00,739.0,3225.491,3225.09,3225.8,ETH
2026-01-06 04:42:20+00:00,2026-01-06 04:45:00.735934+00:00,740.0,3225.491,3225.09,3225.8,ETH
2026-01-06 04:42:21+00:00,2026-01-06 04:45:01.747335+00:00,741.0,3225.491,3225.09,3225.8,ETH
2026-01-06 04:42:22+00:00,2026-01-06 04:45:02.768234+00:00,742.0,3225.491,3225.09,3225.82,ETH
2026-01-06 04:42:23+00:00,2026-01-06 04:45:03.767442+00:00,743.0,3225.491,3225.09,3225.79,ETH
2026-01-06 04:42:24+00:00,2026-01-06 04:45:04.762933+00:00,744.0,3225.491,3225.09,3225.7,ETH
2026-01-06 04:42:25+00:00,2026-01-06 04:45:05.783731+00:00,745.0,3225.501,3225.1,3225.68,ETH
2026-01-06 04:42:26+00:00,2026-01-06 04:45:06.766835+00:00,746.0,3225.511,3225.13,3225.68,ETH
2026-01-06 04:42:27+00:00,2026-01-06 04:45:08.783992+00:00,747.0,3225.511,3225.13,3225.71,ETH
2026-01-06 04:42:28+00:00,2026-01-06 04:45:09.799636+00:00,748.0,3225.501,3225.12,3225.71,ETH
2026-01-06 04:42:29+00:00,2026-01-06 04:45:10.800757+00:00,749.0,3225.501,3225.11,3225.79,ETH
2026-01-06 04:42:30+00:00,2026-01-06 04:45:11.800627+00:00,750.0,3225.501,3225.1,3225.83,ETH
2026-01-06 04:42:31+00:00,2026-01-06 04:45:12.796118+00:00,751.0,3225.501,3225.09,3225.82,ETH
2026-01-06 04:42:32+00:00,2026-01-06 04:45:13.814004+00:00,752.0,3225.501,3225.09,3225.82,ETH
2026-01-06 04:42:33+00:00,2026-01-06 04:45:14.816548+00:00,753.0,3225.501,3225.09,3225.82,ETH
2026-01-06 04:42:34+00:00,2026-01-06 04:45:15.812536+00:00,754.0,3225.501,3225.09,3225.82,ETH
2026-01-06 04:42:35+00:00,2026-01-06 04:45:16.823812+00:00,755.0,3225.521,3225.11,3225.84,ETH
2026-01-06 04:42:36+00:00,2026-01-06 04:45:17.814292+00:00,756.0,3225.521,3225.11,3225.87,ETH
2026-01-06 04:42:37+00:00,2026-01-06 04:45:18.835041+00:00,757.0,3225.501,3225.1,3225.88,ETH
2026-01-06 04:42:38+00:00,2026-01-06 04:45:19.842494+00:00,758.0,3225.511,3225.1,3225.89,ETH
2026-01-06 04:42:39+00:00,2026-01-06 04:45:20.827939+00:00,759.0,3225.531,3225.1,3225.92,ETH
2026-01-06 04:42:40+00:00,2026-01-06 04:45:21.836317+00:00,760.0,3225.531,3225.11,3225.92,ETH
2026-01-06 04:42:41+00:00,2026-01-06 04:45:22.829384+00:00,761.0,3225.521,3225.1,3225.88,ETH
2026-01-06 04:42:42+00:00,2026-01-06 04:45:23.833059+00:00,762.0,3225.511,3225.1,3225.85,ETH
2026-01-06 04:42:43+00:00,2026-01-06 04:45:24.833758+00:00,763.0,3225.511,3225.1,3225.79,ETH
2026-01-06 04:42:44+00:00,2026-01-06 04:45:25.830195+00:00,764.0,3225.511,3225.12,3225.74,ETH
2026-01-06 04:42:45+00:00,2026-01-06 04:45:26.843499+00:00,765.0,3225.521,3225.14,3225.77,ETH
2026-01-06 04:42:46+00:00,2026-01-06 04:45:27.865230+00:00,766.0,3225.531,3225.15,3225.79,ETH
2026-01-06 04:42:47+00:00,2026-01-06 04:45:28.873955+00:00,767.0,3225.531,3225.16,3225.76,ETH
2026-01-06 04:42:48+00:00,2026-01-06 04:45:29.867233+00:00,768.0,3225.531,3225.16,3225.75,ETH
2026-01-06 04:42:49+00:00,2026-01-06 04:45:30.849655+00:00,769.0,3225.531,3225.16,3225.75,ETH
2026-01-06 04:42:50+00:00,2026-01-06 04:45:31.846503+00:00,770.0,3225.531,3225.16,3225.77,ETH
2026-01-06 04:42:51+00:00,2026-01-06 04:45:32.849809+00:00,771.0,3225.531,3225.16,3225.83,ETH
2026-01-06 04:42:52+00:00,2026-01-06 04:45:33.845728+00:00,772.0,3225.511,3225.1,3225.84,ETH
2026-01-06 04:42:53+00:00,2026-01-06 04:45:34.857839+00:00,773.0,3225.511,3225.1,3225.85,ETH
2026-01-06 04:42:54+00:00,2026-01-06 04:45:35.864269+00:00,774.0,3225.511,3225.1,3225.87,ETH
2026-01-06 04:42:55+00:00,2026-01-06 04:45:36.849207+00:00,775.0,3225.521,3225.11,3225.85,ETH
2026-01-06 04:42:56+00:00,2026-01-06 04:45:37.847732+00:00,776.0,3225.521,3225.11,3225.85,ETH
2026-01-06 04:42:57+00:00,2026-01-06 04:45:38.851417+00:00,777.0,3225.521,3225.11,3225.85,ETH
2026-01-06 04:42:58+00:00,2026-01-06 04:45:39.851087+00:00,778.0,3225.521,3225.11,3225.85,ETH
2026-01-06 04:42:59+00:00,2026-01-06 04:45:40.837997+00:00,779.0,3225.521,3225.11,3225.85,ETH
2026-01-06 04:43:00+00:00,2026-01-06 04:45:41.832845+00:00,780.0,3225.521,3225.11,3225.86,ETH
2026-01-06 04:43:01+00:00,2026-01-06 04:45:42.827814+00:00,781.0,3225.521,3225.11,3225.85,ETH
2026-01-06 04:43:02+00:00,2026-01-06 04:45:43.831992+00:00,782.0,3225.591,3225.32,3225.94,ETH
2026-01-06 04:43:03+00:00,2026-01-06 04:45:44.857330+00:00,783.0,3225.581,3225.34,3226.06,ETH
2026-01-06 04:43:04+00:00,2026-01-06 04:45:45.884410+00:00,784.0,3225.731,3225.37,3226.06,ETH
2026-01-06 04:43:05+00:00,2026-01-06 04:45:46.863338+00:00,785.0,3225.731,3225.38,3226.13,ETH
2026-01-06 04:43:06+00:00,2026-01-06 04:45:47.873364+00:00,786.0,3225.731,3225.41,3226.13,ETH
2026-01-06 04:43:07+00:00,2026-01-06 04:45:48.882543+00:00,787.0,3225.731,3225.41,3226.13,ETH
2026-01-06 04:43:08+00:00,2026-01-06 04:45:49.881277+00:00,788.0,3225.721,3225.39,3226.12,ETH
2026-01-06 04:43:09+00:00,2026-01-06 04:45:50.883538+00:00,789.0,3225.721,3225.39,3226.12,ETH
2026-01-06 04:43:10+00:00,2026-01-06 04:45:51.900006+00:00,790.0,3225.721,3225.39,3226.03,ETH
2026-01-06 04:43:11+00:00,2026-01-06 04:45:52.896613+00:00,791.0,3225.541,3225.18,3225.86,ETH
2026-01-06 04:43:12+00:00,2026-01-06 04:45:53.914164+00:00,792.0,3225.541,3225.18,3225.91,ETH
2026-01-06 04:43:13+00:00,2026-01-06 04:45:54.917842+00:00,793.0,3225.541,3225.18,3225.89,ETH
2026-01-06 04:43:14+00:00,2026-01-06 04:45:55.913886+00:00,794.0,3225.541,3225.18,3225.91,ETH
2026-01-06 04:43:15+00:00,2026-01-06 04:45:56.930620+00:00,795.0,3225.551,3225.18,3225.93,ETH
2026-01-06 04:43:16+00:00,2026-01-06 04:45:57.928986+00:00,796.0,3225.551,3225.18,3225.92,ETH
2026-01-06 04:43:17+00:00,2026-01-06 04:45:58.925774+00:00,797.0,3225.551,3225.19,3225.93,ETH
2026-01-06 04:43:18+00:00,2026-01-06 04:45:59.931743+00:00,798.0,3225.551,3225.19,3225.93,ETH
2026-01-06 04:43:19+00:00,2026-01-06 04:46:00.954622+00:00,799.0,3225.551,3225.19,3225.91,ETH
2026-01-06 04:43:20+00:00,2026-01-06 04:46:01.958468+00:00,800.0,3225.551,3225.19,3225.89,ETH
2026-01-06 04:43:21+00:00,2026-01-06 04:46:02.947817+00:00,801.0,3225.551,3225.19,3225.92,ETH
2026-01-06 04:43:22+00:00,2026-01-06 04:46:03.963256+00:00,802.0,3225.551,3225.18,3225.92,ETH
2026-01-06 04:43:23+00:00,2026-01-06 04:46:04.983026+00:00,803.0,3225.551,3225.18,3225.93,ETH
2026-01-06 04:43:24+00:00,2026-01-06 04:46:05.981693+00:00,804.0,3225.551,3225.2,3225.94,ETH
2026-01-06 04:43:25+00:00,2026-01-06 04:46:06.983590+00:00,805.0,3225.551,3225.2,3225.95,ETH
2026-01-06 04:43:26+00:00,2026-01-06 04:46:07.994501+00:00,806.0,3225.561,3225.2,3225.95,ETH
2026-01-06 04:43:27+00:00,2026-01-06 04:46:09.008305+00:00,807.0,3225.561,3225.2,3225.96,ETH
2026-01-06 04:43:28+00:00,2026-01-06 04:46:10.019070+00:00,808.0,3225.561,3225.2,3225.98,ETH
2026-01-06 04:43:29+00:00,2026-01-06 04:46:10.994596+00:00,809.0,3225.561,3225.2,3225.98,ETH
2026-01-06 04:43:30+00:00,2026-01-06 04:46:12.014284+00:00,810.0,3225.561,3225.18,3225.97,ETH
2026-01-06 04:43:31+00:00,2026-01-06 04:46:13.012720+00:00,811.0,3225.561,3225.18,3225.93,ETH
2026-01-06 04:43:32+00:00,2026-01-06 04:46:14.027832+00:00,812.0,3225.551,3225.18,3225.81,ETH
2026-01-06 04:43:33+00:00,2026-01-06 04:46:15.044381+00:00,813.0,3225.551,3225.18,3225.81,ETH
2026-01-06 04:43:34+00:00,2026-01-06 04:46:16.043971+00:00,814.0,3225.531,3225.14,3225.74,ETH
2026-01-06 04:43:35+00:00,2026-01-06 04:46:17.042029+00:00,815.0,3225.531,3225.14,3225.81,ETH
2026-01-06 04:43:36+00:00,2026-01-06 04:46:18.059096+00:00,816.0,3225.531,3225.15,3225.88,ETH
2026-01-06 04:43:37+00:00,2026-01-06 04:46:19.077619+00:00,817.0,3225.521,3225.1,3225.88,ETH
2026-01-06 04:43:38+00:00,2026-01-06 04:46:20.079469+00:00,818.0,3225.521,3225.1,3225.87,ETH
2026-01-06 04:43:39+00:00,2026-01-06 04:46:21.082803+00:00,819.0,3225.521,3225.1,3225.9,ETH
2026-01-06 04:43:40+00:00,2026-01-06 04:46:23.091234+00:00,820.0,3225.531,3225.1,3225.88,ETH
2026-01-06 04:43:41+00:00,2026-01-06 04:46:24.094539+00:00,821.0,3225.531,3225.11,3225.83,ETH
2026-01-06 04:43:42+00:00,2026-01-06 04:46:25.094349+00:00,822.0,3225.531,3225.13,3225.77,ETH
2026-01-06 04:43:43+00:00,2026-01-06 04:46:26.110252+00:00,823.0,3225.541,3225.15,3225.77,ETH
2026-01-06 04:43:44+00:00,2026-01-06 04:46:27.107823+00:00,824.0,3225.541,3225.15,3225.77,ETH
2026-01-06 04:43:45+00:00,2026-01-06 04:46:28.117002+00:00,825.0,3225.541,3225.15,3225.78,ETH
2026-01-06 04:43:46+00:00,2026-01-06 04:46:29.127472+00:00,826.0,3225.541,3225.15,3225.78,ETH
2026-01-06 04:43:47+00:00,2026-01-06 04:46:30.144495+00:00,827.0,3225.541,3225.14,3225.77,ETH
2026-01-06 04:43:48+00:00,2026-01-06 04:46:31.145077+00:00,828.0,3225.541,3225.14,3225.77,ETH
2026-01-06 04:43:49+00:00,2026-01-06 04:46:32.148132+00:00,829.0,3225.541,3225.14,3225.77,ETH
2026-01-06 04:43:50+00:00,2026-01-06 04:46:33.143128+00:00,830.0,3225.541,3225.14,3225.77,ETH
2026-01-06 04:43:51+00:00,2026-01-06 04:46:34.161917+00:00,831.0,3225.541,3225.15,3225.75,ETH
2026-01-06 04:43:52+00:00,2026-01-06 04:46:35.148569+00:00,832.0,3225.471,3225.07,3225.75,ETH
2026-01-06 04:43:53+00:00,2026-01-06 04:46:36.162803+00:00,833.0,3225.401,3224.99,3225.77,ETH
2026-01-06 04:43:54+00:00,2026-01-06 04:46:37.168016+00:00,834.0,3225.401,3224.99,3225.66,ETH
2026-01-06 04:43:55+00:00,2026-01-06 04:46:38.173878+00:00,835.0,3225.331,3224.99,3225.53,ETH
2026-01-06 04:43:57+00:00,2026-01-06 04:46:39.221627+00:00,837.0,3225.071,3224.64,3225.27,ETH
2026-01-06 04:43:58+00:00,2026-01-06 04:46:40.224980+00:00,838.0,3224.991,3224.57,3225.27,ETH
2026-01-06 04:43:59+00:00,2026-01-06 04:46:41.211672+00:00,839.0,3224.991,3224.56,3225.27,ETH
2026-01-06 04:44:00+00:00,2026-01-06 04:46:42.236052+00:00,840.0,3224.991,3224.56,3225.31,ETH
2026-01-06 04:44:01+00:00,2026-01-06 04:46:43.236916+00:00,841.0,3224.871,3224.49,3225.25,ETH
2026-01-06 04:44:02+00:00,2026-01-06 04:46:44.234025+00:00,842.0,3224.891,3224.52,3225.14,ETH
2026-01-06 04:44:03+00:00,2026-01-06 04:46:45.248365+00:00,843.0,3224.891,3224.52,3225.07,ETH
2026-01-06 04:44:04+00:00,2026-01-06 04:46:47.254890+00:00,844.0,3224.911,3224.53,3225.21,ETH
2026-01-06 04:44:05+00:00,2026-01-06 04:46:48.260879+00:00,845.0,3224.941,3224.58,3225.34,ETH
2026-01-06 04:44:06+00:00,2026-01-06 04:46:49.274243+00:00,846.0,3224.941,3224.61,3225.27,ETH
2026-01-06 04:44:07+00:00,2026-01-06 04:46:50.279722+00:00,847.0,3224.921,3224.6,3225.11,ETH
2026-01-06 04:44:08+00:00,2026-01-06 04:46:51.293418+00:00,848.0,3224.901,3224.58,3225.02,ETH
2026-01-06 04:44:09+00:00,2026-01-06 04:46:52.313013+00:00,849.0,3224.901,3224.58,3225.03,ETH
2026-01-06 04:44:10+00:00,2026-01-06 04:46:53.316732+00:00,850.0,3224.901,3224.58,3225.07,ETH
2026-01-06 04:44:11+00:00,2026-01-06 04:46:54.306548+00:00,851.0,3224.901,3224.58,3225.1,ETH
2026-01-06 04:44:12+00:00,2026-01-06 04:46:55.327762+00:00,852.0,3224.901,3224.58,3225.11,ETH
2026-01-06 04:44:13+00:00,2026-01-06 04:46:56.323862+00:00,853.0,3224.881,3224.54,3225.12,ETH
2026-01-06 04:44:14+00:00,2026-01-06 04:46:57.345015+00:00,854.0,3224.871,3224.54,3225.11,ETH
2026-01-06 04:44:15+00:00,2026-01-06 04:46:58.346060+00:00,855.0,3224.871,3224.54,3225.11,ETH
2026-01-06 04:44:16+00:00,2026-01-06 04:46:59.359374+00:00,856.0,3224.871,3224.49,3225.1,ETH
2026-01-06 04:44:17+00:00,2026-01-06 04:47:00.362291+00:00,857.0,3224.871,3224.51,3225.09,ETH
2026-01-06 04:44:18+00:00,2026-01-06 04:47:01.364216+00:00,858.0,3224.871,3224.51,3225.1,ETH
2026-01-06 04:44:19+00:00,2026-01-06 04:47:02.357679+00:00,859.0,3224.861,3224.51,3225.07,ETH
2026-01-06 04:44:20+00:00,2026-01-06 04:47:03.376143+00:00,860.0,3224.861,3224.51,3225.04,ETH
2026-01-06 04:44:21+00:00,2026-01-06 04:47:04.375877+00:00,861.0,3224.861,3224.51,3225.04,ETH
2026-01-06 04:44:22+00:00,2026-01-06 04:47:05.378560+00:00,862.0,3224.361,3224.05,3224.62,ETH
2026-01-06 04:44:23+00:00,2026-01-06 04:47:06.391879+00:00,863.0,3223.861,3223.54,3224.18,ETH
2026-01-06 04:44:24+00:00,2026-01-06 04:47:07.402603+00:00,864.0,3223.851,3223.48,3224.11,ETH
2026-01-06 04:44:25+00:00,2026-01-06 04:47:08.426732+00:00,865.0,3223.821,3223.44,3224.07,ETH
2026-01-06 04:44:26+00:00,2026-01-06 04:47:09.428211+00:00,866.0,3223.801,3223.42,3224.07,ETH
2026-01-06 04:44:27+00:00,2026-01-06 04:47:10.427300+00:00,867.0,3223.831,3223.46,3224.15,ETH
2026-01-06 04:44:28+00:00,2026-01-06 04:47:11.431110+00:00,868.0,3223.871,3223.48,3224.25,ETH
2026-01-06 04:44:29+00:00,2026-01-06 04:47:12.445985+00:00,869.0,3223.871,3223.52,3224.26,ETH
2026-01-06 04:44:30+00:00,2026-01-06 04:47:13.457865+00:00,870.0,3223.871,3223.55,3224.28,ETH
2026-01-06 04:44:31+00:00,2026-01-06 04:47:14.446926+00:00,871.0,3223.871,3223.56,3224.27,ETH
2026-01-06 04:44:32+00:00,2026-01-06 04:47:15.441747+00:00,872.0,3223.871,3223.57,3224.22,ETH
2026-01-06 04:44:33+00:00,2026-01-06 04:47:16.440053+00:00,873.0,3223.871,3223.55,3224.23,ETH
2026-01-06 04:44:34+00:00,2026-01-06 04:47:17.455335+00:00,874.0,3223.881,3223.55,3224.27,ETH
2026-01-06 04:44:35+00:00,2026-01-06 04:47:18.452473+00:00,875.0,3223.881,3223.55,3224.27,ETH
2026-01-06 04:44:36+00:00,2026-01-06 04:47:19.474894+00:00,876.0,3223.881,3223.55,3224.28,ETH
2026-01-06 04:44:37+00:00,2026-01-06 04:47:20.507922+00:00,877.0,3223.871,3223.55,3224.27,ETH
2026-01-06 04:44:38+00:00,2026-01-06 04:47:21.492611+00:00,878.0,3223.971,3223.55,3224.33,ETH
2026-01-06 04:44:39+00:00,2026-01-06 04:47:22.494868+00:00,879.0,3223.931,3223.67,3224.32,ETH
2026-01-06 04:44:40+00:00,2026-01-06 04:47:23.490447+00:00,880.0,3223.931,3223.67,3224.32,ETH
2026-01-06 04:44:41+00:00,2026-01-06 04:47:24.506544+00:00,881.0,3223.941,3223.67,3224.31,ETH
2026-01-06 04:44:42+00:00,2026-01-06 04:47:25.496326+00:00,882.0,3223.941,3223.67,3224.33,ETH
2026-01-06 04:44:43+00:00,2026-01-06 04:47:26.501839+00:00,883.0,3224.111,3223.98,3224.35,ETH
2026-01-06 04:44:44+00:00,2026-01-06 04:47:27.520338+00:00,884.0,3224.231,3223.99,3224.63,ETH
2026-01-06 04:44:45+00:00,2026-01-06 04:47:28.528013+00:00,885.0,3224.231,3223.99,3224.63,ETH
2026-01-06 04:44:46+00:00,2026-01-06 04:47:29.541569+00:00,886.0,3224.201,3223.99,3224.6,ETH
2026-01-06 04:44:47+00:00,2026-01-06 04:47:30.540642+00:00,887.0,3224.211,3223.99,3224.6,ETH
2026-01-06 04:44:48+00:00,2026-01-06 04:47:31.560353+00:00,888.0,3224.211,3223.99,3224.62,ETH
2026-01-06 04:44:49+00:00,2026-01-06 04:47:32.571349+00:00,889.0,3224.211,3223.99,3224.57,ETH
2026-01-06 04:44:50+00:00,2026-01-06 04:47:33.574471+00:00,890.0,3224.211,3223.99,3224.61,ETH
2026-01-06 04:44:51+00:00,2026-01-06 04:47:34.595222+00:00,891.0,3224.211,3223.99,3224.62,ETH
2026-01-06 04:44:52+00:00,2026-01-06 04:47:35.599958+00:00,892.0,3224.211,3223.99,3224.62,ETH
2026-01-06 04:44:53+00:00,2026-01-06 04:47:37.620041+00:00,893.0,3224.221,3223.99,3224.58,ETH
2026-01-06 04:44:54+00:00,2026-01-06 04:47:38.638972+00:00,894.0,3224.211,3223.99,3224.55,ETH
2026-01-06 04:44:55+00:00,2026-01-06 04:47:39.652655+00:00,895.0,3224.201,3223.99,3224.49,ETH
2026-01-06 04:44:56+00:00,2026-01-06 04:47:40.660175+00:00,896.0,3224.131,3223.89,3224.28,ETH
2026-01-06 04:44:58+00:00,2026-01-06 04:47:41.716991+00:00,898.0,3223.801,3223.4,3224.06,ETH
2026-01-06 04:44:59+00:00,2026-01-06 04:47:42.700099+00:00,899.0,3224.041,3223.65,3224.44,ETH
