timestamp,collected_at,seconds,up_mid,up_best_bid,up_best_ask,down_mid,down_best_bid,down_best_ask,up_best_bid_size,up_best_ask_size,down_best_bid_size,down_best_ask_size
2026-01-06 04:30:00.249000+00:00,2026-01-06 04:30:00.532955+00:00,0.249,0.52,0.5,0.54,0.48,0.46,0.5,,,,
2026-01-06 04:30:01.487000+00:00,2026-01-06 04:30:01.554053+00:00,1.487,0.515,0.51,0.52,0.485,0.48,0.49,,,,
2026-01-06 04:30:02.497000+00:00,2026-01-06 04:30:02.554614+00:00,2.497,0.505,0.5,0.51,0.495,0.49,0.5,,,,
2026-01-06 04:30:03.485000+00:00,2026-01-06 04:30:03.554208+00:00,3.485,0.505,0.5,0.51,0.495,0.49,0.5,,,,
2026-01-06 04:30:04.450000+00:00,2026-01-06 04:30:04.564772+00:00,4.45,0.51,0.5,0.52,0.49,0.48,0.5,,,,
2026-01-06 04:30:05.476000+00:00,2026-01-06 04:30:05.569490+00:00,5.476,0.51,0.5,0.52,0.49,0.48,0.5,,,,
2026-01-06 04:30:06.504000+00:00,2026-01-06 04:30:06.587112+00:00,6.504,0.51,0.5,0.52,0.49,0.48,0.5,,,,
2026-01-06 04:30:07.474000+00:00,2026-01-06 04:30:07.598682+00:00,7.474,0.515,0.51,0.52,0.485,0.48,0.49,,,,
2026-01-06 04:30:08.551000+00:00,2026-01-06 04:30:08.603333+00:00,8.551,0.515,0.51,0.52,0.485,0.48,0.49,,,,
2026-01-06 04:30:09.302000+00:00,2026-01-06 04:30:09.620815+00:00,9.302,0.515,0.51,0.52,0.485,0.48,0.49,,,,
2026-01-06 04:30:10.288000+00:00,2026-01-06 04:30:10.637476+00:00,10.288,0.515,0.51,0.52,0.485,0.48,0.49,,,,
2026-01-06 04:30:11.576000+00:00,2026-01-06 04:30:11.637761+00:00,11.576,0.515,0.51,0.52,0.485,0.48,0.49,,,,
2026-01-06 04:30:12.593000+00:00,2026-01-06 04:30:12.652819+00:00,12.593,0.505,0.5,0.51,0.495,0.49,0.5,,,,
2026-01-06 04:30:13.588000+00:00,2026-01-06 04:30:13.653507+00:00,13.588,0.505,0.5,0.51,0.495,0.49,0.5,,,,
2026-01-06 04:30:14.498000+00:00,2026-01-06 04:30:14.653168+00:00,14.498,0.505,0.5,0.51,0.495,0.49,0.5,,,,
2026-01-06 04:30:15.461000+00:00,2026-01-06 04:30:15.668930+00:00,15.461,0.505,0.5,0.51,0.495,0.49,0.5,,,,
2026-01-06 04:30:16.550000+00:00,2026-01-06 04:30:16.669700+00:00,16.55,0.505,0.5,0.51,0.495,0.49,0.5,,,,
2026-01-06 04:30:17.565000+00:00,2026-01-06 04:30:17.669295+00:00,17.565,0.505,0.5,0.51,0.495,0.49,0.5,,,,
2026-01-06 04:30:18.219000+00:00,2026-01-06 04:30:18.679474+00:00,18.219,0.505,0.5,0.51,0.495,0.49,0.5,,,,
2026-01-06 04:30:19.511000+00:00,2026-01-06 04:30:19.685720+00:00,19.511,0.505,0.5,0.51,0.495,0.49,0.5,,,,
2026-01-06 04:30:20.067000+00:00,2026-01-06 04:30:20.691585+00:00,20.067,0.505,0.5,0.51,0.495,0.49,0.5,,,,
2026-01-06 04:30:21.328000+00:00,2026-01-06 04:30:21.704880+00:00,21.328,0.505,0.5,0.51,0.495,0.49,0.5,,,,
2026-01-06 04:30:22.667000+00:00,2026-01-06 04:30:22.717996+00:00,22.667,0.505,0.5,0.51,0.495,0.49,0.5,,,,
2026-01-06 04:30:23.659000+00:00,2026-01-06 04:30:23.717607+00:00,23.659,0.505,0.5,0.51,0.495,0.49,0.5,,,,
2026-01-06 04:30:24.564000+00:00,2026-01-06 04:30:24.725905+00:00,24.564,0.505,0.5,0.51,0.495,0.49,0.5,,,,
2026-01-06 04:30:25.639000+00:00,2026-01-06 04:30:25.734071+00:00,25.639,0.505,0.5,0.51,0.495,0.49,0.5,,,,
2026-01-06 04:30:26.523000+00:00,2026-01-06 04:30:26.731301+00:00,26.523,0.505,0.5,0.51,0.495,0.49,0.5,,,,
2026-01-06 04:30:27.619000+00:00,2026-01-06 04:30:27.741878+00:00,27.619,0.505,0.5,0.51,0.495,0.49,0.5,,,,
2026-01-06 04:30:28.682000+00:00,2026-01-06 04:30:28.751652+00:00,28.682,0.505,0.5,0.51,0.495,0.49,0.5,,,,
2026-01-06 04:30:29.671000+00:00,2026-01-06 04:30:29.771090+00:00,29.671,0.515,0.51,0.52,0.485,0.48,0.49,,,,
2026-01-06 04:30:30.546000+00:00,2026-01-06 04:30:30.774968+00:00,30.546,0.51,0.5,0.52,0.49,0.48,0.5,,,,
2026-01-06 04:30:31.737000+00:00,2026-01-06 04:30:31.791531+00:00,31.737,0.51,0.5,0.52,0.49,0.48,0.5,,,,
2026-01-06 04:30:32.701000+00:00,2026-01-06 04:30:32.800220+00:00,32.701,0.51,0.5,0.52,0.49,0.48,0.5,,,,
2026-01-06 04:30:33.688000+00:00,2026-01-06 04:30:33.795992+00:00,33.688,0.51,0.5,0.52,0.49,0.48,0.5,,,,
2026-01-06 04:30:34.743000+00:00,2026-01-06 04:30:34.812813+00:00,34.743,0.505,0.5,0.51,0.495,0.49,0.5,,,,
2026-01-06 04:30:35.764000+00:00,2026-01-06 04:30:35.824259+00:00,35.764,0.505,0.5,0.51,0.495,0.49,0.5,,,,
2026-01-06 04:30:36.749000+00:00,2026-01-06 04:30:36.835748+00:00,36.749,0.505,0.5,0.51,0.495,0.49,0.5,,,,
2026-01-06 04:30:37.516000+00:00,2026-01-06 04:30:37.836448+00:00,37.516,0.51,0.5,0.52,0.485,0.48,0.49,,,,
2026-01-06 04:30:38.790000+00:00,2026-01-06 04:30:38.849485+00:00,38.79,0.51,0.5,0.52,0.49,0.48,0.5,,,,
2026-01-06 04:30:39.587000+00:00,2026-01-06 04:30:39.854731+00:00,39.587,0.505,0.5,0.51,0.495,0.49,0.5,,,,
2026-01-06 04:30:40.821000+00:00,2026-01-06 04:30:40.879311+00:00,40.821,0.505,0.5,0.51,0.495,0.49,0.5,,,,
2026-01-06 04:30:41.769000+00:00,2026-01-06 04:30:41.885760+00:00,41.769,0.505,0.5,0.51,0.495,0.49,0.5,,,,
2026-01-06 04:30:42.798000+00:00,2026-01-06 04:30:42.886171+00:00,42.798,0.505,0.5,0.51,0.495,0.49,0.5,,,,
2026-01-06 04:30:43.610000+00:00,2026-01-06 04:30:43.891548+00:00,43.61,0.505,0.5,0.51,0.495,0.49,0.5,,,,
2026-01-06 04:30:44.788000+00:00,2026-01-06 04:30:44.903033+00:00,44.788,0.505,0.5,0.51,0.495,0.49,0.5,,,,
2026-01-06 04:30:45.696000+00:00,2026-01-06 04:30:45.922482+00:00,45.696,0.505,0.5,0.51,0.495,0.49,0.5,,,,
2026-01-06 04:30:46.882000+00:00,2026-01-06 04:30:46.935467+00:00,46.882,0.505,0.5,0.51,0.495,0.49,0.5,,,,
2026-01-06 04:30:47.742000+00:00,2026-01-06 04:30:47.936274+00:00,47.742,0.505,0.5,0.51,0.495,0.49,0.5,,,,
2026-01-06 04:30:48.719000+00:00,2026-01-06 04:30:48.931330+00:00,48.719,0.51,0.5,0.52,0.485,0.48,0.49,,,,
2026-01-06 04:30:49.703000+00:00,2026-01-06 04:30:49.920022+00:00,49.703,0.515,0.51,0.52,0.485,0.48,0.49,,,,
2026-01-06 04:30:50.870000+00:00,2026-01-06 04:30:50.928709+00:00,50.87,0.515,0.51,0.52,0.485,0.48,0.49,,,,
2026-01-06 04:30:51.190000+00:00,2026-01-06 04:30:51.929528+00:00,51.19,0.515,0.51,0.52,0.485,0.48,0.49,,,,
2026-01-06 04:30:52.886000+00:00,2026-01-06 04:30:52.929122+00:00,52.886,0.515,0.51,0.52,0.485,0.48,0.49,,,,
2026-01-06 04:30:53.876000+00:00,2026-01-06 04:30:53.934993+00:00,53.876,0.515,0.51,0.52,0.485,0.48,0.49,,,,
2026-01-06 04:30:54.885000+00:00,2026-01-06 04:30:54.941754+00:00,54.885,0.515,0.51,0.52,0.485,0.48,0.49,,,,
2026-01-06 04:30:55.868000+00:00,2026-01-06 04:30:55.931733+00:00,55.868,0.47,0.46,0.48,0.525,0.52,0.53,,,,
2026-01-06 04:30:56.895000+00:00,2026-01-06 04:30:56.952731+00:00,56.895,0.475,0.47,0.48,0.525,0.52,0.53,,,,
2026-01-06 04:30:57.894000+00:00,2026-01-06 04:30:57.955021+00:00,57.894,0.475,0.47,0.48,0.525,0.52,0.53,,,,
2026-01-06 04:30:58.877000+00:00,2026-01-06 04:30:58.952399+00:00,58.877,0.475,0.47,0.48,0.525,0.52,0.53,,,,
2026-01-06 04:30:59.802000+00:00,2026-01-06 04:30:59.964424+00:00,59.802,0.475,0.47,0.48,0.525,0.52,0.53,,,,
2026-01-06 04:31:00.904000+00:00,2026-01-06 04:31:00.969244+00:00,60.904,0.475,0.47,0.48,0.525,0.52,0.53,,,,
2026-01-06 04:31:01.898000+00:00,2026-01-06 04:31:01.968287+00:00,61.898,0.485,0.48,0.49,0.515,0.51,0.52,,,,
2026-01-06 04:31:02.926000+00:00,2026-01-06 04:31:02.984463+00:00,62.926,0.485,0.48,0.49,0.51,0.5,0.52,,,,
2026-01-06 04:31:03.956000+00:00,2026-01-06 04:31:04.001518+00:00,63.956,0.535,0.53,0.54,0.4649999999999999,0.46,0.47,,,,
2026-01-06 04:31:04.948000+00:00,2026-01-06 04:31:05.009432+00:00,64.948,0.525,0.52,0.53,0.475,0.47,0.48,,,,
2026-01-06 04:31:05.399000+00:00,2026-01-06 04:31:06.022318+00:00,65.399,0.525,0.52,0.53,0.475,0.47,0.48,,,,
2026-01-06 04:31:06.922000+00:00,2026-01-06 04:31:07.016094+00:00,66.922,0.525,0.52,0.53,0.475,0.47,0.48,,,,
2026-01-06 04:31:07.416000+00:00,2026-01-06 04:31:08.017390+00:00,67.416,0.525,0.52,0.53,0.475,0.47,0.48,,,,
2026-01-06 04:31:08.618000+00:00,2026-01-06 04:31:09.025152+00:00,68.618,0.525,0.52,0.53,0.475,0.47,0.48,,,,
2026-01-06 04:31:09.218000+00:00,2026-01-06 04:31:10.037948+00:00,69.218,0.525,0.52,0.53,0.475,0.47,0.48,,,,
2026-01-06 04:31:10.966000+00:00,2026-01-06 04:31:11.035702+00:00,70.966,0.51,0.5,0.52,0.485,0.48,0.49,,,,
2026-01-06 04:31:11.976000+00:00,2026-01-06 04:31:12.041053+00:00,71.976,0.515,0.51,0.52,0.485,0.48,0.49,,,,
2026-01-06 04:31:13.931000+00:00,2026-01-06 04:31:14.054211+00:00,73.931,0.485,0.48,0.49,0.515,0.51,0.52,,,,
2026-01-06 04:31:14.951000+00:00,2026-01-06 04:31:15.061369+00:00,74.951,0.485,0.48,0.49,0.515,0.51,0.52,,,,
2026-01-06 04:31:16.006000+00:00,2026-01-06 04:31:16.068453+00:00,76.006,0.485,0.48,0.49,0.515,0.51,0.52,,,,
2026-01-06 04:31:17.006000+00:00,2026-01-06 04:31:17.067156+00:00,77.006,0.485,0.48,0.49,0.515,0.51,0.52,,,,
2026-01-06 04:31:18.869000+00:00,2026-01-06 04:31:19.072290+00:00,78.869,0.485,0.48,0.49,0.505,0.5,0.51,,,,
2026-01-06 04:31:19.974000+00:00,2026-01-06 04:31:20.082162+00:00,79.974,0.5,0.49,0.51,0.5,0.49,0.51,,,,
2026-01-06 04:31:21.816000+00:00,2026-01-06 04:31:22.086380+00:00,81.816,0.495,0.49,0.5,0.505,0.5,0.51,,,,
2026-01-06 04:31:23.046000+00:00,2026-01-06 04:31:23.088272+00:00,83.046,0.495,0.49,0.5,0.505,0.5,0.51,,,,
2026-01-06 04:31:24.906000+00:00,2026-01-06 04:31:25.117357+00:00,84.906,0.495,0.49,0.5,0.505,0.5,0.51,,,,
2026-01-06 04:31:26.075000+00:00,2026-01-06 04:31:26.133325+00:00,86.075,0.495,0.49,0.5,0.505,0.5,0.51,,,,
2026-01-06 04:31:27.651000+00:00,2026-01-06 04:31:28.150416+00:00,87.651,0.495,0.49,0.5,0.505,0.5,0.51,,,,
2026-01-06 04:31:29.750000+00:00,2026-01-06 04:31:30.153353+00:00,89.75,0.49,0.48,0.5,0.51,0.5,0.52,,,,
2026-01-06 04:31:31.116000+00:00,2026-01-06 04:31:31.165760+00:00,91.116,0.505,0.5,0.51,0.495,0.49,0.5,,,,
2026-01-06 04:31:32.098000+00:00,2026-01-06 04:31:32.165360+00:00,92.098,0.515,0.51,0.52,0.485,0.48,0.49,,,,
2026-01-06 04:31:33.111000+00:00,2026-01-06 04:31:33.166127+00:00,93.111,0.525,0.52,0.53,0.475,0.47,0.48,,,,
2026-01-06 04:31:34.102000+00:00,2026-01-06 04:31:34.165765+00:00,94.102,0.54,0.53,0.55,0.4649999999999999,0.46,0.47,,,,
2026-01-06 04:31:35.135000+00:00,2026-01-06 04:31:35.182523+00:00,95.135,0.535,0.53,0.54,0.4649999999999999,0.46,0.47,,,,
2026-01-06 04:31:36.129000+00:00,2026-01-06 04:31:36.184274+00:00,96.129,0.565,0.56,0.57,0.435,0.43,0.44,,,,
2026-01-06 04:31:37.067000+00:00,2026-01-06 04:31:37.197807+00:00,97.067,0.565,0.56,0.57,0.435,0.43,0.44,,,,
2026-01-06 04:31:38.098000+00:00,2026-01-06 04:31:38.200639+00:00,98.098,0.555,0.55,0.56,0.445,0.44,0.45,,,,
2026-01-06 04:31:39.139000+00:00,2026-01-06 04:31:39.198614+00:00,99.139,0.555,0.55,0.56,0.445,0.44,0.45,,,,
2026-01-06 04:31:40.124000+00:00,2026-01-06 04:31:40.198770+00:00,100.124,0.545,0.54,0.55,0.455,0.45,0.46,,,,
2026-01-06 04:31:41.231000+00:00,2026-01-06 04:31:41.198902+00:00,101.231,0.56,0.55,0.57,0.44,0.43,0.45,,,,
2026-01-06 04:31:42.136000+00:00,2026-01-06 04:31:42.199064+00:00,102.136,0.56,0.55,0.57,0.44,0.43,0.45,,,,
2026-01-06 04:31:43.912000+00:00,2026-01-06 04:31:44.215169+00:00,103.912,0.555,0.55,0.56,0.445,0.44,0.45,,,,
2026-01-06 04:31:45.164000+00:00,2026-01-06 04:31:45.233826+00:00,105.164,0.555,0.55,0.56,0.445,0.44,0.45,,,,
2026-01-06 04:31:46.167000+00:00,2026-01-06 04:31:46.251424+00:00,106.167,0.555,0.55,0.56,0.445,0.44,0.45,,,,
2026-01-06 04:31:47.012000+00:00,2026-01-06 04:31:47.268178+00:00,107.012,0.555,0.55,0.56,0.445,0.44,0.45,,,,
2026-01-06 04:31:48.188000+00:00,2026-01-06 04:31:48.266116+00:00,108.188,0.555,0.55,0.56,0.445,0.44,0.45,,,,
2026-01-06 04:31:49.073000+00:00,2026-01-06 04:31:49.271363+00:00,109.073,0.555,0.55,0.56,0.445,0.44,0.45,,,,
2026-01-06 04:31:50.213000+00:00,2026-01-06 04:31:50.280410+00:00,110.213,0.55,0.54,0.56,0.45,0.44,0.46,,,,
2026-01-06 04:31:51.217000+00:00,2026-01-06 04:31:51.282772+00:00,111.217,0.545,0.54,0.55,0.455,0.45,0.46,,,,
2026-01-06 04:31:52.221000+00:00,2026-01-06 04:31:52.290846+00:00,112.221,0.545,0.54,0.55,0.455,0.45,0.46,,,,
2026-01-06 04:31:53.212000+00:00,2026-01-06 04:31:53.300057+00:00,113.212,0.555,0.55,0.56,0.445,0.44,0.45,,,,
2026-01-06 04:31:54.257000+00:00,2026-01-06 04:31:54.309779+00:00,114.257,0.55,0.54,0.56,0.455,0.45,0.46,,,,
2026-01-06 04:31:55.136000+00:00,2026-01-06 04:31:55.317393+00:00,115.136,0.545,0.54,0.55,0.455,0.45,0.46,,,,
2026-01-06 04:31:56.242000+00:00,2026-01-06 04:31:56.328920+00:00,116.242,0.545,0.54,0.55,0.455,0.45,0.46,,,,
2026-01-06 04:31:57.233000+00:00,2026-01-06 04:31:57.333851+00:00,117.233,0.545,0.54,0.55,0.455,0.45,0.46,,,,
2026-01-06 04:31:58.249000+00:00,2026-01-06 04:31:58.333740+00:00,118.249,0.545,0.54,0.55,0.455,0.45,0.46,,,,
2026-01-06 04:31:59.288000+00:00,2026-01-06 04:31:59.352932+00:00,119.288,0.525,0.52,0.53,0.475,0.47,0.48,,,,
2026-01-06 04:32:00.291000+00:00,2026-01-06 04:32:00.350077+00:00,120.291,0.525,0.52,0.53,0.475,0.47,0.48,,,,
2026-01-06 04:32:01.254000+00:00,2026-01-06 04:32:01.357606+00:00,121.254,0.525,0.52,0.53,0.47,0.46,0.48,,,,
2026-01-06 04:32:02.315000+00:00,2026-01-06 04:32:02.366214+00:00,122.315,0.535,0.53,0.54,0.4649999999999999,0.46,0.47,,,,
2026-01-06 04:32:03.321000+00:00,2026-01-06 04:32:03.378404+00:00,123.321,0.595,0.59,0.6,0.39,0.38,0.4,,,,
2026-01-06 04:32:04.270000+00:00,2026-01-06 04:32:04.374725+00:00,124.27,0.635,0.63,0.64,0.365,0.36,0.37,,,,
2026-01-06 04:32:05.306000+00:00,2026-01-06 04:32:05.387962+00:00,125.306,0.64,0.63,0.65,0.37,0.36,0.38,,,,
2026-01-06 04:32:06.180000+00:00,2026-01-06 04:32:06.401947+00:00,126.18,0.625,0.62,0.63,0.375,0.37,0.38,,,,
2026-01-06 04:32:07.254000+00:00,2026-01-06 04:32:07.406024+00:00,127.254,0.625,0.62,0.63,0.375,0.37,0.38,,,,
2026-01-06 04:32:08.266000+00:00,2026-01-06 04:32:08.418951+00:00,128.266,0.625,0.62,0.63,0.375,0.37,0.38,,,,
2026-01-06 04:32:09.312000+00:00,2026-01-06 04:32:09.424522+00:00,129.312,0.625,0.62,0.63,0.375,0.37,0.38,,,,
2026-01-06 04:32:10.335000+00:00,2026-01-06 04:32:10.425079+00:00,130.335,0.61,0.6,0.62,0.385,0.38,0.39,,,,
2026-01-06 04:32:11.335000+00:00,2026-01-06 04:32:11.432512+00:00,131.335,0.615,0.61,0.62,0.385,0.38,0.39,,,,
2026-01-06 04:32:12.366000+00:00,2026-01-06 04:32:12.439802+00:00,132.366,0.62,0.61,0.63,0.38,0.37,0.39,,,,
2026-01-06 04:32:13.368000+00:00,2026-01-06 04:32:13.431820+00:00,133.368,0.615,0.61,0.62,0.385,0.38,0.39,,,,
2026-01-06 04:32:14.381000+00:00,2026-01-06 04:32:14.439203+00:00,134.381,0.61,0.6,0.62,0.395,0.39,0.4,,,,
2026-01-06 04:32:15.363000+00:00,2026-01-06 04:32:15.448239+00:00,135.363,0.6,0.59,0.61,0.4,0.39,0.41,,,,
2026-01-06 04:32:16.185000+00:00,2026-01-06 04:32:16.448795+00:00,136.185,0.595,0.59,0.6,0.405,0.4,0.41,,,,
2026-01-06 04:32:17.382000+00:00,2026-01-06 04:32:17.448709+00:00,137.382,0.595,0.59,0.6,0.405,0.4,0.41,,,,
2026-01-06 04:32:18.403000+00:00,2026-01-06 04:32:18.465761+00:00,138.403,0.605,0.6,0.61,0.395,0.39,0.4,,,,
2026-01-06 04:32:19.429000+00:00,2026-01-06 04:32:19.481949+00:00,139.429,0.605,0.6,0.61,0.395,0.39,0.4,,,,
2026-01-06 04:32:20.376000+00:00,2026-01-06 04:32:20.492638+00:00,140.376,0.615,0.61,0.62,0.385,0.38,0.39,,,,
2026-01-06 04:32:21.444000+00:00,2026-01-06 04:32:21.498327+00:00,141.444,0.625,0.62,0.63,0.355,0.35,0.36,,,,
2026-01-06 04:32:22.452000+00:00,2026-01-06 04:32:22.506756+00:00,142.452,0.665,0.66,0.67,0.335,0.33,0.34,,,,
2026-01-06 04:32:23.464000+00:00,2026-01-06 04:32:23.514835+00:00,143.464,0.595,0.59,0.6,0.405,0.4,0.41,,,,
2026-01-06 04:32:24.462000+00:00,2026-01-06 04:32:24.526457+00:00,144.462,0.585,0.58,0.59,0.415,0.41,0.42,,,,
2026-01-06 04:32:25.433000+00:00,2026-01-06 04:32:25.532760+00:00,145.433,0.585,0.58,0.59,0.415,0.41,0.42,,,,
2026-01-06 04:32:26.485000+00:00,2026-01-06 04:32:26.549095+00:00,146.485,0.585,0.58,0.59,0.415,0.41,0.42,,,,
2026-01-06 04:32:27.470000+00:00,2026-01-06 04:32:27.548675+00:00,147.47,0.585,0.58,0.59,0.415,0.41,0.42,,,,
2026-01-06 04:32:28.487000+00:00,2026-01-06 04:32:28.547664+00:00,148.487,0.585,0.58,0.59,0.415,0.41,0.42,,,,
2026-01-06 04:32:29.489000+00:00,2026-01-06 04:32:29.557189+00:00,149.489,0.565,0.56,0.57,0.435,0.43,0.44,,,,
2026-01-06 04:32:30.506000+00:00,2026-01-06 04:32:30.571849+00:00,150.506,0.565,0.56,0.57,0.435,0.43,0.44,,,,
2026-01-06 04:32:31.479000+00:00,2026-01-06 04:32:31.582163+00:00,151.479,0.565,0.56,0.57,0.435,0.43,0.44,,,,
2026-01-06 04:32:32.492000+00:00,2026-01-06 04:32:32.581214+00:00,152.492,0.5700000000000001,0.56,0.58,0.43,0.42,0.44,,,,
2026-01-06 04:32:33.546000+00:00,2026-01-06 04:32:33.598696+00:00,153.546,0.575,0.57,0.58,0.425,0.42,0.43,,,,
2026-01-06 04:32:34.511000+00:00,2026-01-06 04:32:34.606194+00:00,154.511,0.585,0.58,0.59,0.41,0.4,0.42,,,,
2026-01-06 04:32:35.548000+00:00,2026-01-06 04:32:35.613794+00:00,155.548,0.575,0.57,0.58,0.425,0.42,0.43,,,,
2026-01-06 04:32:36.539000+00:00,2026-01-06 04:32:36.602971+00:00,156.539,0.575,0.57,0.58,0.425,0.42,0.43,,,,
2026-01-06 04:32:37.435000+00:00,2026-01-06 04:32:37.598899+00:00,157.435,0.575,0.57,0.58,0.425,0.42,0.43,,,,
2026-01-06 04:32:38.540000+00:00,2026-01-06 04:32:38.597820+00:00,158.54,0.575,0.57,0.58,0.425,0.42,0.43,,,,
2026-01-06 04:32:39.527000+00:00,2026-01-06 04:32:39.613079+00:00,159.527,0.595,0.59,0.6,0.405,0.4,0.41,,,,
2026-01-06 04:32:40.560000+00:00,2026-01-06 04:32:40.621832+00:00,160.56,0.595,0.59,0.6,0.39,0.38,0.4,,,,
2026-01-06 04:32:41.525000+00:00,2026-01-06 04:32:41.631729+00:00,161.525,0.615,0.61,0.62,0.385,0.38,0.39,,,,
2026-01-06 04:32:42.572000+00:00,2026-01-06 04:32:42.630831+00:00,162.572,0.615,0.61,0.62,0.385,0.38,0.39,,,,
2026-01-06 04:32:43.280000+00:00,2026-01-06 04:32:43.649602+00:00,163.28,0.615,0.61,0.62,0.385,0.38,0.39,,,,
2026-01-06 04:32:44.488000+00:00,2026-01-06 04:32:44.665390+00:00,164.488,0.615,0.61,0.62,0.385,0.38,0.39,,,,
2026-01-06 04:32:45.559000+00:00,2026-01-06 04:32:45.679910+00:00,165.559,0.605,0.6,0.61,0.395,0.39,0.4,,,,
2026-01-06 04:32:46.621000+00:00,2026-01-06 04:32:46.679847+00:00,166.621,0.61,0.6,0.62,0.395,0.39,0.4,,,,
2026-01-06 04:32:47.595000+00:00,2026-01-06 04:32:47.679248+00:00,167.595,0.615,0.61,0.62,0.385,0.38,0.39,,,,
2026-01-06 04:32:48.613000+00:00,2026-01-06 04:32:48.697174+00:00,168.613,0.615,0.61,0.62,0.385,0.38,0.39,,,,
2026-01-06 04:32:49.557000+00:00,2026-01-06 04:32:49.695761+00:00,169.557,0.605,0.6,0.61,0.395,0.39,0.4,,,,
2026-01-06 04:32:50.631000+00:00,2026-01-06 04:32:50.712999+00:00,170.631,0.605,0.6,0.61,0.395,0.39,0.4,,,,
2026-01-06 04:32:51.671000+00:00,2026-01-06 04:32:51.741965+00:00,171.671,0.605,0.6,0.61,0.395,0.39,0.4,,,,
2026-01-06 04:32:52.740000+00:00,2026-01-06 04:32:52.746312+00:00,172.74,0.605,0.6,0.61,0.395,0.39,0.4,,,,
2026-01-06 04:32:53.680000+00:00,2026-01-06 04:32:53.743676+00:00,173.68,0.605,0.6,0.61,0.395,0.39,0.4,,,,
2026-01-06 04:32:54.333000+00:00,2026-01-06 04:32:54.746936+00:00,174.333,0.605,0.6,0.61,0.395,0.39,0.4,,,,
2026-01-06 04:32:55.667000+00:00,2026-01-06 04:32:55.746290+00:00,175.667,0.605,0.6,0.61,0.395,0.39,0.4,,,,
2026-01-06 04:32:56.602000+00:00,2026-01-06 04:32:56.763044+00:00,176.602,0.605,0.6,0.61,0.395,0.39,0.4,,,,
2026-01-06 04:32:57.614000+00:00,2026-01-06 04:32:57.780175+00:00,177.614,0.605,0.6,0.61,0.395,0.39,0.4,,,,
2026-01-06 04:32:58.730000+00:00,2026-01-06 04:32:58.781500+00:00,178.73,0.53,0.52,0.54,0.475,0.47,0.48,,,,
2026-01-06 04:32:59.711000+00:00,2026-01-06 04:32:59.780373+00:00,179.711,0.53,0.52,0.54,0.47,0.46,0.48,,,,
2026-01-06 04:33:00.530000+00:00,2026-01-06 04:33:00.795900+00:00,180.53,0.53,0.52,0.54,0.4649999999999999,0.46,0.47,,,,
2026-01-06 04:33:01.701000+00:00,2026-01-06 04:33:01.810512+00:00,181.701,0.535,0.53,0.54,0.4649999999999999,0.46,0.47,,,,
2026-01-06 04:33:02.764000+00:00,2026-01-06 04:33:02.814250+00:00,182.764,0.545,0.54,0.55,0.455,0.45,0.46,,,,
2026-01-06 04:33:03.728000+00:00,2026-01-06 04:33:03.831092+00:00,183.728,0.545,0.54,0.55,0.455,0.45,0.46,,,,
2026-01-06 04:33:04.801000+00:00,2026-01-06 04:33:04.848475+00:00,184.801,0.545,0.54,0.55,0.455,0.45,0.46,,,,
2026-01-06 04:33:05.801000+00:00,2026-01-06 04:33:05.868764+00:00,185.801,0.545,0.54,0.55,0.455,0.45,0.46,,,,
2026-01-06 04:33:06.380000+00:00,2026-01-06 04:33:06.881183+00:00,186.38,0.545,0.54,0.55,0.455,0.45,0.46,,,,
2026-01-06 04:33:07.635000+00:00,2026-01-06 04:33:07.879881+00:00,187.635,0.545,0.54,0.55,0.455,0.45,0.46,,,,
2026-01-06 04:33:08.835000+00:00,2026-01-06 04:33:08.895896+00:00,188.835,0.535,0.53,0.54,0.4649999999999999,0.46,0.47,,,,
2026-01-06 04:33:09.828000+00:00,2026-01-06 04:33:09.890512+00:00,189.828,0.535,0.53,0.54,0.4649999999999999,0.46,0.47,,,,
2026-01-06 04:33:10.827000+00:00,2026-01-06 04:33:10.885705+00:00,190.827,0.535,0.53,0.54,0.4649999999999999,0.46,0.47,,,,
2026-01-06 04:33:11.646000+00:00,2026-01-06 04:33:11.886084+00:00,191.646,0.54,0.53,0.55,0.4599999999999999,0.45,0.47,,,,
2026-01-06 04:33:12.704000+00:00,2026-01-06 04:33:12.896087+00:00,192.704,0.54,0.53,0.55,0.4599999999999999,0.45,0.47,,,,
2026-01-06 04:33:13.832000+00:00,2026-01-06 04:33:13.896415+00:00,193.832,0.54,0.53,0.55,0.4599999999999999,0.45,0.47,,,,
2026-01-06 04:33:14.765000+00:00,2026-01-06 04:33:14.905413+00:00,194.765,0.535,0.53,0.54,0.4649999999999999,0.46,0.47,,,,
2026-01-06 04:33:15.878000+00:00,2026-01-06 04:33:15.905553+00:00,195.878,0.535,0.53,0.54,0.4649999999999999,0.46,0.47,,,,
2026-01-06 04:33:16.816000+00:00,2026-01-06 04:33:16.913364+00:00,196.816,0.515,0.51,0.52,0.485,0.48,0.49,,,,
2026-01-06 04:33:17.524000+00:00,2026-01-06 04:33:17.929837+00:00,197.524,0.515,0.51,0.52,0.485,0.48,0.49,,,,
2026-01-06 04:33:18.856000+00:00,2026-01-06 04:33:18.929572+00:00,198.856,0.525,0.52,0.53,0.475,0.47,0.48,,,,
2026-01-06 04:33:19.818000+00:00,2026-01-06 04:33:19.928479+00:00,199.818,0.525,0.52,0.53,0.475,0.47,0.48,,,,
2026-01-06 04:33:20.890000+00:00,2026-01-06 04:33:20.936185+00:00,200.89,0.515,0.51,0.52,0.485,0.48,0.49,,,,
2026-01-06 04:33:21.836000+00:00,2026-01-06 04:33:21.952889+00:00,201.836,0.485,0.48,0.49,0.515,0.51,0.52,,,,
2026-01-06 04:33:22.907000+00:00,2026-01-06 04:33:22.956662+00:00,202.907,0.485,0.48,0.49,0.515,0.51,0.52,,,,
2026-01-06 04:33:23.875000+00:00,2026-01-06 04:33:23.965566+00:00,203.875,0.485,0.48,0.49,0.515,0.51,0.52,,,,
2026-01-06 04:33:24.819000+00:00,2026-01-06 04:33:24.971354+00:00,204.819,0.485,0.48,0.49,0.515,0.51,0.52,,,,
2026-01-06 04:33:25.846000+00:00,2026-01-06 04:33:25.982821+00:00,205.846,0.485,0.48,0.49,0.515,0.51,0.52,,,,
2026-01-06 04:33:26.920000+00:00,2026-01-06 04:33:26.979195+00:00,206.92,0.485,0.48,0.49,0.515,0.51,0.52,,,,
2026-01-06 04:33:27.886000+00:00,2026-01-06 04:33:27.979202+00:00,207.886,0.475,0.47,0.48,0.525,0.52,0.53,,,,
2026-01-06 04:33:28.916000+00:00,2026-01-06 04:33:28.979532+00:00,208.916,0.475,0.47,0.48,0.525,0.52,0.53,,,,
2026-01-06 04:33:29.921000+00:00,2026-01-06 04:33:29.978895+00:00,209.921,0.475,0.47,0.48,0.525,0.52,0.53,,,,
2026-01-06 04:33:30.902000+00:00,2026-01-06 04:33:30.979073+00:00,210.902,0.435,0.43,0.44,0.565,0.56,0.57,,,,
2026-01-06 04:33:31.928000+00:00,2026-01-06 04:33:31.986603+00:00,211.928,0.45,0.44,0.46,0.55,0.54,0.56,,,,
2026-01-06 04:33:32.914000+00:00,2026-01-06 04:33:32.985266+00:00,212.914,0.45,0.44,0.46,0.55,0.54,0.56,,,,
2026-01-06 04:33:33.888000+00:00,2026-01-06 04:33:33.996910+00:00,213.888,0.445,0.44,0.45,0.555,0.55,0.56,,,,
2026-01-06 04:33:34.853000+00:00,2026-01-06 04:33:35.018017+00:00,214.853,0.445,0.44,0.45,0.56,0.55,0.57,,,,
2026-01-06 04:33:35.905000+00:00,2026-01-06 04:33:36.011996+00:00,215.905,0.445,0.44,0.45,0.555,0.55,0.56,,,,
2026-01-06 04:33:36.895000+00:00,2026-01-06 04:33:37.013191+00:00,216.895,0.445,0.44,0.45,0.565,0.56,0.57,,,,
2026-01-06 04:33:37.773000+00:00,2026-01-06 04:33:38.029417+00:00,217.773,0.435,0.43,0.44,0.565,0.56,0.57,,,,
2026-01-06 04:33:38.977000+00:00,2026-01-06 04:33:39.035508+00:00,218.977,0.445,0.44,0.45,0.555,0.55,0.56,,,,
2026-01-06 04:33:39.878000+00:00,2026-01-06 04:33:40.044545+00:00,219.878,0.445,0.44,0.45,0.56,0.55,0.57,,,,
2026-01-06 04:33:40.969000+00:00,2026-01-06 04:33:41.044964+00:00,220.969,0.44,0.43,0.45,0.56,0.55,0.57,,,,
2026-01-06 04:33:41.925000+00:00,2026-01-06 04:33:42.046777+00:00,221.925,0.44,0.43,0.45,0.56,0.55,0.57,,,,
2026-01-06 04:33:43.981000+00:00,2026-01-06 04:33:44.069308+00:00,223.981,0.41,0.4,0.42,0.585,0.58,0.59,,,,
2026-01-06 04:33:45.023000+00:00,2026-01-06 04:33:45.080771+00:00,225.023,0.425,0.42,0.43,0.565,0.56,0.57,,,,
2026-01-06 04:33:46.989000+00:00,2026-01-06 04:33:47.096256+00:00,226.989,0.495,0.49,0.5,0.505,0.5,0.51,,,,
2026-01-06 04:33:48.001000+00:00,2026-01-06 04:33:48.097710+00:00,228.001,0.495,0.49,0.5,0.505,0.5,0.51,,,,
2026-01-06 04:33:49.047000+00:00,2026-01-06 04:33:49.096302+00:00,229.047,0.495,0.49,0.5,0.505,0.5,0.51,,,,
2026-01-06 04:33:50.055000+00:00,2026-01-06 04:33:50.111450+00:00,230.055,0.525,0.52,0.53,0.475,0.47,0.48,,,,
2026-01-06 04:33:51+00:00,2026-01-06 04:33:51.132226+00:00,231.0,0.525,0.52,0.53,0.475,0.47,0.48,,,,
2026-01-06 04:33:52.025000+00:00,2026-01-06 04:33:52.141175+00:00,232.025,0.525,0.52,0.53,0.475,0.47,0.48,,,,
2026-01-06 04:33:53.079000+00:00,2026-01-06 04:33:53.132341+00:00,233.079,0.535,0.53,0.54,0.4649999999999999,0.46,0.47,,,,
2026-01-06 04:33:54.023000+00:00,2026-01-06 04:33:54.129902+00:00,234.023,0.565,0.56,0.57,0.435,0.43,0.44,,,,
2026-01-06 04:33:55.071000+00:00,2026-01-06 04:33:55.132886+00:00,235.071,0.5700000000000001,0.56,0.58,0.425,0.42,0.43,,,,
2026-01-06 04:33:56.050000+00:00,2026-01-06 04:33:56.148330+00:00,236.05,0.585,0.58,0.59,0.415,0.41,0.42,,,,
2026-01-06 04:33:57.053000+00:00,2026-01-06 04:33:57.162463+00:00,237.053,0.585,0.58,0.59,0.415,0.41,0.42,,,,
2026-01-06 04:33:58.084000+00:00,2026-01-06 04:33:58.159369+00:00,238.084,0.585,0.58,0.59,0.415,0.41,0.42,,,,
2026-01-06 04:33:59.102000+00:00,2026-01-06 04:33:59.161586+00:00,239.102,0.585,0.58,0.59,0.415,0.41,0.42,,,,
2026-01-06 04:34:00.067000+00:00,2026-01-06 04:34:00.174710+00:00,240.067,0.635,0.63,0.64,0.355,0.34,0.37,,,,
2026-01-06 04:34:01.121000+00:00,2026-01-06 04:34:01.177061+00:00,241.121,0.685,0.68,0.69,0.315,0.31,0.32,,,,
2026-01-06 04:34:02.135000+00:00,2026-01-06 04:34:02.194282+00:00,242.135,0.7,0.69,0.71,0.3,0.29,0.31,,,,
2026-01-06 04:34:03.126000+00:00,2026-01-06 04:34:03.210280+00:00,243.126,0.695,0.69,0.7,0.305,0.3,0.31,,,,
2026-01-06 04:34:04.076000+00:00,2026-01-06 04:34:04.219857+00:00,244.076,0.69,0.68,0.7,0.315,0.31,0.32,,,,
2026-01-06 04:34:05.122000+00:00,2026-01-06 04:34:05.217236+00:00,245.122,0.695,0.69,0.7,0.31,0.3,0.32,,,,
2026-01-06 04:34:06.002000+00:00,2026-01-06 04:34:06.209778+00:00,246.002,0.69,0.68,0.7,0.305,0.3,0.31,,,,
2026-01-06 04:34:07.181000+00:00,2026-01-06 04:34:07.225949+00:00,247.181,0.705,0.7,0.71,0.295,0.29,0.3,,,,
2026-01-06 04:34:08.186000+00:00,2026-01-06 04:34:08.244657+00:00,248.186,0.7,0.69,0.71,0.3,0.29,0.31,,,,
2026-01-06 04:34:09.164000+00:00,2026-01-06 04:34:09.249965+00:00,249.164,0.705,0.7,0.71,0.295,0.29,0.3,,,,
2026-01-06 04:34:10.198000+00:00,2026-01-06 04:34:10.255610+00:00,250.198,0.705,0.7,0.71,0.295,0.29,0.3,,,,
2026-01-06 04:34:11.183000+00:00,2026-01-06 04:34:11.264765+00:00,251.183,0.705,0.7,0.71,0.3,0.29,0.31,,,,
2026-01-06 04:34:12.189000+00:00,2026-01-06 04:34:12.290889+00:00,252.189,0.685,0.68,0.69,0.315,0.31,0.32,,,,
2026-01-06 04:34:13.005000+00:00,2026-01-06 04:34:13.293783+00:00,253.005,0.695,0.69,0.7,0.305,0.3,0.31,,,,
2026-01-06 04:34:14.183000+00:00,2026-01-06 04:34:14.297853+00:00,254.183,0.695,0.69,0.7,0.305,0.3,0.31,,,,
2026-01-06 04:34:15.239000+00:00,2026-01-06 04:34:15.299056+00:00,255.239,0.695,0.69,0.7,0.305,0.3,0.31,,,,
2026-01-06 04:34:16.222000+00:00,2026-01-06 04:34:16.303499+00:00,256.222,0.695,0.69,0.7,0.305,0.3,0.31,,,,
2026-01-06 04:34:17.247000+00:00,2026-01-06 04:34:17.303981+00:00,257.247,0.69,0.68,0.7,0.305,0.3,0.31,,,,
2026-01-06 04:34:18.003000+00:00,2026-01-06 04:34:18.310622+00:00,258.003,0.695,0.69,0.7,0.305,0.3,0.31,,,,
2026-01-06 04:34:19.261000+00:00,2026-01-06 04:34:19.321552+00:00,259.261,0.705,0.7,0.71,0.295,0.29,0.3,,,,
2026-01-06 04:34:20.241000+00:00,2026-01-06 04:34:20.327251+00:00,260.241,0.71,0.7,0.72,0.29,0.28,0.3,,,,
2026-01-06 04:34:21.255000+00:00,2026-01-06 04:34:21.334247+00:00,261.255,0.735,0.73,0.74,0.265,0.26,0.27,,,,
2026-01-06 04:34:22.274000+00:00,2026-01-06 04:34:22.332582+00:00,262.274,0.755,0.75,0.76,0.245,0.24,0.25,,,,
2026-01-06 04:34:23.227000+00:00,2026-01-06 04:34:23.333450+00:00,263.227,0.76,0.75,0.77,0.235,0.23,0.24,,,,
2026-01-06 04:34:24.256000+00:00,2026-01-06 04:34:24.335831+00:00,264.256,0.765,0.76,0.77,0.235,0.23,0.24,,,,
2026-01-06 04:34:25.232000+00:00,2026-01-06 04:34:25.351208+00:00,265.232,0.765,0.76,0.77,0.24,0.23,0.25,,,,
2026-01-06 04:34:26.297000+00:00,2026-01-06 04:34:26.359869+00:00,266.297,0.755,0.75,0.76,0.245,0.24,0.25,,,,
2026-01-06 04:34:27.300000+00:00,2026-01-06 04:34:27.359866+00:00,267.3,0.745,0.74,0.75,0.25,0.24,0.26,,,,
2026-01-06 04:34:28.299000+00:00,2026-01-06 04:34:28.360688+00:00,268.299,0.75,0.74,0.76,0.25,0.24,0.26,,,,
2026-01-06 04:34:29.224000+00:00,2026-01-06 04:34:29.355161+00:00,269.224,0.75,0.74,0.76,0.25,0.24,0.26,,,,
2026-01-06 04:34:30.240000+00:00,2026-01-06 04:34:30.360703+00:00,270.24,0.75,0.74,0.76,0.25,0.24,0.26,,,,
2026-01-06 04:34:31.263000+00:00,2026-01-06 04:34:31.370319+00:00,271.263,0.75,0.74,0.76,0.25,0.24,0.26,,,,
2026-01-06 04:34:32.275000+00:00,2026-01-06 04:34:32.375479+00:00,272.275,0.755,0.75,0.76,0.245,0.24,0.25,,,,
2026-01-06 04:34:33.144000+00:00,2026-01-06 04:34:33.388078+00:00,273.144,0.755,0.75,0.76,0.245,0.24,0.25,,,,
2026-01-06 04:34:34.318000+00:00,2026-01-06 04:34:34.392383+00:00,274.318,0.755,0.75,0.76,0.245,0.24,0.25,,,,
2026-01-06 04:34:35.289000+00:00,2026-01-06 04:34:35.413373+00:00,275.289,0.75,0.74,0.76,0.25,0.24,0.26,,,,
2026-01-06 04:34:36.384000+00:00,2026-01-06 04:34:36.434166+00:00,276.384,0.71,0.69,0.73,0.31,0.3,0.32,,,,
2026-01-06 04:34:37.401000+00:00,2026-01-06 04:34:37.444143+00:00,277.401,0.685,0.68,0.69,0.315,0.31,0.32,,,,
2026-01-06 04:34:38.261000+00:00,2026-01-06 04:34:38.442833+00:00,278.261,0.69,0.68,0.7,0.31,0.3,0.32,,,,
2026-01-06 04:34:39.399000+00:00,2026-01-06 04:34:39.461182+00:00,279.399,0.685,0.68,0.69,0.315,0.31,0.32,,,,
2026-01-06 04:34:40.280000+00:00,2026-01-06 04:34:40.459373+00:00,280.28,0.69,0.68,0.7,0.31,0.3,0.32,,,,
2026-01-06 04:34:41.445000+00:00,2026-01-06 04:34:41.469919+00:00,281.445,0.685,0.68,0.69,0.315,0.31,0.32,,,,
2026-01-06 04:34:42.417000+00:00,2026-01-06 04:34:42.476228+00:00,282.417,0.625,0.62,0.63,0.375,0.37,0.38,,,,
2026-01-06 04:34:43.391000+00:00,2026-01-06 04:34:43.485613+00:00,283.391,0.625,0.62,0.63,0.375,0.37,0.38,,,,
2026-01-06 04:34:44.485000+00:00,2026-01-06 04:34:44.492549+00:00,284.485,0.645,0.64,0.65,0.355,0.35,0.36,,,,
2026-01-06 04:34:45.432000+00:00,2026-01-06 04:34:45.488784+00:00,285.432,0.645,0.64,0.65,0.355,0.35,0.36,,,,
2026-01-06 04:34:46.396000+00:00,2026-01-06 04:34:46.493462+00:00,286.396,0.645,0.64,0.65,0.355,0.35,0.36,,,,
2026-01-06 04:34:47.438000+00:00,2026-01-06 04:34:47.493846+00:00,287.438,0.645,0.64,0.65,0.355,0.35,0.36,,,,
2026-01-06 04:34:48.458000+00:00,2026-01-06 04:34:48.510701+00:00,288.458,0.71,0.7,0.72,0.29,0.28,0.3,,,,
2026-01-06 04:34:49.463000+00:00,2026-01-06 04:34:49.529117+00:00,289.463,0.735,0.73,0.74,0.26,0.25,0.27,,,,
2026-01-06 04:34:50.403000+00:00,2026-01-06 04:34:50.545841+00:00,290.403,0.74,0.73,0.75,0.26,0.25,0.27,,,,
2026-01-06 04:34:51.487000+00:00,2026-01-06 04:34:51.543702+00:00,291.487,0.735,0.73,0.74,0.265,0.26,0.27,,,,
2026-01-06 04:34:52.441000+00:00,2026-01-06 04:34:52.559858+00:00,292.441,0.735,0.73,0.74,0.265,0.26,0.27,,,,
2026-01-06 04:34:53.486000+00:00,2026-01-06 04:34:53.576439+00:00,293.486,0.735,0.73,0.74,0.275,0.27,0.28,,,,
2026-01-06 04:34:54.484000+00:00,2026-01-06 04:34:54.581921+00:00,294.484,0.725,0.72,0.73,0.275,0.27,0.28,,,,
2026-01-06 04:34:55.645000+00:00,2026-01-06 04:34:55.590309+00:00,295.645,0.72,0.71,0.73,0.28,0.27,0.29,,,,
2026-01-06 04:34:56.462000+00:00,2026-01-06 04:34:56.604724+00:00,296.462,0.72,0.71,0.73,0.28,0.27,0.29,,,,
2026-01-06 04:34:57.483000+00:00,2026-01-06 04:34:57.611971+00:00,297.483,0.725,0.72,0.73,0.275,0.27,0.28,,,,
2026-01-06 04:34:58.571000+00:00,2026-01-06 04:34:58.627152+00:00,298.571,0.725,0.72,0.73,0.275,0.27,0.28,,,,
2026-01-06 04:34:59.301000+00:00,2026-01-06 04:34:59.644110+00:00,299.301,0.735,0.73,0.74,0.265,0.26,0.27,,,,
2026-01-06 04:35:00.597000+00:00,2026-01-06 04:35:00.656764+00:00,300.597,0.725,0.72,0.73,0.275,0.27,0.28,,,,
2026-01-06 04:35:01.589000+00:00,2026-01-06 04:35:01.674922+00:00,301.589,0.72,0.71,0.73,0.28,0.27,0.29,,,,
2026-01-06 04:35:02.612000+00:00,2026-01-06 04:35:02.677797+00:00,302.612,0.725,0.72,0.73,0.275,0.27,0.28,,,,
2026-01-06 04:35:03.638000+00:00,2026-01-06 04:35:03.691940+00:00,303.638,0.72,0.71,0.73,0.275,0.27,0.28,,,,
2026-01-06 04:35:04.566000+00:00,2026-01-06 04:35:04.694325+00:00,304.566,0.725,0.72,0.73,0.275,0.27,0.28,,,,
2026-01-06 04:35:05.347000+00:00,2026-01-06 04:35:05.707453+00:00,305.347,0.725,0.72,0.73,0.275,0.27,0.28,,,,
2026-01-06 04:35:06.643000+00:00,2026-01-06 04:35:06.723125+00:00,306.643,0.725,0.72,0.73,0.275,0.27,0.28,,,,
2026-01-06 04:35:07.621000+00:00,2026-01-06 04:35:07.733119+00:00,307.621,0.725,0.72,0.73,0.275,0.27,0.28,,,,
2026-01-06 04:35:08.611000+00:00,2026-01-06 04:35:08.726493+00:00,308.611,0.725,0.72,0.73,0.275,0.27,0.28,,,,
2026-01-06 04:35:09.626000+00:00,2026-01-06 04:35:09.730477+00:00,309.626,0.745,0.74,0.75,0.255,0.25,0.26,,,,
2026-01-06 04:35:10.662000+00:00,2026-01-06 04:35:10.742981+00:00,310.662,0.75,0.74,0.76,0.25,0.24,0.26,,,,
2026-01-06 04:35:11.708000+00:00,2026-01-06 04:35:11.758674+00:00,311.708,0.775,0.77,0.78,0.22,0.21,0.23,,,,
2026-01-06 04:35:12.722000+00:00,2026-01-06 04:35:12.775895+00:00,312.722,0.78,0.77,0.79,0.22,0.21,0.23,,,,
2026-01-06 04:35:13.747000+00:00,2026-01-06 04:35:13.794076+00:00,313.747,0.785,0.78,0.79,0.215,0.21,0.22,,,,
2026-01-06 04:35:14.696000+00:00,2026-01-06 04:35:14.807952+00:00,314.696,0.805,0.8,0.81,0.195,0.19,0.2,,,,
2026-01-06 04:35:15.746000+00:00,2026-01-06 04:35:15.810282+00:00,315.746,0.81,0.8,0.82,0.185,0.18,0.19,,,,
2026-01-06 04:35:16.762000+00:00,2026-01-06 04:35:16.819269+00:00,316.762,0.8049999999999999,0.79,0.82,0.195,0.18,0.21,,,,
2026-01-06 04:35:17.784000+00:00,2026-01-06 04:35:17.842854+00:00,317.784,0.805,0.8,0.81,0.195,0.19,0.2,,,,
2026-01-06 04:35:18.788000+00:00,2026-01-06 04:35:18.842664+00:00,318.788,0.815,0.81,0.82,0.185,0.18,0.19,,,,
2026-01-06 04:35:19.783000+00:00,2026-01-06 04:35:19.859386+00:00,319.783,0.81,0.8,0.82,0.19,0.18,0.2,,,,
2026-01-06 04:35:20.780000+00:00,2026-01-06 04:35:20.864502+00:00,320.78,0.815,0.81,0.82,0.185,0.18,0.19,,,,
2026-01-06 04:35:21.759000+00:00,2026-01-06 04:35:21.861872+00:00,321.759,0.805,0.8,0.81,0.195,0.19,0.2,,,,
2026-01-06 04:35:22.786000+00:00,2026-01-06 04:35:22.864692+00:00,322.786,0.775,0.77,0.78,0.225,0.22,0.23,,,,
2026-01-06 04:35:23.799000+00:00,2026-01-06 04:35:23.883470+00:00,323.799,0.75,0.74,0.76,0.25,0.24,0.26,,,,
2026-01-06 04:35:24.756000+00:00,2026-01-06 04:35:24.884650+00:00,324.756,0.755,0.74,0.77,0.245,0.23,0.26,,,,
2026-01-06 04:35:25.848000+00:00,2026-01-06 04:35:25.895180+00:00,325.848,0.755,0.74,0.77,0.245,0.23,0.26,,,,
2026-01-06 04:35:26.792000+00:00,2026-01-06 04:35:26.894525+00:00,326.792,0.755,0.74,0.77,0.245,0.23,0.26,,,,
2026-01-06 04:35:27.848000+00:00,2026-01-06 04:35:27.908518+00:00,327.848,0.755,0.74,0.77,0.245,0.23,0.26,,,,
2026-01-06 04:35:28.713000+00:00,2026-01-06 04:35:28.925600+00:00,328.713,0.755,0.74,0.77,0.245,0.23,0.26,,,,
2026-01-06 04:35:29.609000+00:00,2026-01-06 04:35:29.925052+00:00,329.609,0.755,0.74,0.77,0.245,0.23,0.26,,,,
2026-01-06 04:35:30.864000+00:00,2026-01-06 04:35:30.944189+00:00,330.864,0.75,0.74,0.76,0.25,0.24,0.26,,,,
2026-01-06 04:35:31.333000+00:00,2026-01-06 04:35:31.949382+00:00,331.333,0.75,0.74,0.76,0.25,0.24,0.26,,,,
2026-01-06 04:35:32.931000+00:00,2026-01-06 04:35:32.958838+00:00,332.931,0.725,0.72,0.73,0.275,0.27,0.28,,,,
2026-01-06 04:35:33.867000+00:00,2026-01-06 04:35:33.961007+00:00,333.867,0.71,0.7,0.72,0.29,0.28,0.3,,,,
2026-01-06 04:35:34.914000+00:00,2026-01-06 04:35:34.963077+00:00,334.914,0.715,0.71,0.72,0.285,0.28,0.29,,,,
2026-01-06 04:35:35.821000+00:00,2026-01-06 04:35:35.979202+00:00,335.821,0.715,0.7,0.73,0.285,0.27,0.3,,,,
2026-01-06 04:35:36.882000+00:00,2026-01-06 04:35:36.992141+00:00,336.882,0.72,0.71,0.73,0.28,0.27,0.29,,,,
2026-01-06 04:35:37.608000+00:00,2026-01-06 04:35:37.997575+00:00,337.608,0.72,0.71,0.73,0.28,0.27,0.29,,,,
2026-01-06 04:35:38.965000+00:00,2026-01-06 04:35:38.997658+00:00,338.965,0.72,0.71,0.73,0.28,0.27,0.29,,,,
2026-01-06 04:35:39.882000+00:00,2026-01-06 04:35:39.993940+00:00,339.882,0.72,0.71,0.73,0.28,0.27,0.29,,,,
2026-01-06 04:35:40.854000+00:00,2026-01-06 04:35:41.008596+00:00,340.854,0.72,0.71,0.73,0.28,0.27,0.29,,,,
2026-01-06 04:35:41.462000+00:00,2026-01-06 04:35:42.018834+00:00,341.462,0.72,0.71,0.73,0.28,0.27,0.29,,,,
2026-01-06 04:35:42.740000+00:00,2026-01-06 04:35:43.023779+00:00,342.74,0.725,0.72,0.73,0.275,0.27,0.28,,,,
2026-01-06 04:35:43.824000+00:00,2026-01-06 04:35:44.041757+00:00,343.824,0.72,0.71,0.73,0.28,0.27,0.29,,,,
2026-01-06 04:35:44.918000+00:00,2026-01-06 04:35:45.058079+00:00,344.918,0.72,0.71,0.73,0.28,0.27,0.29,,,,
2026-01-06 04:35:45.811000+00:00,2026-01-06 04:35:46.056394+00:00,345.811,0.72,0.71,0.73,0.28,0.27,0.29,,,,
2026-01-06 04:35:47.001000+00:00,2026-01-06 04:35:47.073962+00:00,347.001,0.72,0.71,0.73,0.28,0.27,0.29,,,,
2026-01-06 04:35:48.940000+00:00,2026-01-06 04:35:49.095820+00:00,348.94,0.735,0.73,0.74,0.265,0.26,0.27,,,,
2026-01-06 04:35:50.971000+00:00,2026-01-06 04:35:51.108698+00:00,350.971,0.745,0.74,0.75,0.255,0.25,0.26,,,,
2026-01-06 04:35:52.006000+00:00,2026-01-06 04:35:52.121804+00:00,352.006,0.745,0.74,0.75,0.255,0.25,0.26,,,,
2026-01-06 04:35:53.016000+00:00,2026-01-06 04:35:53.141214+00:00,353.016,0.745,0.74,0.75,0.255,0.25,0.26,,,,
2026-01-06 04:35:54.084000+00:00,2026-01-06 04:35:54.141238+00:00,354.084,0.745,0.74,0.75,0.255,0.25,0.26,,,,
2026-01-06 04:35:55.927000+00:00,2026-01-06 04:35:56.172074+00:00,355.927,0.745,0.74,0.75,0.255,0.25,0.26,,,,
2026-01-06 04:35:57.003000+00:00,2026-01-06 04:35:57.189389+00:00,357.003,0.745,0.74,0.75,0.255,0.25,0.26,,,,
2026-01-06 04:35:58.097000+00:00,2026-01-06 04:35:58.193131+00:00,358.097,0.745,0.74,0.75,0.255,0.25,0.26,,,,
2026-01-06 04:35:59.132000+00:00,2026-01-06 04:35:59.205276+00:00,359.132,0.735,0.73,0.74,0.265,0.26,0.27,,,,
2026-01-06 04:36:00.143000+00:00,2026-01-06 04:36:00.219836+00:00,360.143,0.735,0.73,0.74,0.265,0.26,0.27,,,,
2026-01-06 04:36:01.124000+00:00,2026-01-06 04:36:01.223230+00:00,361.124,0.735,0.73,0.74,0.265,0.26,0.27,,,,
2026-01-06 04:36:02.152000+00:00,2026-01-06 04:36:02.221805+00:00,362.152,0.735,0.73,0.74,0.265,0.26,0.27,,,,
2026-01-06 04:36:03.170000+00:00,2026-01-06 04:36:03.222014+00:00,363.17,0.745,0.73,0.76,0.255,0.24,0.27,,,,
2026-01-06 04:36:04.182000+00:00,2026-01-06 04:36:04.243152+00:00,364.182,0.725,0.72,0.73,0.275,0.27,0.28,,,,
2026-01-06 04:36:05.183000+00:00,2026-01-06 04:36:05.257291+00:00,365.183,0.725,0.72,0.73,0.275,0.27,0.28,,,,
2026-01-06 04:36:06.216000+00:00,2026-01-06 04:36:06.273463+00:00,366.216,0.725,0.72,0.73,0.275,0.27,0.28,,,,
2026-01-06 04:36:07.205000+00:00,2026-01-06 04:36:07.290210+00:00,367.205,0.745,0.74,0.75,0.255,0.25,0.26,,,,
2026-01-06 04:36:08.182000+00:00,2026-01-06 04:36:08.308973+00:00,368.182,0.745,0.74,0.75,0.255,0.25,0.26,,,,
2026-01-06 04:36:09.166000+00:00,2026-01-06 04:36:09.315523+00:00,369.166,0.745,0.74,0.75,0.255,0.25,0.26,,,,
2026-01-06 04:36:10.092000+00:00,2026-01-06 04:36:10.331146+00:00,370.092,0.75,0.74,0.76,0.25,0.24,0.26,,,,
2026-01-06 04:36:11.186000+00:00,2026-01-06 04:36:11.334836+00:00,371.186,0.75,0.74,0.76,0.25,0.24,0.26,,,,
2026-01-06 04:36:12.121000+00:00,2026-01-06 04:36:12.340639+00:00,372.121,0.75,0.74,0.76,0.25,0.24,0.26,,,,
2026-01-06 04:36:13.240000+00:00,2026-01-06 04:36:13.349945+00:00,373.24,0.735,0.73,0.74,0.265,0.26,0.27,,,,
2026-01-06 04:36:14.204000+00:00,2026-01-06 04:36:14.355574+00:00,374.204,0.74,0.73,0.75,0.26,0.25,0.27,,,,
2026-01-06 04:36:15.304000+00:00,2026-01-06 04:36:15.366911+00:00,375.304,0.74,0.73,0.75,0.26,0.25,0.27,,,,
2026-01-06 04:36:16.081000+00:00,2026-01-06 04:36:16.383987+00:00,376.081,0.74,0.73,0.75,0.26,0.25,0.27,,,,
2026-01-06 04:36:17.318000+00:00,2026-01-06 04:36:17.390261+00:00,377.318,0.74,0.73,0.75,0.26,0.25,0.27,,,,
2026-01-06 04:36:18.317000+00:00,2026-01-06 04:36:18.389982+00:00,378.317,0.745,0.74,0.75,0.245,0.24,0.25,,,,
2026-01-06 04:36:19.066000+00:00,2026-01-06 04:36:19.391670+00:00,379.066,0.765,0.76,0.77,0.235,0.23,0.24,,,,
2026-01-06 04:36:20.332000+00:00,2026-01-06 04:36:20.397709+00:00,380.332,0.765,0.76,0.77,0.235,0.23,0.24,,,,
2026-01-06 04:36:21.335000+00:00,2026-01-06 04:36:21.388873+00:00,381.335,0.765,0.76,0.77,0.235,0.23,0.24,,,,
2026-01-06 04:36:22.324000+00:00,2026-01-06 04:36:22.406658+00:00,382.324,0.765,0.76,0.77,0.235,0.23,0.24,,,,
2026-01-06 04:36:23.271000+00:00,2026-01-06 04:36:23.415697+00:00,383.271,0.765,0.76,0.77,0.235,0.23,0.24,,,,
2026-01-06 04:36:24.327000+00:00,2026-01-06 04:36:24.405682+00:00,384.327,0.745,0.74,0.75,0.255,0.25,0.26,,,,
2026-01-06 04:36:25.350000+00:00,2026-01-06 04:36:25.410809+00:00,385.35,0.745,0.74,0.75,0.255,0.25,0.26,,,,
2026-01-06 04:36:26.364000+00:00,2026-01-06 04:36:26.425547+00:00,386.364,0.745,0.74,0.75,0.255,0.25,0.26,,,,
2026-01-06 04:36:27.356000+00:00,2026-01-06 04:36:27.426947+00:00,387.356,0.745,0.74,0.75,0.265,0.26,0.27,,,,
2026-01-06 04:36:28.258000+00:00,2026-01-06 04:36:28.428592+00:00,388.258,0.725,0.72,0.73,0.275,0.27,0.28,,,,
2026-01-06 04:36:29.366000+00:00,2026-01-06 04:36:29.430163+00:00,389.366,0.725,0.72,0.73,0.275,0.27,0.28,,,,
2026-01-06 04:36:30.289000+00:00,2026-01-06 04:36:30.438871+00:00,390.289,0.725,0.72,0.73,0.275,0.27,0.28,,,,
2026-01-06 04:36:31.226000+00:00,2026-01-06 04:36:31.439074+00:00,391.226,0.73,0.72,0.74,0.27,0.26,0.28,,,,
2026-01-06 04:36:32.264000+00:00,2026-01-06 04:36:32.444118+00:00,392.264,0.73,0.72,0.74,0.27,0.26,0.28,,,,
2026-01-06 04:36:33.371000+00:00,2026-01-06 04:36:33.438360+00:00,393.371,0.735,0.73,0.74,0.265,0.26,0.27,,,,
2026-01-06 04:36:34.261000+00:00,2026-01-06 04:36:34.443735+00:00,394.261,0.755,0.75,0.76,0.245,0.24,0.25,,,,
2026-01-06 04:36:35.314000+00:00,2026-01-06 04:36:35.445102+00:00,395.314,0.76,0.75,0.77,0.24,0.23,0.25,,,,
2026-01-06 04:36:36.367000+00:00,2026-01-06 04:36:36.465303+00:00,396.367,0.76,0.75,0.77,0.24,0.23,0.25,,,,
2026-01-06 04:36:37.270000+00:00,2026-01-06 04:36:37.471210+00:00,397.27,0.76,0.75,0.77,0.24,0.23,0.25,,,,
2026-01-06 04:36:38.426000+00:00,2026-01-06 04:36:38.481331+00:00,398.426,0.76,0.75,0.77,0.24,0.23,0.25,,,,
2026-01-06 04:36:39.419000+00:00,2026-01-06 04:36:39.486267+00:00,399.419,0.76,0.75,0.77,0.24,0.23,0.25,,,,
2026-01-06 04:36:40.047000+00:00,2026-01-06 04:36:40.504628+00:00,400.047,0.765,0.76,0.77,0.235,0.23,0.24,,,,
2026-01-06 04:36:41.342000+00:00,2026-01-06 04:36:41.505884+00:00,401.342,0.765,0.76,0.77,0.235,0.23,0.24,,,,
2026-01-06 04:36:42.402000+00:00,2026-01-06 04:36:42.506079+00:00,402.402,0.77,0.76,0.78,0.2299999999999999,0.22,0.24,,,,
2026-01-06 04:36:43.195000+00:00,2026-01-06 04:36:43.505431+00:00,403.195,0.765,0.76,0.77,0.235,0.23,0.24,,,,
2026-01-06 04:36:44.440000+00:00,2026-01-06 04:36:44.511075+00:00,404.44,0.76,0.75,0.77,0.24,0.23,0.25,,,,
2026-01-06 04:36:45.312000+00:00,2026-01-06 04:36:45.521710+00:00,405.312,0.76,0.75,0.77,0.24,0.23,0.25,,,,
2026-01-06 04:36:46.471000+00:00,2026-01-06 04:36:46.538793+00:00,406.471,0.76,0.75,0.77,0.24,0.23,0.25,,,,
2026-01-06 04:36:47.487000+00:00,2026-01-06 04:36:47.544635+00:00,407.487,0.76,0.75,0.77,0.24,0.23,0.25,,,,
2026-01-06 04:36:48.490000+00:00,2026-01-06 04:36:48.564844+00:00,408.49,0.76,0.75,0.77,0.24,0.23,0.25,,,,
2026-01-06 04:36:49.508000+00:00,2026-01-06 04:36:49.574391+00:00,409.508,0.76,0.75,0.77,0.24,0.23,0.25,,,,
2026-01-06 04:36:50.504000+00:00,2026-01-06 04:36:50.571974+00:00,410.504,0.76,0.75,0.77,0.24,0.23,0.25,,,,
2026-01-06 04:36:51.441000+00:00,2026-01-06 04:36:51.565470+00:00,411.441,0.755,0.75,0.76,0.245,0.24,0.25,,,,
2026-01-06 04:36:52.481000+00:00,2026-01-06 04:36:52.571459+00:00,412.481,0.755,0.75,0.76,0.245,0.24,0.25,,,,
2026-01-06 04:36:53.504000+00:00,2026-01-06 04:36:53.570444+00:00,413.504,0.755,0.75,0.76,0.245,0.24,0.25,,,,
2026-01-06 04:36:54.522000+00:00,2026-01-06 04:36:54.579685+00:00,414.522,0.755,0.75,0.76,0.245,0.24,0.25,,,,
2026-01-06 04:36:55.261000+00:00,2026-01-06 04:36:55.586945+00:00,415.261,0.755,0.75,0.76,0.245,0.24,0.25,,,,
2026-01-06 04:36:56.453000+00:00,2026-01-06 04:36:56.588747+00:00,416.453,0.765,0.76,0.77,0.235,0.23,0.24,,,,
2026-01-06 04:36:57.412000+00:00,2026-01-06 04:36:57.603081+00:00,417.412,0.76,0.75,0.77,0.24,0.23,0.25,,,,
2026-01-06 04:36:58.507000+00:00,2026-01-06 04:36:58.598144+00:00,418.507,0.77,0.76,0.78,0.2299999999999999,0.22,0.24,,,,
2026-01-06 04:36:59.511000+00:00,2026-01-06 04:36:59.614581+00:00,419.511,0.77,0.76,0.78,0.2299999999999999,0.22,0.24,,,,
2026-01-06 04:37:00.559000+00:00,2026-01-06 04:37:00.620988+00:00,420.559,0.785,0.78,0.79,0.215,0.21,0.22,,,,
2026-01-06 04:37:01.571000+00:00,2026-01-06 04:37:01.626850+00:00,421.571,0.785,0.78,0.79,0.215,0.21,0.22,,,,
2026-01-06 04:37:02.561000+00:00,2026-01-06 04:37:02.618591+00:00,422.561,0.83,0.82,0.84,0.1699999999999999,0.16,0.18,,,,
2026-01-06 04:37:03.466000+00:00,2026-01-06 04:37:03.619931+00:00,423.466,0.83,0.82,0.84,0.1699999999999999,0.16,0.18,,,,
2026-01-06 04:37:04.566000+00:00,2026-01-06 04:37:04.622802+00:00,424.566,0.845,0.84,0.85,0.155,0.15,0.16,,,,
2026-01-06 04:37:05.552000+00:00,2026-01-06 04:37:05.633305+00:00,425.552,0.855,0.85,0.86,0.145,0.14,0.15,,,,
2026-01-06 04:37:06.589000+00:00,2026-01-06 04:37:06.643941+00:00,426.589,0.855,0.85,0.86,0.13,0.12,0.14,,,,
2026-01-06 04:37:07.560000+00:00,2026-01-06 04:37:07.648452+00:00,427.56,0.87,0.86,0.88,0.13,0.12,0.14,,,,
2026-01-06 04:37:08.538000+00:00,2026-01-06 04:37:08.651331+00:00,428.538,0.87,0.86,0.88,0.13,0.12,0.14,,,,
2026-01-06 04:37:09.594000+00:00,2026-01-06 04:37:09.670871+00:00,429.594,0.87,0.86,0.88,0.13,0.12,0.14,,,,
2026-01-06 04:37:10.457000+00:00,2026-01-06 04:37:10.692456+00:00,430.457,0.87,0.86,0.88,0.13,0.12,0.14,,,,
2026-01-06 04:37:11.638000+00:00,2026-01-06 04:37:11.704292+00:00,431.638,0.87,0.86,0.88,0.13,0.12,0.14,,,,
2026-01-06 04:37:12.641000+00:00,2026-01-06 04:37:12.705205+00:00,432.641,0.875,0.87,0.88,0.125,0.12,0.13,,,,
2026-01-06 04:37:13.560000+00:00,2026-01-06 04:37:13.721319+00:00,433.56,0.875,0.87,0.88,0.125,0.12,0.13,,,,
2026-01-06 04:37:14.604000+00:00,2026-01-06 04:37:14.731845+00:00,434.604,0.875,0.87,0.88,0.125,0.12,0.13,,,,
2026-01-06 04:37:15.580000+00:00,2026-01-06 04:37:15.735283+00:00,435.58,0.875,0.87,0.88,0.125,0.12,0.13,,,,
2026-01-06 04:37:16.683000+00:00,2026-01-06 04:37:16.748218+00:00,436.683,0.895,0.89,0.9,0.105,0.1,0.11,,,,
2026-01-06 04:37:17.705000+00:00,2026-01-06 04:37:17.768844+00:00,437.705,0.895,0.89,0.9,0.105,0.1,0.11,,,,
2026-01-06 04:37:18.706000+00:00,2026-01-06 04:37:18.770071+00:00,438.706,0.905,0.9,0.91,0.095,0.09,0.1,,,,
2026-01-06 04:37:19.675000+00:00,2026-01-06 04:37:19.774605+00:00,439.675,0.905,0.9,0.91,0.095,0.09,0.1,,,,
2026-01-06 04:37:20.736000+00:00,2026-01-06 04:37:20.791183+00:00,440.736,0.905,0.9,0.91,0.095,0.09,0.1,,,,
2026-01-06 04:37:21.672000+00:00,2026-01-06 04:37:21.790092+00:00,441.672,0.91,0.9,0.92,0.095,0.09,0.1,,,,
2026-01-06 04:37:22.729000+00:00,2026-01-06 04:37:22.805809+00:00,442.729,0.915,0.91,0.92,0.0849999999999999,0.08,0.09,,,,
2026-01-06 04:37:23.686000+00:00,2026-01-06 04:37:23.819735+00:00,443.686,0.915,0.91,0.92,0.0849999999999999,0.08,0.09,,,,
2026-01-06 04:37:24.786000+00:00,2026-01-06 04:37:24.836284+00:00,444.786,0.915,0.91,0.92,0.0849999999999999,0.08,0.09,,,,
2026-01-06 04:37:25.794000+00:00,2026-01-06 04:37:25.855838+00:00,445.794,0.915,0.91,0.92,0.0849999999999999,0.08,0.09,,,,
2026-01-06 04:37:26.797000+00:00,2026-01-06 04:37:26.853564+00:00,446.797,0.915,0.91,0.92,0.0849999999999999,0.08,0.09,,,,
2026-01-06 04:37:27.721000+00:00,2026-01-06 04:37:27.870187+00:00,447.721,0.915,0.91,0.92,0.0849999999999999,0.08,0.09,,,,
2026-01-06 04:37:28.718000+00:00,2026-01-06 04:37:28.869144+00:00,448.718,0.905,0.9,0.91,0.095,0.09,0.1,,,,
2026-01-06 04:37:29.797000+00:00,2026-01-06 04:37:29.869376+00:00,449.797,0.905,0.9,0.91,0.095,0.09,0.1,,,,
2026-01-06 04:37:30.772000+00:00,2026-01-06 04:37:30.887709+00:00,450.772,0.895,0.89,0.9,0.105,0.1,0.11,,,,
2026-01-06 04:37:31.751000+00:00,2026-01-06 04:37:31.886313+00:00,451.751,0.895,0.89,0.9,0.105,0.1,0.11,,,,
2026-01-06 04:37:32.834000+00:00,2026-01-06 04:37:32.886805+00:00,452.834,0.9,0.89,0.91,0.1,0.09,0.11,,,,
2026-01-06 04:37:33.798000+00:00,2026-01-06 04:37:33.903285+00:00,453.798,0.905,0.9,0.91,0.095,0.09,0.1,,,,
2026-01-06 04:37:34.748000+00:00,2026-01-06 04:37:34.903272+00:00,454.748,0.905,0.9,0.91,0.095,0.09,0.1,,,,
2026-01-06 04:37:35.677000+00:00,2026-01-06 04:37:35.901800+00:00,455.677,0.91,0.9,0.92,0.09,0.08,0.1,,,,
2026-01-06 04:37:36.843000+00:00,2026-01-06 04:37:36.911905+00:00,456.843,0.915,0.9,0.93,0.08,0.07,0.09,,,,
2026-01-06 04:37:37.842000+00:00,2026-01-06 04:37:37.918319+00:00,457.842,0.92,0.91,0.93,0.08,0.07,0.09,,,,
2026-01-06 04:37:38.559000+00:00,2026-01-06 04:37:38.938494+00:00,458.559,0.92,0.91,0.93,0.0849999999999999,0.08,0.09,,,,
2026-01-06 04:37:39.766000+00:00,2026-01-06 04:37:39.953290+00:00,459.766,0.915,0.91,0.92,0.0849999999999999,0.08,0.09,,,,
2026-01-06 04:37:40.912000+00:00,2026-01-06 04:37:40.970353+00:00,460.912,0.9,0.89,0.91,0.105,0.09,0.12,,,,
2026-01-06 04:37:41.871000+00:00,2026-01-06 04:37:41.971630+00:00,461.871,0.895,0.88,0.91,0.105,0.09,0.12,,,,
2026-01-06 04:37:42.863000+00:00,2026-01-06 04:37:42.970353+00:00,462.863,0.91,0.9,0.92,0.09,0.08,0.1,,,,
2026-01-06 04:37:43.991000+00:00,2026-01-06 04:37:43.985724+00:00,463.991,0.905,0.89,0.92,0.095,0.08,0.11,,,,
2026-01-06 04:37:44.934000+00:00,2026-01-06 04:37:45.001318+00:00,464.934,0.895,0.89,0.9,0.105,0.1,0.11,,,,
2026-01-06 04:37:45.896000+00:00,2026-01-06 04:37:46.002736+00:00,465.896,0.905,0.89,0.92,0.095,0.08,0.11,,,,
2026-01-06 04:37:46.934000+00:00,2026-01-06 04:37:47.010263+00:00,466.934,0.905,0.89,0.92,0.095,0.08,0.11,,,,
2026-01-06 04:37:47.839000+00:00,2026-01-06 04:37:48.018582+00:00,467.839,0.915,0.9,0.93,0.085,0.07,0.1,,,,
2026-01-06 04:37:48.958000+00:00,2026-01-06 04:37:49.018270+00:00,468.958,0.91,0.9,0.92,0.085,0.07,0.1,,,,
2026-01-06 04:37:49.956000+00:00,2026-01-06 04:37:50.025029+00:00,469.956,0.91,0.9,0.92,0.09,0.08,0.1,,,,
2026-01-06 04:37:50.951000+00:00,2026-01-06 04:37:51.043570+00:00,470.951,0.905,0.9,0.91,0.095,0.09,0.1,,,,
2026-01-06 04:37:51.972000+00:00,2026-01-06 04:37:52.052747+00:00,471.972,0.905,0.9,0.91,0.095,0.09,0.1,,,,
2026-01-06 04:37:52.973000+00:00,2026-01-06 04:37:53.070347+00:00,472.973,0.905,0.9,0.91,0.095,0.09,0.1,,,,
2026-01-06 04:37:54.830000+00:00,2026-01-06 04:37:55.084327+00:00,474.83,0.91,0.9,0.92,0.09,0.08,0.1,,,,
2026-01-06 04:37:55.945000+00:00,2026-01-06 04:37:56.086252+00:00,475.945,0.91,0.9,0.92,0.095,0.09,0.1,,,,
2026-01-06 04:37:57.897000+00:00,2026-01-06 04:37:58.101832+00:00,477.897,0.91,0.9,0.92,0.09,0.08,0.1,,,,
2026-01-06 04:37:59.937000+00:00,2026-01-06 04:38:00.117501+00:00,479.937,0.91,0.9,0.92,0.09,0.08,0.1,,,,
2026-01-06 04:38:01.003000+00:00,2026-01-06 04:38:01.134122+00:00,481.003,0.915,0.91,0.92,0.0849999999999999,0.08,0.09,,,,
2026-01-06 04:38:02.025000+00:00,2026-01-06 04:38:02.133984+00:00,482.025,0.905,0.9,0.91,0.095,0.09,0.1,,,,
2026-01-06 04:38:03.072000+00:00,2026-01-06 04:38:03.132768+00:00,483.072,0.9,0.89,0.91,0.1,0.09,0.11,,,,
2026-01-06 04:38:04.008000+00:00,2026-01-06 04:38:04.137873+00:00,484.008,0.9,0.89,0.91,0.08,0.07,0.09,,,,
2026-01-06 04:38:05.075000+00:00,2026-01-06 04:38:05.132928+00:00,485.075,0.925,0.92,0.93,0.075,0.07,0.08,,,,
2026-01-06 04:38:06.076000+00:00,2026-01-06 04:38:06.152489+00:00,486.076,0.92,0.91,0.93,0.08,0.07,0.09,,,,
2026-01-06 04:38:07.096000+00:00,2026-01-06 04:38:07.150414+00:00,487.096,0.92,0.91,0.93,0.08,0.07,0.09,,,,
2026-01-06 04:38:08.002000+00:00,2026-01-06 04:38:08.152048+00:00,488.002,0.92,0.91,0.93,0.08,0.07,0.09,,,,
2026-01-06 04:38:09.072000+00:00,2026-01-06 04:38:09.159739+00:00,489.072,0.91,0.9,0.92,0.09,0.08,0.1,,,,
2026-01-06 04:38:10.111000+00:00,2026-01-06 04:38:10.173343+00:00,490.111,0.91,0.9,0.92,0.095,0.09,0.1,,,,
2026-01-06 04:38:11.004000+00:00,2026-01-06 04:38:11.185778+00:00,491.004,0.905,0.9,0.91,0.095,0.09,0.1,,,,
2026-01-06 04:38:12.132000+00:00,2026-01-06 04:38:12.191723+00:00,492.132,0.91,0.9,0.92,0.09,0.08,0.1,,,,
2026-01-06 04:38:13.105000+00:00,2026-01-06 04:38:13.201106+00:00,493.105,0.91,0.9,0.92,0.09,0.08,0.1,,,,
2026-01-06 04:38:14.161000+00:00,2026-01-06 04:38:14.211964+00:00,494.161,0.905,0.9,0.91,0.095,0.09,0.1,,,,
2026-01-06 04:38:15.113000+00:00,2026-01-06 04:38:15.218052+00:00,495.113,0.905,0.9,0.91,0.095,0.09,0.1,,,,
2026-01-06 04:38:16.122000+00:00,2026-01-06 04:38:16.218863+00:00,496.122,0.895,0.89,0.9,0.105,0.1,0.11,,,,
2026-01-06 04:38:17.172000+00:00,2026-01-06 04:38:17.220968+00:00,497.172,0.9,0.89,0.91,0.1,0.09,0.11,,,,
2026-01-06 04:38:18.014000+00:00,2026-01-06 04:38:18.224714+00:00,498.014,0.9,0.89,0.91,0.1,0.09,0.11,,,,
2026-01-06 04:38:19.002000+00:00,2026-01-06 04:38:19.224157+00:00,499.002,0.9,0.89,0.91,0.1,0.09,0.11,,,,
2026-01-06 04:38:20.027000+00:00,2026-01-06 04:38:20.216027+00:00,500.027,0.9,0.89,0.91,0.1,0.09,0.11,,,,
2026-01-06 04:38:21.182000+00:00,2026-01-06 04:38:21.235245+00:00,501.182,0.885,0.88,0.89,0.1149999999999999,0.11,0.12,,,,
2026-01-06 04:38:22.178000+00:00,2026-01-06 04:38:22.251043+00:00,502.178,0.89,0.88,0.9,0.11,0.1,0.12,,,,
2026-01-06 04:38:23.185000+00:00,2026-01-06 04:38:23.267522+00:00,503.185,0.89,0.88,0.9,0.11,0.1,0.12,,,,
2026-01-06 04:38:24.175000+00:00,2026-01-06 04:38:24.267796+00:00,504.175,0.92,0.91,0.93,0.08,0.07,0.09,,,,
2026-01-06 04:38:25.232000+00:00,2026-01-06 04:38:25.283414+00:00,505.232,0.925,0.92,0.93,0.075,0.07,0.08,,,,
2026-01-06 04:38:26.237000+00:00,2026-01-06 04:38:26.299431+00:00,506.237,0.92,0.91,0.93,0.08,0.07,0.09,,,,
2026-01-06 04:38:27.228000+00:00,2026-01-06 04:38:27.298208+00:00,507.228,0.92,0.91,0.93,0.08,0.07,0.09,,,,
2026-01-06 04:38:28.241000+00:00,2026-01-06 04:38:28.308192+00:00,508.241,0.925,0.92,0.93,0.075,0.07,0.08,,,,
2026-01-06 04:38:29.192000+00:00,2026-01-06 04:38:29.317831+00:00,509.192,0.91,0.9,0.92,0.0849999999999999,0.08,0.09,,,,
2026-01-06 04:38:30.002000+00:00,2026-01-06 04:38:30.332978+00:00,510.002,0.915,0.91,0.92,0.0849999999999999,0.08,0.09,,,,
2026-01-06 04:38:31.249000+00:00,2026-01-06 04:38:31.348712+00:00,511.249,0.905,0.9,0.91,0.095,0.09,0.1,,,,
2026-01-06 04:38:32.212000+00:00,2026-01-06 04:38:32.365434+00:00,512.212,0.91,0.9,0.92,0.095,0.09,0.1,,,,
2026-01-06 04:38:33.249000+00:00,2026-01-06 04:38:33.365510+00:00,513.249,0.91,0.9,0.92,0.09,0.08,0.1,,,,
2026-01-06 04:38:34.247000+00:00,2026-01-06 04:38:34.380647+00:00,514.247,0.91,0.9,0.92,0.09,0.08,0.1,,,,
2026-01-06 04:38:35.094000+00:00,2026-01-06 04:38:35.383195+00:00,515.094,0.91,0.9,0.92,0.09,0.08,0.1,,,,
2026-01-06 04:38:36.330000+00:00,2026-01-06 04:38:36.399319+00:00,516.33,0.92,0.91,0.93,0.075,0.07,0.08,,,,
2026-01-06 04:38:37.363000+00:00,2026-01-06 04:38:37.401766+00:00,517.363,0.925,0.92,0.93,0.075,0.07,0.08,,,,
2026-01-06 04:38:38.182000+00:00,2026-01-06 04:38:38.411339+00:00,518.182,0.925,0.92,0.93,0.075,0.07,0.08,,,,
2026-01-06 04:38:39.332000+00:00,2026-01-06 04:38:39.408807+00:00,519.332,0.925,0.92,0.93,0.075,0.07,0.08,,,,
2026-01-06 04:38:40.316000+00:00,2026-01-06 04:38:40.408309+00:00,520.316,0.925,0.92,0.93,0.075,0.07,0.08,,,,
2026-01-06 04:38:41.290000+00:00,2026-01-06 04:38:41.418655+00:00,521.29,0.925,0.92,0.93,0.075,0.07,0.08,,,,
2026-01-06 04:38:42.877000+00:00,2026-01-06 04:38:43.449940+00:00,522.877,0.925,0.92,0.93,0.075,0.07,0.08,,,,
2026-01-06 04:38:44.331000+00:00,2026-01-06 04:38:44.451227+00:00,524.331,0.925,0.92,0.93,0.075,0.07,0.08,,,,
2026-01-06 04:38:45.363000+00:00,2026-01-06 04:38:45.467820+00:00,525.363,0.925,0.92,0.93,0.075,0.07,0.08,,,,
2026-01-06 04:38:46.341000+00:00,2026-01-06 04:38:46.467217+00:00,526.341,0.925,0.92,0.93,0.075,0.07,0.08,,,,
2026-01-06 04:38:47.382000+00:00,2026-01-06 04:38:47.475756+00:00,527.382,0.925,0.92,0.93,0.075,0.07,0.08,,,,
2026-01-06 04:38:48.298000+00:00,2026-01-06 04:38:48.492700+00:00,528.298,0.925,0.92,0.93,0.075,0.07,0.08,,,,
2026-01-06 04:38:49.001000+00:00,2026-01-06 04:38:49.499386+00:00,529.001,0.925,0.92,0.93,0.075,0.07,0.08,,,,
2026-01-06 04:38:50.178000+00:00,2026-01-06 04:38:50.499356+00:00,530.178,0.925,0.92,0.93,0.075,0.07,0.08,,,,
2026-01-06 04:38:51.454000+00:00,2026-01-06 04:38:51.516259+00:00,531.454,0.925,0.92,0.93,0.075,0.07,0.08,,,,
2026-01-06 04:38:52.331000+00:00,2026-01-06 04:38:52.517089+00:00,532.331,0.925,0.92,0.93,0.075,0.07,0.08,,,,
2026-01-06 04:38:53.461000+00:00,2026-01-06 04:38:53.532812+00:00,533.461,0.93,0.92,0.94,0.105,0.09,0.12,,,,
2026-01-06 04:38:54.481000+00:00,2026-01-06 04:38:54.535719+00:00,534.481,0.895,0.89,0.9,0.11,0.1,0.12,,,,
2026-01-06 04:38:55.461000+00:00,2026-01-06 04:38:55.548327+00:00,535.461,0.875,0.87,0.88,0.125,0.12,0.13,,,,
2026-01-06 04:38:56.497000+00:00,2026-01-06 04:38:56.555899+00:00,536.497,0.875,0.87,0.88,0.125,0.12,0.13,,,,
2026-01-06 04:38:57.420000+00:00,2026-01-06 04:38:57.556192+00:00,537.42,0.88,0.87,0.89,0.12,0.11,0.13,,,,
2026-01-06 04:38:58.504000+00:00,2026-01-06 04:38:58.565657+00:00,538.504,0.885,0.88,0.89,0.12,0.11,0.13,,,,
2026-01-06 04:38:59.448000+00:00,2026-01-06 04:38:59.564518+00:00,539.448,0.88,0.87,0.89,0.12,0.11,0.13,,,,
2026-01-06 04:39:00.497000+00:00,2026-01-06 04:39:00.560661+00:00,540.497,0.875,0.87,0.88,0.125,0.12,0.13,,,,
2026-01-06 04:39:01.517000+00:00,2026-01-06 04:39:01.584012+00:00,541.517,0.895,0.89,0.9,0.105,0.1,0.11,,,,
2026-01-06 04:39:02.382000+00:00,2026-01-06 04:39:02.591290+00:00,542.382,0.895,0.89,0.9,0.105,0.1,0.11,,,,
2026-01-06 04:39:03.539000+00:00,2026-01-06 04:39:03.599650+00:00,543.539,0.88,0.87,0.89,0.12,0.11,0.13,,,,
2026-01-06 04:39:04.460000+00:00,2026-01-06 04:39:04.600413+00:00,544.46,0.88,0.87,0.89,0.12,0.11,0.13,,,,
2026-01-06 04:39:05.562000+00:00,2026-01-06 04:39:05.616926+00:00,545.562,0.79,0.78,0.8,0.215,0.21,0.22,,,,
2026-01-06 04:39:06.566000+00:00,2026-01-06 04:39:06.633660+00:00,546.566,0.795,0.79,0.8,0.205,0.2,0.21,,,,
2026-01-06 04:39:07.531000+00:00,2026-01-06 04:39:07.648468+00:00,547.531,0.795,0.79,0.8,0.205,0.2,0.21,,,,
2026-01-06 04:39:08.591000+00:00,2026-01-06 04:39:08.650526+00:00,548.591,0.805,0.8,0.81,0.195,0.19,0.2,,,,
2026-01-06 04:39:09.664000+00:00,2026-01-06 04:39:09.666177+00:00,549.664,0.805,0.8,0.81,0.195,0.19,0.2,,,,
2026-01-06 04:39:10.608000+00:00,2026-01-06 04:39:10.665104+00:00,550.608,0.805,0.8,0.81,0.195,0.19,0.2,,,,
2026-01-06 04:39:11.485000+00:00,2026-01-06 04:39:11.681355+00:00,551.485,0.8,0.79,0.81,0.2,0.19,0.21,,,,
2026-01-06 04:39:12.425000+00:00,2026-01-06 04:39:12.681265+00:00,552.425,0.795,0.79,0.8,0.205,0.2,0.21,,,,
2026-01-06 04:39:13.534000+00:00,2026-01-06 04:39:13.698148+00:00,553.534,0.795,0.79,0.8,0.205,0.2,0.21,,,,
2026-01-06 04:39:14.493000+00:00,2026-01-06 04:39:14.698686+00:00,554.493,0.8,0.79,0.81,0.2,0.19,0.21,,,,
2026-01-06 04:39:15.608000+00:00,2026-01-06 04:39:15.714306+00:00,555.608,0.805,0.8,0.81,0.185,0.18,0.19,,,,
2026-01-06 04:39:16.624000+00:00,2026-01-06 04:39:16.729006+00:00,556.624,0.815,0.81,0.82,0.185,0.18,0.19,,,,
2026-01-06 04:39:17.646000+00:00,2026-01-06 04:39:17.729170+00:00,557.646,0.815,0.81,0.82,0.185,0.18,0.19,,,,
2026-01-06 04:39:18.636000+00:00,2026-01-06 04:39:18.740586+00:00,558.636,0.815,0.81,0.82,0.185,0.18,0.19,,,,
2026-01-06 04:39:19.668000+00:00,2026-01-06 04:39:19.739409+00:00,559.668,0.83,0.82,0.84,0.1699999999999999,0.16,0.18,,,,
2026-01-06 04:39:20.687000+00:00,2026-01-06 04:39:20.748945+00:00,560.687,0.825,0.82,0.83,0.185,0.18,0.19,,,,
2026-01-06 04:39:21.680000+00:00,2026-01-06 04:39:21.749290+00:00,561.68,0.635,0.63,0.64,0.365,0.36,0.37,,,,
2026-01-06 04:39:22.660000+00:00,2026-01-06 04:39:22.765356+00:00,562.66,0.645,0.64,0.65,0.355,0.35,0.36,,,,
2026-01-06 04:39:23.654000+00:00,2026-01-06 04:39:23.782339+00:00,563.654,0.645,0.64,0.65,0.36,0.35,0.37,,,,
2026-01-06 04:39:24.722000+00:00,2026-01-06 04:39:24.784604+00:00,564.722,0.615,0.61,0.62,0.405,0.4,0.41,,,,
2026-01-06 04:39:25.734000+00:00,2026-01-06 04:39:25.800068+00:00,565.734,0.615,0.6,0.63,0.38,0.36,0.4,,,,
2026-01-06 04:39:26.429000+00:00,2026-01-06 04:39:26.815428+00:00,566.429,0.62,0.61,0.63,0.38,0.37,0.39,,,,
2026-01-06 04:39:27.711000+00:00,2026-01-06 04:39:27.821748+00:00,567.711,0.595,0.58,0.61,0.41,0.39,0.43,,,,
2026-01-06 04:39:28.782000+00:00,2026-01-06 04:39:28.846405+00:00,568.782,0.6,0.58,0.62,0.4,0.39,0.41,,,,
2026-01-06 04:39:29.747000+00:00,2026-01-06 04:39:29.847743+00:00,569.747,0.6,0.58,0.62,0.4,0.38,0.42,,,,
2026-01-06 04:39:30.789000+00:00,2026-01-06 04:39:30.848396+00:00,570.789,0.615,0.61,0.62,0.385,0.38,0.39,,,,
2026-01-06 04:39:31.797000+00:00,2026-01-06 04:39:31.853087+00:00,571.797,0.455,0.45,0.46,0.555,0.55,0.56,,,,
2026-01-06 04:39:32.811000+00:00,2026-01-06 04:39:32.866078+00:00,572.811,0.4599999999999999,0.45,0.47,0.535,0.53,0.54,,,,
2026-01-06 04:39:33.805000+00:00,2026-01-06 04:39:33.866258+00:00,573.805,0.48,0.47,0.49,0.515,0.51,0.52,,,,
2026-01-06 04:39:34.794000+00:00,2026-01-06 04:39:34.867939+00:00,574.794,0.515,0.51,0.52,0.485,0.48,0.49,,,,
2026-01-06 04:39:35.824000+00:00,2026-01-06 04:39:35.880896+00:00,575.824,0.505,0.5,0.51,0.495,0.49,0.5,,,,
2026-01-06 04:39:36.821000+00:00,2026-01-06 04:39:36.881337+00:00,576.821,0.505,0.5,0.51,0.495,0.49,0.5,,,,
2026-01-06 04:39:37.771000+00:00,2026-01-06 04:39:37.897315+00:00,577.771,0.51,0.5,0.52,0.49,0.48,0.5,,,,
2026-01-06 04:39:38.795000+00:00,2026-01-06 04:39:38.904407+00:00,578.795,0.505,0.5,0.51,0.495,0.49,0.5,,,,
2026-01-06 04:39:39.782000+00:00,2026-01-06 04:39:39.914898+00:00,579.782,0.505,0.5,0.51,0.495,0.49,0.5,,,,
2026-01-06 04:39:40.731000+00:00,2026-01-06 04:39:40.925024+00:00,580.731,0.495,0.49,0.5,0.505,0.5,0.51,,,,
2026-01-06 04:39:41.790000+00:00,2026-01-06 04:39:41.914106+00:00,581.79,0.5,0.49,0.51,0.5,0.49,0.51,,,,
2026-01-06 04:39:42.660000+00:00,2026-01-06 04:39:42.914164+00:00,582.66,0.5,0.49,0.51,0.5,0.49,0.51,,,,
2026-01-06 04:39:43.663000+00:00,2026-01-06 04:39:43.913932+00:00,583.663,0.5,0.49,0.51,0.5,0.49,0.51,,,,
2026-01-06 04:39:44.861000+00:00,2026-01-06 04:39:44.923894+00:00,584.861,0.5,0.49,0.51,0.5,0.49,0.51,,,,
2026-01-06 04:39:45.854000+00:00,2026-01-06 04:39:45.926681+00:00,585.854,0.495,0.49,0.5,0.505,0.5,0.51,,,,
2026-01-06 04:39:46.873000+00:00,2026-01-06 04:39:46.938119+00:00,586.873,0.485,0.48,0.49,0.515,0.51,0.52,,,,
2026-01-06 04:39:47.718000+00:00,2026-01-06 04:39:47.954116+00:00,587.718,0.485,0.48,0.49,0.515,0.51,0.52,,,,
2026-01-06 04:39:48.732000+00:00,2026-01-06 04:39:48.947086+00:00,588.732,0.48,0.47,0.49,0.52,0.51,0.53,,,,
2026-01-06 04:39:49.809000+00:00,2026-01-06 04:39:49.956802+00:00,589.809,0.48,0.47,0.49,0.52,0.51,0.53,,,,
2026-01-06 04:39:50.822000+00:00,2026-01-06 04:39:50.968480+00:00,590.822,0.485,0.48,0.49,0.515,0.51,0.52,,,,
2026-01-06 04:39:51.924000+00:00,2026-01-06 04:39:51.987809+00:00,591.924,0.495,0.49,0.5,0.505,0.5,0.51,,,,
2026-01-06 04:39:52.759000+00:00,2026-01-06 04:39:52.984912+00:00,592.759,0.495,0.49,0.5,0.505,0.5,0.51,,,,
2026-01-06 04:39:53.929000+00:00,2026-01-06 04:39:53.989011+00:00,593.929,0.495,0.49,0.5,0.505,0.5,0.51,,,,
2026-01-06 04:39:54.929000+00:00,2026-01-06 04:39:54.988596+00:00,594.929,0.5,0.49,0.51,0.495,0.49,0.5,,,,
2026-01-06 04:39:55.935000+00:00,2026-01-06 04:39:55.987545+00:00,595.935,0.615,0.61,0.62,0.385,0.38,0.39,,,,
2026-01-06 04:39:56.892000+00:00,2026-01-06 04:39:56.984997+00:00,596.892,0.605,0.6,0.61,0.395,0.39,0.4,,,,
2026-01-06 04:39:57.955000+00:00,2026-01-06 04:39:58.003696+00:00,597.955,0.61,0.6,0.62,0.39,0.38,0.4,,,,
2026-01-06 04:39:58.914000+00:00,2026-01-06 04:39:59.000557+00:00,598.914,0.615,0.61,0.62,0.385,0.38,0.39,,,,
2026-01-06 04:39:59.931000+00:00,2026-01-06 04:39:59.999802+00:00,599.931,0.615,0.61,0.62,0.385,0.38,0.39,,,,
2026-01-06 04:40:00.949000+00:00,2026-01-06 04:40:01.021000+00:00,600.949,0.625,0.62,0.63,0.355,0.35,0.36,,,,
2026-01-06 04:40:01.964000+00:00,2026-01-06 04:40:02.021342+00:00,601.964,0.655,0.65,0.66,0.36,0.35,0.37,,,,
2026-01-06 04:40:02.959000+00:00,2026-01-06 04:40:03.034824+00:00,602.959,0.52,0.51,0.53,0.505,0.5,0.51,,,,
2026-01-06 04:40:03.983000+00:00,2026-01-06 04:40:04.045159+00:00,603.983,0.505,0.5,0.51,0.495,0.49,0.5,,,,
2026-01-06 04:40:05.993000+00:00,2026-01-06 04:40:06.065130+00:00,605.993,0.515,0.51,0.52,0.485,0.48,0.49,,,,
2026-01-06 04:40:07.004000+00:00,2026-01-06 04:40:07.060509+00:00,607.004,0.525,0.52,0.53,0.475,0.47,0.48,,,,
2026-01-06 04:40:08.933000+00:00,2026-01-06 04:40:09.067017+00:00,608.933,0.52,0.51,0.53,0.48,0.47,0.49,,,,
2026-01-06 04:40:09.999000+00:00,2026-01-06 04:40:10.089571+00:00,609.999,0.515,0.51,0.52,0.485,0.48,0.49,,,,
2026-01-06 04:40:11.002000+00:00,2026-01-06 04:40:11.103561+00:00,611.002,0.505,0.5,0.51,0.495,0.49,0.5,,,,
2026-01-06 04:40:12.043000+00:00,2026-01-06 04:40:12.101166+00:00,612.043,0.505,0.5,0.51,0.505,0.5,0.51,,,,
2026-01-06 04:40:13.053000+00:00,2026-01-06 04:40:13.117084+00:00,613.053,0.485,0.48,0.49,0.515,0.51,0.52,,,,
2026-01-06 04:40:14.052000+00:00,2026-01-06 04:40:14.114957+00:00,614.052,0.475,0.47,0.48,0.525,0.52,0.53,,,,
2026-01-06 04:40:15.050000+00:00,2026-01-06 04:40:15.112300+00:00,615.05,0.4649999999999999,0.46,0.47,0.535,0.53,0.54,,,,
2026-01-06 04:40:16.065000+00:00,2026-01-06 04:40:16.128679+00:00,616.065,0.475,0.47,0.48,0.525,0.52,0.53,,,,
2026-01-06 04:40:17.017000+00:00,2026-01-06 04:40:17.130223+00:00,617.017,0.485,0.48,0.49,0.515,0.51,0.52,,,,
2026-01-06 04:40:18.039000+00:00,2026-01-06 04:40:18.128742+00:00,618.039,0.485,0.48,0.49,0.515,0.51,0.52,,,,
2026-01-06 04:40:19.933000+00:00,2026-01-06 04:40:20.143653+00:00,619.933,0.485,0.48,0.49,0.515,0.51,0.52,,,,
2026-01-06 04:40:21.003000+00:00,2026-01-06 04:40:21.144082+00:00,621.003,0.485,0.48,0.49,0.515,0.51,0.52,,,,
2026-01-06 04:40:22.182000+00:00,2026-01-06 04:40:22.146997+00:00,622.182,0.485,0.48,0.49,0.515,0.51,0.52,,,,
2026-01-06 04:40:23.016000+00:00,2026-01-06 04:40:23.169718+00:00,623.016,0.485,0.48,0.49,0.515,0.51,0.52,,,,
2026-01-06 04:40:24.001000+00:00,2026-01-06 04:40:24.178987+00:00,624.001,0.485,0.48,0.49,0.515,0.51,0.52,,,,
2026-01-06 04:40:25.129000+00:00,2026-01-06 04:40:25.194176+00:00,625.129,0.485,0.48,0.49,0.515,0.51,0.52,,,,
2026-01-06 04:40:26.128000+00:00,2026-01-06 04:40:26.212579+00:00,626.128,0.485,0.48,0.49,0.515,0.51,0.52,,,,
2026-01-06 04:40:27.161000+00:00,2026-01-06 04:40:27.228333+00:00,627.161,0.48,0.47,0.49,0.52,0.51,0.53,,,,
2026-01-06 04:40:28.172000+00:00,2026-01-06 04:40:28.229714+00:00,628.172,0.475,0.47,0.48,0.53,0.52,0.54,,,,
2026-01-06 04:40:29.179000+00:00,2026-01-06 04:40:29.245953+00:00,629.179,0.4649999999999999,0.46,0.47,0.535,0.53,0.54,,,,
2026-01-06 04:40:30.221000+00:00,2026-01-06 04:40:30.267715+00:00,630.221,0.44,0.43,0.45,0.575,0.57,0.58,,,,
2026-01-06 04:40:31.168000+00:00,2026-01-06 04:40:31.272426+00:00,631.168,0.43,0.42,0.44,0.5700000000000001,0.56,0.58,,,,
2026-01-06 04:40:32.210000+00:00,2026-01-06 04:40:32.275720+00:00,632.21,0.435,0.43,0.44,0.565,0.56,0.57,,,,
2026-01-06 04:40:33.090000+00:00,2026-01-06 04:40:33.290538+00:00,633.09,0.43,0.42,0.44,0.565,0.56,0.57,,,,
2026-01-06 04:40:34.221000+00:00,2026-01-06 04:40:34.293551+00:00,634.221,0.43,0.42,0.44,0.5700000000000001,0.56,0.58,,,,
2026-01-06 04:40:35.212000+00:00,2026-01-06 04:40:35.303868+00:00,635.212,0.435,0.43,0.44,0.565,0.56,0.57,,,,
2026-01-06 04:40:36.268000+00:00,2026-01-06 04:40:36.325584+00:00,636.268,0.5,0.49,0.51,0.505,0.5,0.51,,,,
2026-01-06 04:40:37.283000+00:00,2026-01-06 04:40:37.336084+00:00,637.283,0.505,0.5,0.51,0.485,0.48,0.49,,,,
2026-01-06 04:40:38.277000+00:00,2026-01-06 04:40:38.351156+00:00,638.277,0.535,0.53,0.54,0.4649999999999999,0.46,0.47,,,,
2026-01-06 04:40:39.209000+00:00,2026-01-06 04:40:39.341484+00:00,639.209,0.535,0.53,0.54,0.4649999999999999,0.46,0.47,,,,
2026-01-06 04:40:40.278000+00:00,2026-01-06 04:40:40.346038+00:00,640.278,0.535,0.53,0.54,0.4649999999999999,0.46,0.47,,,,
2026-01-06 04:40:41.267000+00:00,2026-01-06 04:40:41.346765+00:00,641.267,0.505,0.5,0.51,0.495,0.49,0.5,,,,
2026-01-06 04:40:42.281000+00:00,2026-01-06 04:40:42.348316+00:00,642.281,0.505,0.5,0.51,0.495,0.49,0.5,,,,
2026-01-06 04:40:43.229000+00:00,2026-01-06 04:40:43.362594+00:00,643.229,0.505,0.5,0.51,0.495,0.49,0.5,,,,
2026-01-06 04:40:44.221000+00:00,2026-01-06 04:40:44.364549+00:00,644.221,0.505,0.5,0.51,0.495,0.49,0.5,,,,
2026-01-06 04:40:45.269000+00:00,2026-01-06 04:40:45.378682+00:00,645.269,0.505,0.5,0.51,0.495,0.49,0.5,,,,
2026-01-06 04:40:46.304000+00:00,2026-01-06 04:40:46.396084+00:00,646.304,0.505,0.5,0.51,0.495,0.49,0.5,,,,
2026-01-06 04:40:47.354000+00:00,2026-01-06 04:40:47.413010+00:00,647.354,0.505,0.5,0.51,0.495,0.49,0.5,,,,
2026-01-06 04:40:48.327000+00:00,2026-01-06 04:40:48.411287+00:00,648.327,0.505,0.5,0.51,0.495,0.49,0.5,,,,
2026-01-06 04:40:49.338000+00:00,2026-01-06 04:40:49.429729+00:00,649.338,0.495,0.49,0.5,0.5,0.49,0.51,,,,
2026-01-06 04:40:50.349000+00:00,2026-01-06 04:40:50.437859+00:00,650.349,0.5,0.49,0.51,0.5,0.49,0.51,,,,
2026-01-06 04:40:51.380000+00:00,2026-01-06 04:40:51.445214+00:00,651.38,0.495,0.49,0.5,0.525,0.52,0.53,,,,
2026-01-06 04:40:52.368000+00:00,2026-01-06 04:40:52.443876+00:00,652.368,0.415,0.41,0.42,0.575,0.57,0.58,,,,
2026-01-06 04:40:53.336000+00:00,2026-01-06 04:40:53.444826+00:00,653.336,0.425,0.42,0.43,0.575,0.57,0.58,,,,
2026-01-06 04:40:54.375000+00:00,2026-01-06 04:40:54.447151+00:00,654.375,0.435,0.43,0.44,0.565,0.56,0.57,,,,
2026-01-06 04:40:55.242000+00:00,2026-01-06 04:40:55.445748+00:00,655.242,0.435,0.43,0.44,0.565,0.56,0.57,,,,
2026-01-06 04:40:56.259000+00:00,2026-01-06 04:40:56.449110+00:00,656.259,0.435,0.43,0.44,0.565,0.56,0.57,,,,
2026-01-06 04:40:57.179000+00:00,2026-01-06 04:40:57.461525+00:00,657.179,0.435,0.43,0.44,0.565,0.56,0.57,,,,
2026-01-06 04:40:58.404000+00:00,2026-01-06 04:40:58.472480+00:00,658.404,0.415,0.41,0.42,0.585,0.58,0.59,,,,
2026-01-06 04:40:59.425000+00:00,2026-01-06 04:40:59.478609+00:00,659.425,0.41,0.4,0.42,0.585,0.58,0.59,,,,
2026-01-06 04:41:00.431000+00:00,2026-01-06 04:41:00.480534+00:00,660.431,0.44,0.43,0.45,0.555,0.55,0.56,,,,
2026-01-06 04:41:01.399000+00:00,2026-01-06 04:41:01.477811+00:00,661.399,0.5,0.49,0.51,0.505,0.5,0.51,,,,
2026-01-06 04:41:02.293000+00:00,2026-01-06 04:41:02.478987+00:00,662.293,0.495,0.49,0.5,0.505,0.5,0.51,,,,
2026-01-06 04:41:03.397000+00:00,2026-01-06 04:41:03.484673+00:00,663.397,0.495,0.49,0.5,0.505,0.5,0.51,,,,
2026-01-06 04:41:04.393000+00:00,2026-01-06 04:41:04.493397+00:00,664.393,0.495,0.49,0.5,0.505,0.5,0.51,,,,
2026-01-06 04:41:05.227000+00:00,2026-01-06 04:41:05.511576+00:00,665.227,0.495,0.49,0.5,0.505,0.5,0.51,,,,
2026-01-06 04:41:06.018000+00:00,2026-01-06 04:41:06.516833+00:00,666.018,0.495,0.49,0.5,0.505,0.5,0.51,,,,
2026-01-06 04:41:07.458000+00:00,2026-01-06 04:41:07.527725+00:00,667.458,0.495,0.49,0.5,0.505,0.5,0.51,,,,
2026-01-06 04:41:08.479000+00:00,2026-01-06 04:41:08.543309+00:00,668.479,0.475,0.47,0.48,0.535,0.53,0.54,,,,
2026-01-06 04:41:09.482000+00:00,2026-01-06 04:41:09.545279+00:00,669.482,0.445,0.44,0.45,0.575,0.57,0.58,,,,
2026-01-06 04:41:10.497000+00:00,2026-01-06 04:41:10.563089+00:00,670.497,0.435,0.43,0.44,0.565,0.56,0.57,,,,
2026-01-06 04:41:11.518000+00:00,2026-01-06 04:41:11.578145+00:00,671.518,0.435,0.43,0.44,0.565,0.56,0.57,,,,
2026-01-06 04:41:12.509000+00:00,2026-01-06 04:41:12.578742+00:00,672.509,0.45,0.44,0.46,0.555,0.55,0.56,,,,
2026-01-06 04:41:13.502000+00:00,2026-01-06 04:41:13.594737+00:00,673.502,0.4649999999999999,0.46,0.47,0.535,0.53,0.54,,,,
2026-01-06 04:41:14.481000+00:00,2026-01-06 04:41:14.596931+00:00,674.481,0.475,0.47,0.48,0.525,0.52,0.53,,,,
2026-01-06 04:41:15.534000+00:00,2026-01-06 04:41:15.609477+00:00,675.534,0.475,0.47,0.48,0.525,0.52,0.53,,,,
2026-01-06 04:41:16.509000+00:00,2026-01-06 04:41:16.610587+00:00,676.509,0.4649999999999999,0.46,0.47,0.535,0.53,0.54,,,,
2026-01-06 04:41:17.547000+00:00,2026-01-06 04:41:17.611123+00:00,677.547,0.4649999999999999,0.46,0.47,0.535,0.53,0.54,,,,
2026-01-06 04:41:18.349000+00:00,2026-01-06 04:41:18.621622+00:00,678.349,0.485,0.48,0.49,0.515,0.51,0.52,,,,
2026-01-06 04:41:19.575000+00:00,2026-01-06 04:41:19.627757+00:00,679.575,0.475,0.47,0.48,0.525,0.52,0.53,,,,
2026-01-06 04:41:20.578000+00:00,2026-01-06 04:41:20.638891+00:00,680.578,0.41,0.4,0.42,0.585,0.58,0.59,,,,
2026-01-06 04:41:21.574000+00:00,2026-01-06 04:41:21.643218+00:00,681.574,0.415,0.41,0.42,0.585,0.58,0.59,,,,
2026-01-06 04:41:22.601000+00:00,2026-01-06 04:41:22.659662+00:00,682.601,0.425,0.42,0.43,0.575,0.57,0.58,,,,
2026-01-06 04:41:23.619000+00:00,2026-01-06 04:41:23.675693+00:00,683.619,0.43,0.41,0.45,0.56,0.55,0.57,,,,
2026-01-06 04:41:24.618000+00:00,2026-01-06 04:41:24.678770+00:00,684.618,0.44,0.43,0.45,0.56,0.55,0.57,,,,
2026-01-06 04:41:25.632000+00:00,2026-01-06 04:41:25.681393+00:00,685.632,0.44,0.43,0.45,0.565,0.56,0.57,,,,
2026-01-06 04:41:26.577000+00:00,2026-01-06 04:41:26.692890+00:00,686.577,0.425,0.42,0.43,0.575,0.57,0.58,,,,
2026-01-06 04:41:27.631000+00:00,2026-01-06 04:41:27.704847+00:00,687.631,0.425,0.42,0.43,0.575,0.57,0.58,,,,
2026-01-06 04:41:28.739000+00:00,2026-01-06 04:41:28.708852+00:00,688.739,0.43,0.42,0.44,0.565,0.56,0.57,,,,
2026-01-06 04:41:29.655000+00:00,2026-01-06 04:41:29.727573+00:00,689.655,0.435,0.43,0.44,0.565,0.56,0.57,,,,
2026-01-06 04:41:30.605000+00:00,2026-01-06 04:41:30.731482+00:00,690.605,0.445,0.44,0.45,0.545,0.54,0.55,,,,
2026-01-06 04:41:31.556000+00:00,2026-01-06 04:41:31.743297+00:00,691.556,0.45,0.44,0.46,0.55,0.54,0.56,,,,
2026-01-06 04:41:32.564000+00:00,2026-01-06 04:41:32.747825+00:00,692.564,0.45,0.44,0.46,0.55,0.54,0.56,,,,
2026-01-06 04:41:33.659000+00:00,2026-01-06 04:41:33.762596+00:00,693.659,0.4649999999999999,0.46,0.47,0.535,0.53,0.54,,,,
2026-01-06 04:41:34.721000+00:00,2026-01-06 04:41:34.777457+00:00,694.721,0.445,0.44,0.45,0.555,0.55,0.56,,,,
2026-01-06 04:41:35.677000+00:00,2026-01-06 04:41:35.795171+00:00,695.677,0.415,0.41,0.42,0.585,0.58,0.59,,,,
2026-01-06 04:41:36.665000+00:00,2026-01-06 04:41:36.809864+00:00,696.665,0.415,0.41,0.42,0.585,0.58,0.59,,,,
2026-01-06 04:41:37.718000+00:00,2026-01-06 04:41:37.810565+00:00,697.718,0.415,0.41,0.42,0.585,0.58,0.59,,,,
2026-01-06 04:41:38.705000+00:00,2026-01-06 04:41:38.810008+00:00,698.705,0.415,0.41,0.42,0.585,0.58,0.59,,,,
2026-01-06 04:41:39.733000+00:00,2026-01-06 04:41:39.804175+00:00,699.733,0.415,0.41,0.42,0.585,0.58,0.59,,,,
2026-01-06 04:41:40.731000+00:00,2026-01-06 04:41:40.810910+00:00,700.731,0.415,0.41,0.42,0.585,0.58,0.59,,,,
2026-01-06 04:41:41.744000+00:00,2026-01-06 04:41:41.822043+00:00,701.744,0.415,0.41,0.42,0.585,0.58,0.59,,,,
2026-01-06 04:41:42.607000+00:00,2026-01-06 04:41:42.823876+00:00,702.607,0.415,0.41,0.42,0.585,0.58,0.59,,,,
2026-01-06 04:41:43.848000+00:00,2026-01-06 04:41:43.841128+00:00,703.848,0.41,0.4,0.42,0.595,0.59,0.6,,,,
2026-01-06 04:41:44.661000+00:00,2026-01-06 04:41:44.840469+00:00,704.661,0.41,0.4,0.42,0.59,0.58,0.6,,,,
2026-01-06 04:41:45.516000+00:00,2026-01-06 04:41:45.851171+00:00,705.516,0.415,0.41,0.42,0.585,0.58,0.59,,,,
2026-01-06 04:41:46.705000+00:00,2026-01-06 04:41:46.860243+00:00,706.705,0.415,0.41,0.42,0.585,0.58,0.59,,,,
2026-01-06 04:41:47.746000+00:00,2026-01-06 04:41:47.874067+00:00,707.746,0.415,0.41,0.42,0.585,0.58,0.59,,,,
2026-01-06 04:41:48.832000+00:00,2026-01-06 04:41:48.892787+00:00,708.832,0.415,0.41,0.42,0.59,0.58,0.6,,,,
2026-01-06 04:41:49.800000+00:00,2026-01-06 04:41:49.897758+00:00,709.8,0.41,0.4,0.42,0.59,0.58,0.6,,,,
2026-01-06 04:41:50.733000+00:00,2026-01-06 04:41:50.910413+00:00,710.733,0.415,0.41,0.42,0.585,0.58,0.59,,,,
2026-01-06 04:41:51.840000+00:00,2026-01-06 04:41:51.926888+00:00,711.84,0.435,0.43,0.44,0.565,0.56,0.57,,,,
2026-01-06 04:41:52.866000+00:00,2026-01-06 04:41:52.928444+00:00,712.866,0.415,0.4,0.43,0.5800000000000001,0.56,0.6,,,,
2026-01-06 04:41:53.828000+00:00,2026-01-06 04:41:53.926420+00:00,713.828,0.41,0.4,0.42,0.59,0.58,0.6,,,,
2026-01-06 04:41:54.854000+00:00,2026-01-06 04:41:54.946074+00:00,714.854,0.415,0.41,0.42,0.585,0.58,0.59,,,,
2026-01-06 04:41:55.806000+00:00,2026-01-06 04:41:55.949401+00:00,715.806,0.415,0.41,0.42,0.585,0.58,0.59,,,,
2026-01-06 04:41:56.705000+00:00,2026-01-06 04:41:56.943325+00:00,716.705,0.415,0.41,0.42,0.585,0.58,0.59,,,,
2026-01-06 04:41:57.870000+00:00,2026-01-06 04:41:57.942453+00:00,717.87,0.415,0.41,0.42,0.585,0.58,0.59,,,,
2026-01-06 04:41:58.858000+00:00,2026-01-06 04:41:58.948063+00:00,718.858,0.415,0.41,0.42,0.585,0.58,0.59,,,,
2026-01-06 04:41:59.910000+00:00,2026-01-06 04:41:59.949938+00:00,719.91,0.385,0.38,0.39,0.615,0.61,0.62,,,,
2026-01-06 04:42:00.908000+00:00,2026-01-06 04:42:00.974713+00:00,720.908,0.285,0.28,0.29,0.71,0.7,0.72,,,,
2026-01-06 04:42:01.908000+00:00,2026-01-06 04:42:01.985215+00:00,721.908,0.32,0.3,0.34,0.685,0.67,0.7,,,,
2026-01-06 04:42:02.935000+00:00,2026-01-06 04:42:02.992418+00:00,722.935,0.345,0.34,0.35,0.635,0.63,0.64,,,,
2026-01-06 04:42:03.928000+00:00,2026-01-06 04:42:03.998315+00:00,723.928,0.445,0.44,0.45,0.56,0.55,0.57,,,,
2026-01-06 04:42:04.927000+00:00,2026-01-06 04:42:04.998449+00:00,724.927,0.415,0.41,0.42,0.585,0.58,0.59,,,,
2026-01-06 04:42:05.934000+00:00,2026-01-06 04:42:05.992722+00:00,725.934,0.425,0.42,0.43,0.575,0.57,0.58,,,,
2026-01-06 04:42:06.929000+00:00,2026-01-06 04:42:06.986833+00:00,726.929,0.425,0.42,0.43,0.575,0.57,0.58,,,,
2026-01-06 04:42:07.850000+00:00,2026-01-06 04:42:07.991683+00:00,727.85,0.415,0.41,0.42,0.585,0.58,0.59,,,,
2026-01-06 04:42:08.932000+00:00,2026-01-06 04:42:08.992611+00:00,728.932,0.42,0.41,0.43,0.58,0.57,0.59,,,,
2026-01-06 04:42:09.936000+00:00,2026-01-06 04:42:10.017591+00:00,729.936,0.425,0.42,0.43,0.575,0.57,0.58,,,,
2026-01-06 04:42:10.972000+00:00,2026-01-06 04:42:11.031930+00:00,730.972,0.43,0.42,0.44,0.575,0.57,0.58,,,,
2026-01-06 04:42:11.981000+00:00,2026-01-06 04:42:12.041999+00:00,731.981,0.415,0.41,0.42,0.585,0.58,0.59,,,,
2026-01-06 04:42:12.976000+00:00,2026-01-06 04:42:13.038107+00:00,732.976,0.42,0.41,0.43,0.58,0.57,0.59,,,,
2026-01-06 04:42:13.932000+00:00,2026-01-06 04:42:14.041760+00:00,733.932,0.42,0.41,0.43,0.58,0.57,0.59,,,,
2026-01-06 04:42:14.921000+00:00,2026-01-06 04:42:15.044186+00:00,734.921,0.42,0.41,0.43,0.58,0.57,0.59,,,,
2026-01-06 04:42:15.699000+00:00,2026-01-06 04:42:16.047806+00:00,735.699,0.42,0.41,0.43,0.585,0.58,0.59,,,,
2026-01-06 04:42:16.997000+00:00,2026-01-06 04:42:17.059396+00:00,736.997,0.385,0.38,0.39,0.615,0.61,0.62,,,,
2026-01-06 04:42:18.004000+00:00,2026-01-06 04:42:18.071604+00:00,738.004,0.335,0.33,0.34,0.665,0.66,0.67,,,,
2026-01-06 04:42:19.029000+00:00,2026-01-06 04:42:19.089385+00:00,739.029,0.335,0.33,0.34,0.72,0.7,0.74,,,,
2026-01-06 04:42:20.006000+00:00,2026-01-06 04:42:20.091118+00:00,740.006,0.285,0.28,0.29,0.715,0.71,0.72,,,,
2026-01-06 04:42:21.946000+00:00,2026-01-06 04:42:22.109064+00:00,741.946,0.255,0.25,0.26,0.745,0.74,0.75,,,,
2026-01-06 04:42:23.033000+00:00,2026-01-06 04:42:23.123168+00:00,743.033,0.255,0.24,0.27,0.75,0.74,0.76,,,,
2026-01-06 04:42:24.065000+00:00,2026-01-06 04:42:24.140043+00:00,744.065,0.245,0.23,0.26,0.75,0.74,0.76,,,,
2026-01-06 04:42:25.083000+00:00,2026-01-06 04:42:25.141075+00:00,745.083,0.235,0.22,0.25,0.765,0.75,0.78,,,,
2026-01-06 04:42:26.078000+00:00,2026-01-06 04:42:26.140565+00:00,746.078,0.32,0.3,0.34,0.67,0.66,0.68,,,,
2026-01-06 04:42:27.068000+00:00,2026-01-06 04:42:27.139346+00:00,747.068,0.31,0.3,0.32,0.69,0.68,0.7,,,,
2026-01-06 04:42:28.076000+00:00,2026-01-06 04:42:28.143331+00:00,748.076,0.315,0.31,0.32,0.685,0.68,0.69,,,,
2026-01-06 04:42:29.047000+00:00,2026-01-06 04:42:29.147543+00:00,749.047,0.325,0.31,0.34,0.675,0.66,0.69,,,,
2026-01-06 04:42:30.102000+00:00,2026-01-06 04:42:30.156145+00:00,750.102,0.335,0.33,0.34,0.665,0.66,0.67,,,,
2026-01-06 04:42:31.110000+00:00,2026-01-06 04:42:31.173360+00:00,751.11,0.335,0.33,0.34,0.675,0.66,0.69,,,,
2026-01-06 04:42:32.032000+00:00,2026-01-06 04:42:32.176919+00:00,752.032,0.32,0.31,0.33,0.6799999999999999,0.67,0.69,,,,
2026-01-06 04:42:33+00:00,2026-01-06 04:42:33.180438+00:00,753.0,0.32,0.31,0.33,0.6799999999999999,0.67,0.69,,,,
2026-01-06 04:42:34.024000+00:00,2026-01-06 04:42:34.189343+00:00,754.024,0.315,0.31,0.32,0.685,0.68,0.69,,,,
2026-01-06 04:42:35.129000+00:00,2026-01-06 04:42:35.202319+00:00,755.129,0.315,0.31,0.32,0.685,0.68,0.69,,,,
2026-01-06 04:42:36.150000+00:00,2026-01-06 04:42:36.207519+00:00,756.15,0.32,0.31,0.33,0.6799999999999999,0.67,0.69,,,,
2026-01-06 04:42:37.142000+00:00,2026-01-06 04:42:37.206836+00:00,757.142,0.32,0.31,0.33,0.6799999999999999,0.67,0.69,,,,
2026-01-06 04:42:38.042000+00:00,2026-01-06 04:42:38.207715+00:00,758.042,0.335,0.33,0.34,0.665,0.66,0.67,,,,
2026-01-06 04:42:39.023000+00:00,2026-01-06 04:42:39.218646+00:00,759.023,0.335,0.33,0.34,0.665,0.66,0.67,,,,
2026-01-06 04:42:40.155000+00:00,2026-01-06 04:42:40.226671+00:00,760.155,0.335,0.33,0.34,0.665,0.66,0.67,,,,
2026-01-06 04:42:41.180000+00:00,2026-01-06 04:42:41.248287+00:00,761.18,0.335,0.33,0.34,0.665,0.66,0.67,,,,
2026-01-06 04:42:42.171000+00:00,2026-01-06 04:42:42.256797+00:00,762.171,0.325,0.31,0.34,0.6799999999999999,0.67,0.69,,,,
2026-01-06 04:42:43.185000+00:00,2026-01-06 04:42:43.272952+00:00,763.185,0.315,0.31,0.32,0.685,0.68,0.69,,,,
2026-01-06 04:42:44.205000+00:00,2026-01-06 04:42:44.272422+00:00,764.205,0.325,0.32,0.33,0.665,0.66,0.67,,,,
2026-01-06 04:42:45.196000+00:00,2026-01-06 04:42:45.272595+00:00,765.196,0.335,0.33,0.34,0.665,0.66,0.67,,,,
2026-01-06 04:42:46.200000+00:00,2026-01-06 04:42:46.275523+00:00,766.2,0.385,0.38,0.39,0.615,0.61,0.62,,,,
2026-01-06 04:42:47.205000+00:00,2026-01-06 04:42:47.284469+00:00,767.205,0.375,0.37,0.38,0.625,0.62,0.63,,,,
2026-01-06 04:42:48.172000+00:00,2026-01-06 04:42:48.277761+00:00,768.172,0.375,0.37,0.38,0.625,0.62,0.63,,,,
2026-01-06 04:42:49.197000+00:00,2026-01-06 04:42:49.288049+00:00,769.197,0.375,0.37,0.38,0.625,0.62,0.63,,,,
2026-01-06 04:42:50.214000+00:00,2026-01-06 04:42:50.301718+00:00,770.214,0.365,0.36,0.37,0.66,0.65,0.67,,,,
2026-01-06 04:42:51.245000+00:00,2026-01-06 04:42:51.314289+00:00,771.245,0.295,0.29,0.3,0.705,0.7,0.71,,,,
2026-01-06 04:42:52.228000+00:00,2026-01-06 04:42:52.309550+00:00,772.228,0.295,0.29,0.3,0.705,0.7,0.71,,,,
2026-01-06 04:42:53.261000+00:00,2026-01-06 04:42:53.321983+00:00,773.261,0.305,0.3,0.31,0.695,0.69,0.7,,,,
2026-01-06 04:42:54.276000+00:00,2026-01-06 04:42:54.338395+00:00,774.276,0.305,0.3,0.31,0.69,0.68,0.7,,,,
2026-01-06 04:42:55.145000+00:00,2026-01-06 04:42:55.339292+00:00,775.145,0.31,0.3,0.32,0.69,0.68,0.7,,,,
2026-01-06 04:42:56.266000+00:00,2026-01-06 04:42:56.344143+00:00,776.266,0.315,0.31,0.32,0.685,0.68,0.69,,,,
2026-01-06 04:42:57.268000+00:00,2026-01-06 04:42:57.340607+00:00,777.268,0.32,0.31,0.33,0.6799999999999999,0.67,0.69,,,,
2026-01-06 04:42:58.234000+00:00,2026-01-06 04:42:58.362151+00:00,778.234,0.325,0.32,0.33,0.675,0.67,0.68,,,,
2026-01-06 04:42:59.269000+00:00,2026-01-06 04:42:59.382325+00:00,779.269,0.35,0.34,0.36,0.655,0.64,0.67,,,,
2026-01-06 04:43:00.340000+00:00,2026-01-06 04:43:00.397570+00:00,780.34,0.315,0.31,0.32,0.685,0.68,0.69,,,,
2026-01-06 04:43:01.351000+00:00,2026-01-06 04:43:01.406298+00:00,781.351,0.315,0.31,0.32,0.685,0.68,0.69,,,,
2026-01-06 04:43:02.283000+00:00,2026-01-06 04:43:02.406159+00:00,782.283,0.3,0.29,0.31,0.705,0.7,0.71,,,,
2026-01-06 04:43:03.342000+00:00,2026-01-06 04:43:03.414125+00:00,783.342,0.295,0.29,0.3,0.705,0.7,0.71,,,,
2026-01-06 04:43:04.334000+00:00,2026-01-06 04:43:04.412497+00:00,784.334,0.295,0.29,0.3,0.71,0.7,0.72,,,,
2026-01-06 04:43:05.347000+00:00,2026-01-06 04:43:05.424768+00:00,785.347,0.29,0.28,0.3,0.71,0.7,0.72,,,,
2026-01-06 04:43:06.317000+00:00,2026-01-06 04:43:06.438410+00:00,786.317,0.29,0.28,0.3,0.71,0.7,0.72,,,,
2026-01-06 04:43:07.333000+00:00,2026-01-06 04:43:07.429758+00:00,787.333,0.29,0.28,0.3,0.71,0.7,0.72,,,,
2026-01-06 04:43:08.337000+00:00,2026-01-06 04:43:08.422507+00:00,788.337,0.29,0.28,0.3,0.71,0.7,0.72,,,,
2026-01-06 04:43:09.347000+00:00,2026-01-06 04:43:09.411876+00:00,789.347,0.29,0.28,0.3,0.71,0.7,0.72,,,,
2026-01-06 04:43:10.371000+00:00,2026-01-06 04:43:10.415631+00:00,790.371,0.29,0.28,0.3,0.71,0.7,0.72,,,,
2026-01-06 04:43:11.347000+00:00,2026-01-06 04:43:11.427093+00:00,791.347,0.29,0.28,0.3,0.71,0.7,0.72,,,,
2026-01-06 04:43:12.369000+00:00,2026-01-06 04:43:12.430633+00:00,792.369,0.275,0.27,0.28,0.725,0.72,0.73,,,,
2026-01-06 04:43:13.368000+00:00,2026-01-06 04:43:13.439224+00:00,793.368,0.275,0.27,0.28,0.725,0.72,0.73,,,,
2026-01-06 04:43:14.385000+00:00,2026-01-06 04:43:14.447194+00:00,794.385,0.275,0.27,0.28,0.725,0.72,0.73,,,,
2026-01-06 04:43:15.383000+00:00,2026-01-06 04:43:15.455394+00:00,795.383,0.275,0.27,0.28,0.72,0.71,0.73,,,,
2026-01-06 04:43:16.393000+00:00,2026-01-06 04:43:16.455660+00:00,796.393,0.285,0.28,0.29,0.715,0.71,0.72,,,,
2026-01-06 04:43:17.394000+00:00,2026-01-06 04:43:17.455046+00:00,797.394,0.28,0.27,0.29,0.72,0.71,0.73,,,,
2026-01-06 04:43:18.410000+00:00,2026-01-06 04:43:18.459268+00:00,798.41,0.28,0.27,0.29,0.72,0.71,0.73,,,,
2026-01-06 04:43:19.504000+00:00,2026-01-06 04:43:19.475659+00:00,799.504,0.275,0.27,0.28,0.725,0.72,0.73,,,,
2026-01-06 04:43:20.378000+00:00,2026-01-06 04:43:20.494555+00:00,800.378,0.265,0.26,0.27,0.735,0.73,0.74,,,,
2026-01-06 04:43:21.423000+00:00,2026-01-06 04:43:21.500250+00:00,801.423,0.265,0.26,0.27,0.735,0.73,0.74,,,,
2026-01-06 04:43:22.402000+00:00,2026-01-06 04:43:22.496184+00:00,802.402,0.265,0.26,0.27,0.735,0.73,0.74,,,,
2026-01-06 04:43:23.226000+00:00,2026-01-06 04:43:23.512255+00:00,803.226,0.265,0.26,0.27,0.735,0.73,0.74,,,,
2026-01-06 04:43:24.446000+00:00,2026-01-06 04:43:24.505627+00:00,804.446,0.265,0.26,0.27,0.735,0.73,0.74,,,,
2026-01-06 04:43:25.454000+00:00,2026-01-06 04:43:25.527392+00:00,805.454,0.265,0.26,0.27,0.735,0.73,0.74,,,,
2026-01-06 04:43:26.469000+00:00,2026-01-06 04:43:26.536990+00:00,806.469,0.26,0.25,0.27,0.74,0.73,0.75,,,,
2026-01-06 04:43:27.473000+00:00,2026-01-06 04:43:27.538199+00:00,807.473,0.26,0.25,0.27,0.74,0.73,0.75,,,,
2026-01-06 04:43:28.359000+00:00,2026-01-06 04:43:28.538349+00:00,808.359,0.255,0.25,0.26,0.745,0.74,0.75,,,,
2026-01-06 04:43:29.395000+00:00,2026-01-06 04:43:29.542909+00:00,809.395,0.26,0.25,0.27,0.74,0.73,0.75,,,,
2026-01-06 04:43:30.344000+00:00,2026-01-06 04:43:30.554064+00:00,810.344,0.26,0.25,0.27,0.74,0.73,0.75,,,,
2026-01-06 04:43:31.394000+00:00,2026-01-06 04:43:31.562540+00:00,811.394,0.255,0.25,0.26,0.735,0.73,0.74,,,,
2026-01-06 04:43:32.471000+00:00,2026-01-06 04:43:32.572030+00:00,812.471,0.26,0.25,0.27,0.74,0.73,0.75,,,,
2026-01-06 04:43:33.498000+00:00,2026-01-06 04:43:33.571081+00:00,813.498,0.24,0.23,0.25,0.76,0.75,0.77,,,,
2026-01-06 04:43:34.524000+00:00,2026-01-06 04:43:34.589514+00:00,814.524,0.24,0.23,0.25,0.76,0.75,0.77,,,,
2026-01-06 04:43:35.547000+00:00,2026-01-06 04:43:35.605494+00:00,815.547,0.255,0.25,0.26,0.745,0.74,0.75,,,,
2026-01-06 04:43:36.576000+00:00,2026-01-06 04:43:36.621436+00:00,816.576,0.245,0.24,0.25,0.755,0.75,0.76,,,,
2026-01-06 04:43:37.514000+00:00,2026-01-06 04:43:37.626006+00:00,817.514,0.245,0.23,0.26,0.755,0.74,0.77,,,,
2026-01-06 04:43:38.574000+00:00,2026-01-06 04:43:38.637153+00:00,818.574,0.245,0.23,0.26,0.755,0.74,0.77,,,,
2026-01-06 04:43:39.561000+00:00,2026-01-06 04:43:39.645899+00:00,819.561,0.245,0.24,0.25,0.755,0.75,0.76,,,,
2026-01-06 04:43:40.613000+00:00,2026-01-06 04:43:40.655816+00:00,820.613,0.25,0.24,0.26,0.75,0.74,0.76,,,,
2026-01-06 04:43:41.589000+00:00,2026-01-06 04:43:41.659422+00:00,821.589,0.245,0.23,0.26,0.755,0.74,0.77,,,,
2026-01-06 04:43:42.434000+00:00,2026-01-06 04:43:42.659485+00:00,822.434,0.25,0.24,0.26,0.75,0.74,0.76,,,,
2026-01-06 04:43:43.606000+00:00,2026-01-06 04:43:43.677649+00:00,823.606,0.235,0.23,0.24,0.765,0.76,0.77,,,,
2026-01-06 04:43:44.590000+00:00,2026-01-06 04:43:44.678546+00:00,824.59,0.235,0.23,0.24,0.765,0.76,0.77,,,,
2026-01-06 04:43:45.622000+00:00,2026-01-06 04:43:45.693585+00:00,825.622,0.225,0.22,0.23,0.775,0.77,0.78,,,,
2026-01-06 04:43:46.606000+00:00,2026-01-06 04:43:46.703990+00:00,826.606,0.225,0.22,0.23,0.775,0.77,0.78,,,,
2026-01-06 04:43:47.458000+00:00,2026-01-06 04:43:47.703148+00:00,827.458,0.225,0.22,0.23,0.775,0.77,0.78,,,,
2026-01-06 04:43:48.639000+00:00,2026-01-06 04:43:48.703341+00:00,828.639,0.22,0.21,0.23,0.785,0.78,0.79,,,,
2026-01-06 04:43:49.659000+00:00,2026-01-06 04:43:49.719789+00:00,829.659,0.215,0.21,0.22,0.785,0.78,0.79,,,,
2026-01-06 04:43:50.350000+00:00,2026-01-06 04:43:50.720633+00:00,830.35,0.215,0.21,0.22,0.785,0.78,0.79,,,,
2026-01-06 04:43:51.683000+00:00,2026-01-06 04:43:51.737986+00:00,831.683,0.245,0.24,0.25,0.755,0.75,0.76,,,,
2026-01-06 04:43:52.706000+00:00,2026-01-06 04:43:52.759410+00:00,832.706,0.245,0.24,0.25,0.755,0.75,0.76,,,,
2026-01-06 04:43:53.684000+00:00,2026-01-06 04:43:53.771456+00:00,833.684,0.2299999999999999,0.22,0.24,0.77,0.76,0.78,,,,
2026-01-06 04:43:54.691000+00:00,2026-01-06 04:43:54.769935+00:00,834.691,0.24,0.23,0.25,0.755,0.75,0.76,,,,
2026-01-06 04:43:55.721000+00:00,2026-01-06 04:43:55.788501+00:00,835.721,0.235,0.23,0.24,0.765,0.76,0.77,,,,
2026-01-06 04:43:56.654000+00:00,2026-01-06 04:43:56.786611+00:00,836.654,0.235,0.23,0.24,0.765,0.76,0.77,,,,
2026-01-06 04:43:57.728000+00:00,2026-01-06 04:43:57.789447+00:00,837.728,0.235,0.23,0.24,0.765,0.76,0.77,,,,
2026-01-06 04:43:58.671000+00:00,2026-01-06 04:43:58.804450+00:00,838.671,0.2299999999999999,0.22,0.24,0.775,0.77,0.78,,,,
2026-01-06 04:43:59.763000+00:00,2026-01-06 04:43:59.804956+00:00,839.763,0.225,0.22,0.23,0.77,0.76,0.78,,,,
2026-01-06 04:44:00.983000+00:00,2026-01-06 04:44:01.050784+00:00,840.983,0.245,0.24,0.25,0.755,0.75,0.76,,,,
2026-01-06 04:44:01.766000+00:00,2026-01-06 04:44:01.826045+00:00,841.766,0.26,0.25,0.27,0.74,0.73,0.75,,,,
2026-01-06 04:44:02.753000+00:00,2026-01-06 04:44:02.838314+00:00,842.753,0.315,0.31,0.32,0.685,0.68,0.69,,,,
2026-01-06 04:44:03.783000+00:00,2026-01-06 04:44:03.842091+00:00,843.783,0.35,0.33,0.37,0.655,0.63,0.68,,,,
2026-01-06 04:44:04.772000+00:00,2026-01-06 04:44:04.834719+00:00,844.772,0.3349999999999999,0.32,0.35,0.66,0.64,0.68,,,,
2026-01-06 04:44:05.805000+00:00,2026-01-06 04:44:05.856768+00:00,845.805,0.3299999999999999,0.31,0.35,0.6699999999999999,0.65,0.69,,,,
2026-01-06 04:44:06.806000+00:00,2026-01-06 04:44:06.870302+00:00,846.806,0.3299999999999999,0.31,0.35,0.6699999999999999,0.65,0.69,,,,
2026-01-06 04:44:07.804000+00:00,2026-01-06 04:44:07.876686+00:00,847.804,0.31,0.29,0.33,0.6950000000000001,0.67,0.72,,,,
2026-01-06 04:44:08.792000+00:00,2026-01-06 04:44:08.876472+00:00,848.792,0.295,0.28,0.31,0.705,0.69,0.72,,,,
2026-01-06 04:44:09.821000+00:00,2026-01-06 04:44:09.890858+00:00,849.821,0.175,0.17,0.18,0.83,0.82,0.84,,,,
2026-01-06 04:44:10.801000+00:00,2026-01-06 04:44:10.885906+00:00,850.801,0.175,0.16,0.19,0.825,0.81,0.84,,,,
2026-01-06 04:44:11.812000+00:00,2026-01-06 04:44:11.886652+00:00,851.812,0.19,0.18,0.2,0.815,0.81,0.82,,,,
2026-01-06 04:44:12.815000+00:00,2026-01-06 04:44:12.879421+00:00,852.815,0.155,0.15,0.16,0.845,0.84,0.85,,,,
2026-01-06 04:44:13.782000+00:00,2026-01-06 04:44:13.886736+00:00,853.782,0.155,0.14,0.17,0.845,0.83,0.86,,,,
2026-01-06 04:44:14.833000+00:00,2026-01-06 04:44:14.894324+00:00,854.833,0.1699999999999999,0.15,0.19,0.8300000000000001,0.81,0.85,,,,
2026-01-06 04:44:15.857000+00:00,2026-01-06 04:44:15.909627+00:00,855.857,0.1649999999999999,0.15,0.18,0.84,0.83,0.85,,,,
2026-01-06 04:44:16.847000+00:00,2026-01-06 04:44:16.920533+00:00,856.847,0.165,0.14,0.19,0.8400000000000001,0.81,0.87,,,,
2026-01-06 04:44:17.831000+00:00,2026-01-06 04:44:17.920320+00:00,857.831,0.15,0.13,0.17,0.85,0.83,0.87,,,,
2026-01-06 04:44:18.874000+00:00,2026-01-06 04:44:18.949230+00:00,858.874,0.1699999999999999,0.12,0.22,0.825,0.78,0.87,,,,
2026-01-06 04:44:19.890000+00:00,2026-01-06 04:44:19.952949+00:00,859.89,0.14,0.12,0.16,0.85,0.82,0.88,,,,
2026-01-06 04:44:20.876000+00:00,2026-01-06 04:44:20.953098+00:00,860.876,0.145,0.12,0.17,0.86,0.84,0.88,,,,
2026-01-06 04:44:21.777000+00:00,2026-01-06 04:44:21.970709+00:00,861.777,0.15,0.13,0.17,0.85,0.83,0.87,,,,
2026-01-06 04:44:22.858000+00:00,2026-01-06 04:44:22.976962+00:00,862.858,0.14,0.12,0.16,0.855,0.84,0.87,,,,
2026-01-06 04:44:23.850000+00:00,2026-01-06 04:44:23.978493+00:00,863.85,0.135,0.13,0.14,0.865,0.86,0.87,,,,
2026-01-06 04:44:24.918000+00:00,2026-01-06 04:44:24.981948+00:00,864.918,0.16,0.14,0.18,0.84,0.82,0.86,,,,
2026-01-06 04:44:25.805000+00:00,2026-01-06 04:44:25.990810+00:00,865.805,0.16,0.15,0.17,0.84,0.83,0.85,,,,
2026-01-06 04:44:26.942000+00:00,2026-01-06 04:44:27.007060+00:00,866.942,0.16,0.14,0.18,0.84,0.82,0.86,,,,
2026-01-06 04:44:27.941000+00:00,2026-01-06 04:44:28.005850+00:00,867.941,0.15,0.12,0.18,0.85,0.82,0.88,,,,
2026-01-06 04:44:28.953000+00:00,2026-01-06 04:44:29.019516+00:00,868.953,0.145,0.13,0.16,0.865,0.84,0.89,,,,
2026-01-06 04:44:29.969000+00:00,2026-01-06 04:44:30.026977+00:00,869.969,0.15,0.13,0.17,0.85,0.83,0.87,,,,
2026-01-06 04:44:30.965000+00:00,2026-01-06 04:44:31.035572+00:00,870.965,0.11,0.1,0.12,0.89,0.88,0.9,,,,
2026-01-06 04:44:31.960000+00:00,2026-01-06 04:44:32.039465+00:00,871.96,0.095,0.09,0.1,0.905,0.9,0.91,,,,
2026-01-06 04:44:32.921000+00:00,2026-01-06 04:44:33.042000+00:00,872.921,0.09,0.08,0.1,0.915,0.91,0.92,,,,
2026-01-06 04:44:33.892000+00:00,2026-01-06 04:44:34.054996+00:00,873.892,0.07,0.06,0.08,0.93,0.92,0.94,,,,
2026-01-06 04:44:34.996000+00:00,2026-01-06 04:44:35.060741+00:00,874.996,0.055,0.05,0.06,0.925,0.9,0.95,,,,
2026-01-06 04:44:35.979000+00:00,2026-01-06 04:44:36.054536+00:00,875.979,0.06,0.04,0.08,0.955,0.95,0.96,,,,
2026-01-06 04:44:36.970000+00:00,2026-01-06 04:44:37.067701+00:00,876.97,0.055,0.04,0.07,0.945,0.93,0.96,,,,
2026-01-06 04:44:38.923000+00:00,2026-01-06 04:44:39.088458+00:00,878.923,0.035,0.03,0.04,0.965,0.96,0.97,,,,
2026-01-06 04:44:39.910000+00:00,2026-01-06 04:44:40.087575+00:00,879.91,0.04,0.03,0.05,0.975,0.97,0.98,,,,
2026-01-06 04:44:41.001000+00:00,2026-01-06 04:44:41.086726+00:00,881.001,0.025,0.02,0.03,0.975,0.97,0.98,,,,
2026-01-06 04:44:42.013000+00:00,2026-01-06 04:44:42.102971+00:00,882.013,0.025,0.02,0.03,0.975,0.97,0.98,,,,
2026-01-06 04:44:43.005000+00:00,2026-01-06 04:44:43.093145+00:00,883.005,0.04,0.03,0.05,0.96,0.95,0.97,,,,
2026-01-06 04:44:44.779000+00:00,2026-01-06 04:44:45.102203+00:00,884.779,0.03,0.01,0.05,0.97,0.95,0.99,,,,
2026-01-06 04:44:46.001000+00:00,2026-01-06 04:44:46.101486+00:00,886.001,0.025,0.01,0.04,0.97,0.95,0.99,,,,
2026-01-06 04:44:47.041000+00:00,2026-01-06 04:44:47.103054+00:00,887.041,0.03,0.01,0.05,0.97,0.95,0.99,,,,
2026-01-06 04:44:48.005000+00:00,2026-01-06 04:44:48.101150+00:00,888.005,0.04,0.03,0.05,0.96,0.95,0.97,,,,
2026-01-06 04:44:49.025000+00:00,2026-01-06 04:44:49.100832+00:00,889.025,0.03,0.01,0.05,0.97,0.95,0.99,,,,
2026-01-06 04:44:50.949000+00:00,2026-01-06 04:44:51.102529+00:00,890.949,0.025,0.01,0.04,0.975,0.96,0.99,,,,
2026-01-06 04:44:51.950000+00:00,2026-01-06 04:44:52.117049+00:00,891.95,0.04,0.03,0.05,0.96,0.95,0.97,,,,
2026-01-06 04:44:53.870000+00:00,2026-01-06 04:44:54.117164+00:00,893.87,0.015,0.01,0.02,0.985,0.98,0.99,,,,
2026-01-06 04:44:55.035000+00:00,2026-01-06 04:44:55.125788+00:00,895.035,0.015,0.01,0.02,0.985,0.98,0.99,,,,
2026-01-06 04:44:56.017000+00:00,2026-01-06 04:44:56.138228+00:00,896.017,0.01,,0.01,0.99,0.99,,,,,
2026-01-06 04:44:57.021000+00:00,2026-01-06 04:44:57.145742+00:00,897.021,0.01,,0.01,0.99,0.99,,,,,
2026-01-06 04:44:58.001000+00:00,2026-01-06 04:44:58.166562+00:00,898.001,0.01,,0.01,0.99,0.99,,,,,
2026-01-06 04:44:59.046000+00:00,2026-01-06 04:44:59.166896+00:00,899.046,0.01,,0.01,0.99,0.99,,,,,
