timestamp,collected_at,seconds,mid,bid,ask,asset
2026-01-06 10:45:00+00:00,2026-01-06 10:53:28.482881+00:00,0.0,3227.681,3227.55,3227.78,ETH
2026-01-06 10:45:01+00:00,2026-01-06 10:53:29.488155+00:00,1.0,3227.681,3227.54,3227.77,ETH
2026-01-06 10:45:02+00:00,2026-01-06 10:53:30.489686+00:00,2.0,3227.681,3227.55,3227.76,ETH
2026-01-06 10:45:03+00:00,2026-01-06 10:53:31.485563+00:00,3.0,3227.541,3227.47,3227.69,ETH
2026-01-06 10:45:04+00:00,2026-01-06 10:53:32.494314+00:00,4.0,3227.341,3227.32,3227.51,ETH
2026-01-06 10:45:05+00:00,2026-01-06 10:53:33.512113+00:00,5.0,3227.281,3227.25,3227.4,ETH
2026-01-06 10:45:06+00:00,2026-01-06 10:53:34.495441+00:00,6.0,3227.291,3227.26,3227.4,ETH
2026-01-06 10:45:07+00:00,2026-01-06 10:53:35.513635+00:00,7.0,3227.291,3227.26,3227.4,ETH
2026-01-06 10:45:08+00:00,2026-01-06 10:53:36.527452+00:00,8.0,3227.231,3227.21,3227.4,ETH
2026-01-06 10:45:09+00:00,2026-01-06 10:53:37.515144+00:00,9.0,3227.221,3227.19,3227.4,ETH
2026-01-06 10:45:10+00:00,2026-01-06 10:53:38.527643+00:00,10.0,3227.211,3227.17,3227.39,ETH
2026-01-06 10:45:11+00:00,2026-01-06 10:53:39.548145+00:00,11.0,3227.161,3227.12,3227.31,ETH
2026-01-06 10:45:12+00:00,2026-01-06 10:53:40.546574+00:00,12.0,3227.171,3227.13,3227.25,ETH
2026-01-06 10:45:13+00:00,2026-01-06 10:53:41.560919+00:00,13.0,3227.211,3227.14,3227.28,ETH
2026-01-06 10:45:14+00:00,2026-01-06 10:53:42.574847+00:00,14.0,3227.251,3227.16,3227.35,ETH
2026-01-06 10:45:15+00:00,2026-01-06 10:53:43.580768+00:00,15.0,3227.251,3227.19,3227.39,ETH
2026-01-06 10:45:16+00:00,2026-01-06 10:53:44.585663+00:00,16.0,3227.251,3227.22,3227.43,ETH
2026-01-06 10:45:17+00:00,2026-01-06 10:53:45.576728+00:00,17.0,3227.251,3227.24,3227.46,ETH
2026-01-06 10:45:18+00:00,2026-01-06 10:53:46.597079+00:00,18.0,3227.251,3227.24,3227.48,ETH
2026-01-06 10:45:19+00:00,2026-01-06 10:53:47.592035+00:00,19.0,3227.251,3227.24,3227.5,ETH
2026-01-06 10:45:20+00:00,2026-01-06 10:53:48.592056+00:00,20.0,3227.251,3227.24,3227.5,ETH
2026-01-06 10:45:21+00:00,2026-01-06 10:53:49.592838+00:00,21.0,3227.251,3227.24,3227.44,ETH
2026-01-06 10:45:22+00:00,2026-01-06 10:53:50.611093+00:00,22.0,3227.251,3227.24,3227.44,ETH
2026-01-06 10:45:23+00:00,2026-01-06 10:53:51.624592+00:00,23.0,3227.301,3227.29,3227.47,ETH
2026-01-06 10:45:24+00:00,2026-01-06 10:53:52.642601+00:00,24.0,3227.301,3227.29,3227.47,ETH
2026-01-06 10:45:25+00:00,2026-01-06 10:53:53.701803+00:00,25.0,3227.301,3227.29,3227.47,ETH
2026-01-06 10:45:26+00:00,2026-01-06 10:53:54.708787+00:00,26.0,3227.281,3227.27,3227.42,ETH
2026-01-06 10:45:27+00:00,2026-01-06 10:53:55.714952+00:00,27.0,3227.271,3227.24,3227.38,ETH
2026-01-06 10:45:28+00:00,2026-01-06 10:53:56.698732+00:00,28.0,3227.211,3227.19,3227.4,ETH
2026-01-06 10:45:29+00:00,2026-01-06 10:53:57.700486+00:00,29.0,3227.171,3227.16,3227.42,ETH
2026-01-06 10:45:30+00:00,2026-01-06 10:53:58.713295+00:00,30.0,3227.191,3227.19,3227.4,ETH
2026-01-06 10:45:31+00:00,2026-01-06 10:53:59.722291+00:00,31.0,3227.191,3227.19,3227.38,ETH
2026-01-06 10:45:32+00:00,2026-01-06 10:54:00.725061+00:00,32.0,3227.191,3227.19,3227.38,ETH
2026-01-06 10:45:33+00:00,2026-01-06 10:54:01.718921+00:00,33.0,3227.191,3227.19,3227.36,ETH
2026-01-06 10:45:34+00:00,2026-01-06 10:54:02.721210+00:00,34.0,3227.191,3227.19,3227.35,ETH
2026-01-06 10:45:35+00:00,2026-01-06 10:54:03.723961+00:00,35.0,3227.191,3227.19,3227.36,ETH
2026-01-06 10:45:36+00:00,2026-01-06 10:54:04.727561+00:00,36.0,3227.191,3227.19,3227.38,ETH
2026-01-06 10:45:37+00:00,2026-01-06 10:54:05.728329+00:00,37.0,3227.191,3227.17,3227.33,ETH
2026-01-06 10:45:38+00:00,2026-01-06 10:54:06.739038+00:00,38.0,3227.171,3227.14,3227.23,ETH
2026-01-06 10:45:39+00:00,2026-01-06 10:54:07.742619+00:00,39.0,3227.161,3227.14,3227.26,ETH
2026-01-06 10:45:40+00:00,2026-01-06 10:54:08.747557+00:00,40.0,3227.171,3227.17,3227.32,ETH
2026-01-06 10:45:41+00:00,2026-01-06 10:54:09.766259+00:00,41.0,3227.171,3227.17,3227.33,ETH
2026-01-06 10:45:42+00:00,2026-01-06 10:54:10.764571+00:00,42.0,3227.171,3227.17,3227.35,ETH
2026-01-06 10:45:43+00:00,2026-01-06 10:54:11.778109+00:00,43.0,3227.171,3227.17,3227.36,ETH
2026-01-06 10:45:44+00:00,2026-01-06 10:54:12.789586+00:00,44.0,3227.171,3227.17,3227.36,ETH
2026-01-06 10:45:45+00:00,2026-01-06 10:54:13.788266+00:00,45.0,3227.191,3227.17,3227.33,ETH
2026-01-06 10:45:46+00:00,2026-01-06 10:54:14.781108+00:00,46.0,3227.201,3227.17,3227.36,ETH
2026-01-06 10:45:47+00:00,2026-01-06 10:54:15.786238+00:00,47.0,3227.231,3227.17,3227.43,ETH
2026-01-06 10:45:48+00:00,2026-01-06 10:54:16.780997+00:00,48.0,3227.241,3227.17,3227.45,ETH
2026-01-06 10:45:49+00:00,2026-01-06 10:54:17.789469+00:00,49.0,3227.241,3227.17,3227.41,ETH
2026-01-06 10:45:50+00:00,2026-01-06 10:54:18.800912+00:00,50.0,3227.231,3227.17,3227.51,ETH
2026-01-06 10:45:51+00:00,2026-01-06 10:54:19.809012+00:00,51.0,3227.231,3227.17,3227.51,ETH
2026-01-06 10:45:52+00:00,2026-01-06 10:54:20.808070+00:00,52.0,3227.221,3227.17,3227.48,ETH
2026-01-06 10:45:53+00:00,2026-01-06 10:54:21.860373+00:00,53.0,3227.221,3227.17,3227.4,ETH
2026-01-06 10:45:54+00:00,2026-01-06 10:54:22.875304+00:00,54.0,3227.231,3227.17,3227.37,ETH
2026-01-06 10:45:55+00:00,2026-01-06 10:54:23.871786+00:00,55.0,3227.251,3227.17,3227.38,ETH
2026-01-06 10:45:56+00:00,2026-01-06 10:54:24.862476+00:00,56.0,3227.261,3227.17,3227.38,ETH
2026-01-06 10:45:57+00:00,2026-01-06 10:54:25.869622+00:00,57.0,3227.251,3227.17,3227.37,ETH
2026-01-06 10:45:58+00:00,2026-01-06 10:54:26.876615+00:00,58.0,3227.261,3227.17,3227.37,ETH
2026-01-06 10:45:59+00:00,2026-01-06 10:54:27.888109+00:00,59.0,3227.261,3227.17,3227.39,ETH
2026-01-06 10:46:00+00:00,2026-01-06 10:54:28.890713+00:00,60.0,3227.261,3227.17,3227.42,ETH
2026-01-06 10:46:01+00:00,2026-01-06 10:54:29.904923+00:00,61.0,3227.261,3227.17,3227.41,ETH
2026-01-06 10:46:02+00:00,2026-01-06 10:54:30.970511+00:00,62.0,3227.251,3227.17,3227.44,ETH
2026-01-06 10:46:03+00:00,2026-01-06 10:54:31.982650+00:00,63.0,3227.241,3227.17,3227.49,ETH
2026-01-06 10:46:04+00:00,2026-01-06 10:54:32.996572+00:00,64.0,3227.231,3227.17,3227.5,ETH
2026-01-06 10:46:05+00:00,2026-01-06 10:54:34.010378+00:00,65.0,3227.231,3227.17,3227.49,ETH
2026-01-06 10:46:06+00:00,2026-01-06 10:54:35.016350+00:00,66.0,3227.231,3227.17,3227.47,ETH
2026-01-06 10:46:07+00:00,2026-01-06 10:54:36.019148+00:00,67.0,3227.231,3227.17,3227.49,ETH
2026-01-06 10:46:08+00:00,2026-01-06 10:54:37.013532+00:00,68.0,3227.241,3227.17,3227.52,ETH
2026-01-06 10:46:09+00:00,2026-01-06 10:54:38.028148+00:00,69.0,3227.391,3227.34,3227.49,ETH
2026-01-06 10:46:10+00:00,2026-01-06 10:54:39.046682+00:00,70.0,3227.391,3227.34,3227.49,ETH
2026-01-06 10:46:11+00:00,2026-01-06 10:54:40.051658+00:00,71.0,3227.351,3227.33,3227.51,ETH
2026-01-06 10:46:12+00:00,2026-01-06 10:54:41.060856+00:00,72.0,3227.351,3227.33,3227.51,ETH
2026-01-06 10:46:13+00:00,2026-01-06 10:54:42.063447+00:00,73.0,3227.401,3227.33,3227.51,ETH
2026-01-06 10:46:14+00:00,2026-01-06 10:54:43.090560+00:00,74.0,3227.401,3227.33,3227.52,ETH
2026-01-06 10:46:15+00:00,2026-01-06 10:54:44.108614+00:00,75.0,3227.381,3227.34,3227.53,ETH
2026-01-06 10:46:16+00:00,2026-01-06 10:54:45.109143+00:00,76.0,3227.381,3227.34,3227.52,ETH
2026-01-06 10:46:17+00:00,2026-01-06 10:54:46.107784+00:00,77.0,3227.381,3227.33,3227.48,ETH
2026-01-06 10:46:18+00:00,2026-01-06 10:54:47.109362+00:00,78.0,3227.381,3227.34,3227.5,ETH
2026-01-06 10:46:19+00:00,2026-01-06 10:54:48.107801+00:00,79.0,3227.381,3227.34,3227.47,ETH
2026-01-06 10:46:20+00:00,2026-01-06 10:54:49.122387+00:00,80.0,3227.381,3227.34,3227.49,ETH
2026-01-06 10:46:21+00:00,2026-01-06 10:54:50.127844+00:00,81.0,3227.381,3227.34,3227.52,ETH
2026-01-06 10:46:22+00:00,2026-01-06 10:54:51.137124+00:00,82.0,3227.381,3227.34,3227.5,ETH
2026-01-06 10:46:23+00:00,2026-01-06 10:54:52.146724+00:00,83.0,3227.381,3227.34,3227.51,ETH
2026-01-06 10:46:24+00:00,2026-01-06 10:54:53.138048+00:00,84.0,3227.381,3227.33,3227.49,ETH
2026-01-06 10:46:25+00:00,2026-01-06 10:54:54.143484+00:00,85.0,3227.381,3227.33,3227.49,ETH
2026-01-06 10:46:26+00:00,2026-01-06 10:54:55.151977+00:00,86.0,3227.401,3227.34,3227.52,ETH
2026-01-06 10:46:27+00:00,2026-01-06 10:54:56.158326+00:00,87.0,3227.401,3227.34,3227.45,ETH
2026-01-06 10:46:28+00:00,2026-01-06 10:54:57.158385+00:00,88.0,3227.401,3227.34,3227.49,ETH
2026-01-06 10:46:29+00:00,2026-01-06 10:54:58.163722+00:00,89.0,3227.401,3227.34,3227.51,ETH
2026-01-06 10:46:30+00:00,2026-01-06 10:54:59.173651+00:00,90.0,3227.401,3227.34,3227.5,ETH
2026-01-06 10:46:31+00:00,2026-01-06 10:55:01.164532+00:00,91.0,3227.401,3227.34,3227.48,ETH
2026-01-06 10:46:32+00:00,2026-01-06 10:55:02.157683+00:00,92.0,3227.401,3227.34,3227.48,ETH
2026-01-06 10:46:33+00:00,2026-01-06 10:55:03.166930+00:00,93.0,3227.401,3227.34,3227.48,ETH
2026-01-06 10:46:34+00:00,2026-01-06 10:55:04.172848+00:00,94.0,3227.401,3227.34,3227.47,ETH
2026-01-06 10:46:36+00:00,2026-01-06 10:55:05.205599+00:00,96.0,3227.401,3227.34,3227.44,ETH
2026-01-06 10:46:37+00:00,2026-01-06 10:55:06.230789+00:00,97.0,3227.401,3227.34,3227.51,ETH
2026-01-06 10:46:38+00:00,2026-01-06 10:55:07.241896+00:00,98.0,3227.401,3227.34,3227.49,ETH
2026-01-06 10:46:39+00:00,2026-01-06 10:55:08.238748+00:00,99.0,3227.471,3227.34,3227.51,ETH
2026-01-06 10:46:40+00:00,2026-01-06 10:55:09.262687+00:00,100.0,3227.471,3227.35,3227.55,ETH
2026-01-06 10:46:41+00:00,2026-01-06 10:55:10.261659+00:00,101.0,3227.481,3227.35,3227.55,ETH
2026-01-06 10:46:42+00:00,2026-01-06 10:55:11.274867+00:00,102.0,3227.481,3227.35,3227.55,ETH
2026-01-06 10:46:43+00:00,2026-01-06 10:55:12.306259+00:00,103.0,3227.471,3227.35,3227.52,ETH
2026-01-06 10:46:44+00:00,2026-01-06 10:55:13.295656+00:00,104.0,3227.471,3227.36,3227.51,ETH
2026-01-06 10:46:45+00:00,2026-01-06 10:55:14.315428+00:00,105.0,3227.481,3227.36,3227.61,ETH
2026-01-06 10:46:46+00:00,2026-01-06 10:55:15.308189+00:00,106.0,3227.481,3227.36,3227.55,ETH
2026-01-06 10:46:47+00:00,2026-01-06 10:55:16.333875+00:00,107.0,3227.481,3227.36,3227.57,ETH
2026-01-06 10:46:48+00:00,2026-01-06 10:55:17.330128+00:00,108.0,3227.481,3227.36,3227.51,ETH
2026-01-06 10:46:49+00:00,2026-01-06 10:55:18.330734+00:00,109.0,3227.471,3227.36,3227.51,ETH
2026-01-06 10:46:50+00:00,2026-01-06 10:55:19.345821+00:00,110.0,3227.481,3227.36,3227.58,ETH
2026-01-06 10:46:51+00:00,2026-01-06 10:55:20.339583+00:00,111.0,3227.571,3227.46,3227.84,ETH
2026-01-06 10:46:52+00:00,2026-01-06 10:55:21.343198+00:00,112.0,3227.881,3227.76,3228.09,ETH
2026-01-06 10:46:53+00:00,2026-01-06 10:55:22.361333+00:00,113.0,3228.051,3227.8,3228.34,ETH
2026-01-06 10:46:54+00:00,2026-01-06 10:55:23.374692+00:00,114.0,3228.051,3227.91,3228.39,ETH
2026-01-06 10:46:55+00:00,2026-01-06 10:55:25.410133+00:00,115.0,3228.171,3227.99,3228.42,ETH
2026-01-06 10:46:56+00:00,2026-01-06 10:55:26.410673+00:00,116.0,3228.291,3228.08,3228.38,ETH
2026-01-06 10:46:57+00:00,2026-01-06 10:55:27.417093+00:00,117.0,3228.291,3228.1,3228.39,ETH
2026-01-06 10:46:58+00:00,2026-01-06 10:55:28.425746+00:00,118.0,3228.291,3228.1,3228.39,ETH
2026-01-06 10:46:59+00:00,2026-01-06 10:55:29.414955+00:00,119.0,3228.291,3228.1,3228.4,ETH
2026-01-06 10:47:00+00:00,2026-01-06 10:55:30.411832+00:00,120.0,3228.291,3228.1,3228.4,ETH
2026-01-06 10:47:01+00:00,2026-01-06 10:55:31.396266+00:00,121.0,3228.291,3228.1,3228.4,ETH
2026-01-06 10:47:02+00:00,2026-01-06 10:55:32.396673+00:00,122.0,3228.291,3228.11,3228.41,ETH
2026-01-06 10:47:03+00:00,2026-01-06 10:55:33.424191+00:00,123.0,3228.291,3228.11,3228.41,ETH
2026-01-06 10:47:04+00:00,2026-01-06 10:55:34.422379+00:00,124.0,3228.291,3228.11,3228.39,ETH
2026-01-06 10:47:06+00:00,2026-01-06 10:55:35.752799+00:00,126.0,3228.321,3228.11,3228.37,ETH
2026-01-06 10:47:07+00:00,2026-01-06 10:55:36.760077+00:00,127.0,3228.351,3228.11,3228.41,ETH
2026-01-06 10:47:08+00:00,2026-01-06 10:55:37.771122+00:00,128.0,3228.351,3228.1,3228.44,ETH
2026-01-06 10:47:09+00:00,2026-01-06 10:55:38.780207+00:00,129.0,3228.351,3228.1,3228.43,ETH
2026-01-06 10:47:10+00:00,2026-01-06 10:55:39.772308+00:00,130.0,3228.351,3228.11,3228.45,ETH
2026-01-06 10:47:11+00:00,2026-01-06 10:55:40.773304+00:00,131.0,3228.381,3228.34,3228.66,ETH
2026-01-06 10:47:12+00:00,2026-01-06 10:55:41.777752+00:00,132.0,3228.471,3228.43,3228.59,ETH
2026-01-06 10:47:13+00:00,2026-01-06 10:55:42.779123+00:00,133.0,3228.521,3228.43,3228.59,ETH
2026-01-06 10:47:14+00:00,2026-01-06 10:55:43.794052+00:00,134.0,3228.591,3228.43,3228.85,ETH
2026-01-06 10:47:15+00:00,2026-01-06 10:55:44.792017+00:00,135.0,3228.591,3228.43,3228.85,ETH
2026-01-06 10:47:16+00:00,2026-01-06 10:55:45.807218+00:00,136.0,3228.591,3228.43,3228.85,ETH
2026-01-06 10:47:17+00:00,2026-01-06 10:55:46.819169+00:00,137.0,3228.591,3228.44,3228.85,ETH
2026-01-06 10:47:18+00:00,2026-01-06 10:55:47.845738+00:00,138.0,3228.701,3228.46,3228.89,ETH
2026-01-06 10:47:19+00:00,2026-01-06 10:55:48.840854+00:00,139.0,3228.731,3228.55,3228.95,ETH
2026-01-06 10:47:20+00:00,2026-01-06 10:55:49.856939+00:00,140.0,3228.731,3228.6,3228.95,ETH
2026-01-06 10:47:21+00:00,2026-01-06 10:55:51.875617+00:00,141.0,3228.731,3228.62,3228.95,ETH
2026-01-06 10:47:22+00:00,2026-01-06 10:55:52.881887+00:00,142.0,3228.731,3228.62,3228.94,ETH
2026-01-06 10:47:23+00:00,2026-01-06 10:55:53.874473+00:00,143.0,3228.731,3228.66,3228.91,ETH
2026-01-06 10:47:24+00:00,2026-01-06 10:55:54.893595+00:00,144.0,3228.851,3228.7,3228.99,ETH
2026-01-06 10:47:25+00:00,2026-01-06 10:55:55.876469+00:00,145.0,3228.991,3228.74,3229.11,ETH
2026-01-06 10:47:26+00:00,2026-01-06 10:55:56.876564+00:00,146.0,3229.021,3228.78,3229.14,ETH
2026-01-06 10:47:27+00:00,2026-01-06 10:55:57.904722+00:00,147.0,3229.031,3228.8,3229.12,ETH
2026-01-06 10:47:28+00:00,2026-01-06 10:55:58.905940+00:00,148.0,3229.031,3228.81,3229.11,ETH
2026-01-06 10:47:29+00:00,2026-01-06 10:55:59.910278+00:00,149.0,3229.031,3228.81,3229.13,ETH
2026-01-06 10:47:30+00:00,2026-01-06 10:56:00.922840+00:00,150.0,3229.031,3228.81,3229.14,ETH
2026-01-06 10:47:31+00:00,2026-01-06 10:56:01.926639+00:00,151.0,3229.031,3228.86,3229.18,ETH
2026-01-06 10:47:32+00:00,2026-01-06 10:56:02.944367+00:00,152.0,3229.031,3228.91,3229.22,ETH
2026-01-06 10:47:33+00:00,2026-01-06 10:56:03.940855+00:00,153.0,3229.031,3228.91,3229.23,ETH
2026-01-06 10:47:34+00:00,2026-01-06 10:56:04.942700+00:00,154.0,3229.031,3228.92,3229.23,ETH
2026-01-06 10:47:35+00:00,2026-01-06 10:56:05.943033+00:00,155.0,3229.031,3228.92,3229.22,ETH
2026-01-06 10:47:36+00:00,2026-01-06 10:56:06.959262+00:00,156.0,3229.041,3228.95,3229.25,ETH
2026-01-06 10:47:37+00:00,2026-01-06 10:56:07.976358+00:00,157.0,3229.071,3228.99,3229.29,ETH
2026-01-06 10:47:38+00:00,2026-01-06 10:56:08.958837+00:00,158.0,3229.101,3228.99,3229.23,ETH
2026-01-06 10:47:39+00:00,2026-01-06 10:56:09.959240+00:00,159.0,3229.101,3228.99,3229.25,ETH
2026-01-06 10:47:40+00:00,2026-01-06 10:56:10.957633+00:00,160.0,3229.101,3229.01,3229.36,ETH
2026-01-06 10:47:41+00:00,2026-01-06 10:56:11.959263+00:00,161.0,3229.121,3229.03,3229.39,ETH
2026-01-06 10:47:42+00:00,2026-01-06 10:56:12.972483+00:00,162.0,3229.121,3229.04,3229.35,ETH
2026-01-06 10:47:43+00:00,2026-01-06 10:56:13.957252+00:00,163.0,3229.241,3229.19,3229.5,ETH
2026-01-06 10:47:44+00:00,2026-01-06 10:56:14.971242+00:00,164.0,3229.391,3229.34,3229.77,ETH
2026-01-06 10:47:45+00:00,2026-01-06 10:56:15.974976+00:00,165.0,3229.431,3229.35,3229.84,ETH
2026-01-06 10:47:46+00:00,2026-01-06 10:56:16.994880+00:00,166.0,3229.431,3229.35,3229.84,ETH
2026-01-06 10:47:47+00:00,2026-01-06 10:56:17.994712+00:00,167.0,3229.491,3229.35,3229.85,ETH
2026-01-06 10:47:48+00:00,2026-01-06 10:56:19.009176+00:00,168.0,3229.511,3229.49,3229.85,ETH
2026-01-06 10:47:49+00:00,2026-01-06 10:56:20.025253+00:00,169.0,3229.581,3229.51,3229.86,ETH
2026-01-06 10:47:50+00:00,2026-01-06 10:56:21.037915+00:00,170.0,3229.691,3229.51,3229.94,ETH
2026-01-06 10:47:51+00:00,2026-01-06 10:56:22.041827+00:00,171.0,3229.691,3229.53,3229.94,ETH
2026-01-06 10:47:52+00:00,2026-01-06 10:56:23.052767+00:00,172.0,3229.691,3229.54,3229.94,ETH
2026-01-06 10:47:53+00:00,2026-01-06 10:56:24.040253+00:00,173.0,3229.921,3229.82,3230.12,ETH
2026-01-06 10:47:54+00:00,2026-01-06 10:56:25.060248+00:00,174.0,3229.921,3229.88,3230.13,ETH
2026-01-06 10:47:55+00:00,2026-01-06 10:56:26.078561+00:00,175.0,3229.921,3229.91,3230.15,ETH
2026-01-06 10:47:56+00:00,2026-01-06 10:56:27.069087+00:00,176.0,3229.921,3229.91,3230.14,ETH
2026-01-06 10:47:57+00:00,2026-01-06 10:56:28.085893+00:00,177.0,3229.921,3229.9,3229.95,ETH
2026-01-06 10:47:58+00:00,2026-01-06 10:56:29.104865+00:00,178.0,3229.931,3229.92,3230.14,ETH
2026-01-06 10:47:59+00:00,2026-01-06 10:56:30.119769+00:00,179.0,3229.931,3229.92,3230.37,ETH
2026-01-06 10:48:00+00:00,2026-01-06 10:56:31.120159+00:00,180.0,3229.931,3229.91,3230.03,ETH
2026-01-06 10:48:01+00:00,2026-01-06 10:56:32.136003+00:00,181.0,3229.931,3229.91,3230.0,ETH
2026-01-06 10:48:02+00:00,2026-01-06 10:56:33.151832+00:00,182.0,3229.851,3229.79,3229.95,ETH
2026-01-06 10:48:03+00:00,2026-01-06 10:56:34.206235+00:00,183.0,3229.711,3229.71,3230.01,ETH
2026-01-06 10:48:04+00:00,2026-01-06 10:56:35.225814+00:00,184.0,3229.711,3229.71,3230.01,ETH
2026-01-06 10:48:05+00:00,2026-01-06 10:56:36.207916+00:00,185.0,3229.711,3229.7,3230.01,ETH
2026-01-06 10:48:06+00:00,2026-01-06 10:56:37.234169+00:00,186.0,3229.691,3229.65,3230.05,ETH
2026-01-06 10:48:07+00:00,2026-01-06 10:56:38.194471+00:00,187.0,3229.631,3229.6,3230.0,ETH
2026-01-06 10:48:08+00:00,2026-01-06 10:56:39.189905+00:00,188.0,3229.611,3229.6,3229.91,ETH
2026-01-06 10:48:09+00:00,2026-01-06 10:56:40.223508+00:00,189.0,3229.611,3229.6,3229.92,ETH
2026-01-06 10:48:10+00:00,2026-01-06 10:56:41.212962+00:00,190.0,3229.611,3229.58,3229.79,ETH
2026-01-06 10:48:11+00:00,2026-01-06 10:56:42.217879+00:00,191.0,3229.611,3229.58,3229.93,ETH
2026-01-06 10:48:12+00:00,2026-01-06 10:56:43.218235+00:00,192.0,3229.611,3229.58,3229.88,ETH
2026-01-06 10:48:13+00:00,2026-01-06 10:56:44.229272+00:00,193.0,3229.511,3229.5,3229.88,ETH
2026-01-06 10:48:14+00:00,2026-01-06 10:56:45.223906+00:00,194.0,3229.511,3229.5,3229.9,ETH
2026-01-06 10:48:15+00:00,2026-01-06 10:56:46.220743+00:00,195.0,3229.511,3229.5,3229.9,ETH
2026-01-06 10:48:16+00:00,2026-01-06 10:56:47.216437+00:00,196.0,3229.511,3229.5,3229.64,ETH
2026-01-06 10:48:17+00:00,2026-01-06 10:56:48.225480+00:00,197.0,3229.511,3229.5,3229.64,ETH
2026-01-06 10:48:18+00:00,2026-01-06 10:56:49.216345+00:00,198.0,3229.511,3229.5,3229.72,ETH
2026-01-06 10:48:19+00:00,2026-01-06 10:56:50.233380+00:00,199.0,3229.511,3229.5,3229.75,ETH
2026-01-06 10:48:20+00:00,2026-01-06 10:56:51.234723+00:00,200.0,3229.511,3229.5,3229.76,ETH
2026-01-06 10:48:21+00:00,2026-01-06 10:56:52.238804+00:00,201.0,3229.511,3229.5,3229.8,ETH
2026-01-06 10:48:22+00:00,2026-01-06 10:56:53.234455+00:00,202.0,3229.511,3229.5,3229.8,ETH
2026-01-06 10:48:23+00:00,2026-01-06 10:56:54.255994+00:00,203.0,3229.421,3229.41,3229.51,ETH
2026-01-06 10:48:24+00:00,2026-01-06 10:56:55.274248+00:00,204.0,3229.101,3229.07,3229.21,ETH
2026-01-06 10:48:25+00:00,2026-01-06 10:56:56.293087+00:00,205.0,3229.061,3229.05,3229.17,ETH
2026-01-06 10:48:26+00:00,2026-01-06 10:56:57.291197+00:00,206.0,3229.051,3228.92,3229.08,ETH
2026-01-06 10:48:27+00:00,2026-01-06 10:56:58.321749+00:00,207.0,3228.721,3228.66,3228.88,ETH
2026-01-06 10:48:28+00:00,2026-01-06 10:56:59.324166+00:00,208.0,3228.781,3228.6,3228.91,ETH
2026-01-06 10:48:29+00:00,2026-01-06 10:57:00.322794+00:00,209.0,3228.691,3228.59,3228.76,ETH
2026-01-06 10:48:30+00:00,2026-01-06 10:57:01.356996+00:00,210.0,3228.731,3228.59,3228.76,ETH
2026-01-06 10:48:31+00:00,2026-01-06 10:57:02.340241+00:00,211.0,3228.561,3228.52,3228.76,ETH
2026-01-06 10:48:32+00:00,2026-01-06 10:57:03.356739+00:00,212.0,3228.561,3228.52,3228.76,ETH
2026-01-06 10:48:33+00:00,2026-01-06 10:57:05.357469+00:00,213.0,3228.751,3228.56,3228.8,ETH
2026-01-06 10:48:34+00:00,2026-01-06 10:57:06.376148+00:00,214.0,3228.711,3228.56,3228.78,ETH
2026-01-06 10:48:35+00:00,2026-01-06 10:57:07.390625+00:00,215.0,3228.661,3228.56,3228.75,ETH
2026-01-06 10:48:36+00:00,2026-01-06 10:57:08.414112+00:00,216.0,3228.671,3228.58,3228.75,ETH
2026-01-06 10:48:37+00:00,2026-01-06 10:57:09.402491+00:00,217.0,3228.661,3228.59,3228.75,ETH
2026-01-06 10:48:38+00:00,2026-01-06 10:57:10.421818+00:00,218.0,3228.641,3228.58,3228.75,ETH
2026-01-06 10:48:39+00:00,2026-01-06 10:57:11.422135+00:00,219.0,3228.651,3228.59,3228.76,ETH
2026-01-06 10:48:40+00:00,2026-01-06 10:57:12.422683+00:00,220.0,3228.661,3228.59,3228.76,ETH
2026-01-06 10:48:41+00:00,2026-01-06 10:57:13.428042+00:00,221.0,3228.661,3228.59,3228.76,ETH
2026-01-06 10:48:42+00:00,2026-01-06 10:57:14.435809+00:00,222.0,3228.661,3228.61,3228.76,ETH
2026-01-06 10:48:43+00:00,2026-01-06 10:57:15.450189+00:00,223.0,3228.641,3228.6,3228.75,ETH
2026-01-06 10:48:44+00:00,2026-01-06 10:57:16.456053+00:00,224.0,3228.641,3228.6,3228.75,ETH
2026-01-06 10:48:45+00:00,2026-01-06 10:57:17.459059+00:00,225.0,3228.651,3228.6,3228.76,ETH
2026-01-06 10:48:46+00:00,2026-01-06 10:57:18.493859+00:00,226.0,3228.671,3228.61,3228.76,ETH
2026-01-06 10:48:47+00:00,2026-01-06 10:57:19.456819+00:00,227.0,3228.691,3228.62,3228.76,ETH
2026-01-06 10:48:48+00:00,2026-01-06 10:57:20.469914+00:00,228.0,3228.681,3228.62,3228.76,ETH
2026-01-06 10:48:49+00:00,2026-01-06 10:57:21.473260+00:00,229.0,3228.671,3228.62,3228.76,ETH
2026-01-06 10:48:50+00:00,2026-01-06 10:57:22.488855+00:00,230.0,3228.641,3228.61,3228.75,ETH
2026-01-06 10:48:51+00:00,2026-01-06 10:57:23.488451+00:00,231.0,3228.621,3228.58,3228.75,ETH
2026-01-06 10:48:52+00:00,2026-01-06 10:57:24.491834+00:00,232.0,3228.681,3228.59,3228.76,ETH
2026-01-06 10:48:53+00:00,2026-01-06 10:57:25.501941+00:00,233.0,3228.731,3228.6,3228.76,ETH
2026-01-06 10:48:54+00:00,2026-01-06 10:57:26.508491+00:00,234.0,3228.751,3228.6,3228.78,ETH
2026-01-06 10:48:55+00:00,2026-01-06 10:57:27.505834+00:00,235.0,3228.711,3228.6,3228.78,ETH
2026-01-06 10:48:56+00:00,2026-01-06 10:57:28.523340+00:00,236.0,3228.641,3228.6,3228.75,ETH
2026-01-06 10:48:57+00:00,2026-01-06 10:57:29.503140+00:00,237.0,3228.641,3228.6,3228.75,ETH
2026-01-06 10:48:58+00:00,2026-01-06 10:57:30.506479+00:00,238.0,3228.611,3228.58,3228.75,ETH
2026-01-06 10:48:59+00:00,2026-01-06 10:57:31.506842+00:00,239.0,3228.661,3228.6,3228.88,ETH
2026-01-06 10:49:00+00:00,2026-01-06 10:57:32.510219+00:00,240.0,3228.811,3228.65,3229.04,ETH
2026-01-06 10:49:01+00:00,2026-01-06 10:57:33.521064+00:00,241.0,3228.881,3228.8,3229.04,ETH
2026-01-06 10:49:02+00:00,2026-01-06 10:57:34.523632+00:00,242.0,3228.881,3228.83,3229.04,ETH
2026-01-06 10:49:03+00:00,2026-01-06 10:57:35.537498+00:00,243.0,3228.961,3228.88,3229.2,ETH
2026-01-06 10:49:04+00:00,2026-01-06 10:57:36.537976+00:00,244.0,3228.991,3228.87,3229.04,ETH
2026-01-06 10:49:05+00:00,2026-01-06 10:57:37.534436+00:00,245.0,3228.881,3228.78,3228.94,ETH
2026-01-06 10:49:06+00:00,2026-01-06 10:57:38.536606+00:00,246.0,3228.771,3228.69,3228.84,ETH
2026-01-06 10:49:07+00:00,2026-01-06 10:57:39.552770+00:00,247.0,3228.651,3228.61,3228.75,ETH
2026-01-06 10:49:08+00:00,2026-01-06 10:57:40.555630+00:00,248.0,3228.591,3228.55,3228.75,ETH
2026-01-06 10:49:09+00:00,2026-01-06 10:57:41.555849+00:00,249.0,3228.591,3228.55,3228.75,ETH
2026-01-06 10:49:10+00:00,2026-01-06 10:57:42.568249+00:00,250.0,3228.691,3228.56,3228.75,ETH
2026-01-06 10:49:11+00:00,2026-01-06 10:57:43.571966+00:00,251.0,3228.421,3228.38,3228.75,ETH
2026-01-06 10:49:12+00:00,2026-01-06 10:57:44.581779+00:00,252.0,3228.351,3228.35,3228.75,ETH
2026-01-06 10:49:13+00:00,2026-01-06 10:57:45.583321+00:00,253.0,3228.421,3228.39,3228.75,ETH
2026-01-06 10:49:14+00:00,2026-01-06 10:57:46.604004+00:00,254.0,3228.331,3228.32,3228.36,ETH
2026-01-06 10:49:15+00:00,2026-01-06 10:57:47.617140+00:00,255.0,3228.331,3228.33,3228.49,ETH
2026-01-06 10:49:16+00:00,2026-01-06 10:57:48.621072+00:00,256.0,3228.481,3228.41,3228.62,ETH
2026-01-06 10:49:17+00:00,2026-01-06 10:57:49.638234+00:00,257.0,3228.651,3228.61,3228.74,ETH
2026-01-06 10:49:18+00:00,2026-01-06 10:57:50.647626+00:00,258.0,3228.581,3228.42,3228.72,ETH
2026-01-06 10:49:19+00:00,2026-01-06 10:57:51.637740+00:00,259.0,3228.571,3228.42,3228.72,ETH
2026-01-06 10:49:20+00:00,2026-01-06 10:57:52.635321+00:00,260.0,3228.501,3228.49,3228.72,ETH
2026-01-06 10:49:21+00:00,2026-01-06 10:57:53.646701+00:00,261.0,3228.501,3228.49,3228.83,ETH
2026-01-06 10:49:22+00:00,2026-01-06 10:57:55.650512+00:00,262.0,3228.501,3228.49,3228.63,ETH
2026-01-06 10:49:23+00:00,2026-01-06 10:57:56.649571+00:00,263.0,3228.501,3228.49,3228.64,ETH
2026-01-06 10:49:24+00:00,2026-01-06 10:57:57.636289+00:00,264.0,3228.481,3228.46,3228.57,ETH
2026-01-06 10:49:25+00:00,2026-01-06 10:57:58.636951+00:00,265.0,3228.461,3228.42,3228.5,ETH
2026-01-06 10:49:26+00:00,2026-01-06 10:57:59.653674+00:00,266.0,3228.471,3228.44,3228.51,ETH
2026-01-06 10:49:27+00:00,2026-01-06 10:58:00.655766+00:00,267.0,3228.491,3228.45,3228.53,ETH
2026-01-06 10:49:29+00:00,2026-01-06 10:58:01.767823+00:00,269.0,3228.491,3228.45,3228.56,ETH
2026-01-06 10:49:30+00:00,2026-01-06 10:58:03.665322+00:00,270.0,3228.491,3228.46,3228.57,ETH
2026-01-06 10:49:32+00:00,2026-01-06 10:58:04.712859+00:00,272.0,3228.491,3228.46,3228.57,ETH
2026-01-06 10:49:33+00:00,2026-01-06 10:58:05.702851+00:00,273.0,3228.461,3228.43,3228.62,ETH
2026-01-06 10:49:34+00:00,2026-01-06 10:58:06.706074+00:00,274.0,3228.431,3228.39,3228.49,ETH
2026-01-06 10:49:35+00:00,2026-01-06 10:58:07.723135+00:00,275.0,3228.461,3228.42,3228.54,ETH
2026-01-06 10:49:36+00:00,2026-01-06 10:58:08.736175+00:00,276.0,3228.271,3228.23,3228.53,ETH
2026-01-06 10:49:37+00:00,2026-01-06 10:58:09.738128+00:00,277.0,3228.011,3227.94,3228.04,ETH
2026-01-06 10:49:38+00:00,2026-01-06 10:58:10.732013+00:00,278.0,3227.961,3227.88,3228.01,ETH
2026-01-06 10:49:39+00:00,2026-01-06 10:58:11.752651+00:00,279.0,3227.871,3227.83,3228.02,ETH
2026-01-06 10:49:40+00:00,2026-01-06 10:58:12.754018+00:00,280.0,3227.821,3227.78,3227.86,ETH
2026-01-06 10:49:41+00:00,2026-01-06 10:58:13.770035+00:00,281.0,3227.791,3227.75,3227.85,ETH
2026-01-06 10:49:42+00:00,2026-01-06 10:58:14.787227+00:00,282.0,3227.851,3227.77,3227.93,ETH
2026-01-06 10:49:43+00:00,2026-01-06 10:58:15.786157+00:00,283.0,3227.761,3227.73,3227.8,ETH
2026-01-06 10:49:44+00:00,2026-01-06 10:58:16.781729+00:00,284.0,3227.781,3227.77,3227.83,ETH
2026-01-06 10:49:45+00:00,2026-01-06 10:58:17.787557+00:00,285.0,3227.781,3227.77,3227.85,ETH
2026-01-06 10:49:46+00:00,2026-01-06 10:58:18.785343+00:00,286.0,3227.531,3227.52,3227.82,ETH
2026-01-06 10:49:47+00:00,2026-01-06 10:58:20.804439+00:00,287.0,3227.511,3227.5,3227.63,ETH
2026-01-06 10:49:48+00:00,2026-01-06 10:58:21.806908+00:00,288.0,3227.461,3227.43,3227.51,ETH
2026-01-06 10:49:49+00:00,2026-01-06 10:58:22.796415+00:00,289.0,3227.421,3227.35,3227.5,ETH
2026-01-06 10:49:50+00:00,2026-01-06 10:58:23.817410+00:00,290.0,3227.371,3227.31,3227.48,ETH
2026-01-06 10:49:51+00:00,2026-01-06 10:58:24.818337+00:00,291.0,3227.271,3227.25,3227.36,ETH
2026-01-06 10:49:52+00:00,2026-01-06 10:58:25.819218+00:00,292.0,3227.191,3227.15,3227.25,ETH
2026-01-06 10:49:53+00:00,2026-01-06 10:58:26.822959+00:00,293.0,3227.131,3227.09,3227.25,ETH
2026-01-06 10:49:54+00:00,2026-01-06 10:58:27.819914+00:00,294.0,3227.081,3227.05,3227.25,ETH
2026-01-06 10:49:55+00:00,2026-01-06 10:58:28.798721+00:00,295.0,3227.081,3227.05,3227.25,ETH
2026-01-06 10:49:56+00:00,2026-01-06 10:58:29.855632+00:00,296.0,3227.111,3227.08,3227.25,ETH
2026-01-06 10:49:57+00:00,2026-01-06 10:58:30.852276+00:00,297.0,3227.131,3227.09,3227.25,ETH
2026-01-06 10:49:58+00:00,2026-01-06 10:58:31.860688+00:00,298.0,3227.131,3227.09,3227.25,ETH
2026-01-06 10:49:59+00:00,2026-01-06 10:58:32.852476+00:00,299.0,3227.151,3227.1,3227.25,ETH
2026-01-06 10:50:00+00:00,2026-01-06 10:58:33.861904+00:00,300.0,3227.161,3227.11,3227.25,ETH
2026-01-06 10:50:01+00:00,2026-01-06 10:58:34.872792+00:00,301.0,3227.121,3227.08,3227.25,ETH
2026-01-06 10:50:02+00:00,2026-01-06 10:58:35.884062+00:00,302.0,3227.141,3227.07,3227.25,ETH
2026-01-06 10:50:03+00:00,2026-01-06 10:58:36.903358+00:00,303.0,3227.151,3227.06,3227.2,ETH
2026-01-06 10:50:04+00:00,2026-01-06 10:58:37.917130+00:00,304.0,3227.101,3227.03,3227.14,ETH
2026-01-06 10:50:05+00:00,2026-01-06 10:58:38.935083+00:00,305.0,3227.021,3226.96,3227.12,ETH
2026-01-06 10:50:06+00:00,2026-01-06 10:58:39.948560+00:00,306.0,3226.991,3226.95,3227.1,ETH
2026-01-06 10:50:07+00:00,2026-01-06 10:58:40.967236+00:00,307.0,3227.071,3227.0,3227.11,ETH
2026-01-06 10:50:08+00:00,2026-01-06 10:58:41.987000+00:00,308.0,3227.051,3226.99,3227.11,ETH
2026-01-06 10:50:09+00:00,2026-01-06 10:58:42.982599+00:00,309.0,3227.021,3226.99,3227.1,ETH
2026-01-06 10:50:10+00:00,2026-01-06 10:58:43.998298+00:00,310.0,3227.031,3227.0,3227.1,ETH
2026-01-06 10:50:11+00:00,2026-01-06 10:58:45.007943+00:00,311.0,3227.041,3227.0,3227.1,ETH
2026-01-06 10:50:12+00:00,2026-01-06 10:58:46.000367+00:00,312.0,3227.051,3226.98,3227.1,ETH
2026-01-06 10:50:13+00:00,2026-01-06 10:58:47.014985+00:00,313.0,3227.011,3226.97,3227.1,ETH
2026-01-06 10:50:14+00:00,2026-01-06 10:58:48.018734+00:00,314.0,3227.001,3226.96,3227.1,ETH
2026-01-06 10:50:15+00:00,2026-01-06 10:58:49.019577+00:00,315.0,3226.891,3226.86,3227.1,ETH
2026-01-06 10:50:16+00:00,2026-01-06 10:58:50.014291+00:00,316.0,3227.061,3226.99,3227.1,ETH
2026-01-06 10:50:17+00:00,2026-01-06 10:58:51.015281+00:00,317.0,3227.041,3226.94,3227.11,ETH
2026-01-06 10:50:18+00:00,2026-01-06 10:58:52.028317+00:00,318.0,3227.021,3226.95,3227.11,ETH
2026-01-06 10:50:19+00:00,2026-01-06 10:58:53.051618+00:00,319.0,3227.031,3226.9,3227.36,ETH
2026-01-06 10:50:20+00:00,2026-01-06 10:58:54.048521+00:00,320.0,3226.881,3226.85,3227.1,ETH
2026-01-06 10:50:21+00:00,2026-01-06 10:58:55.068183+00:00,321.0,3227.031,3226.96,3227.1,ETH
2026-01-06 10:50:22+00:00,2026-01-06 10:58:56.068478+00:00,322.0,3227.021,3226.97,3227.1,ETH
2026-01-06 10:50:23+00:00,2026-01-06 10:58:57.069539+00:00,323.0,3227.021,3226.97,3227.1,ETH
2026-01-06 10:50:24+00:00,2026-01-06 10:58:58.099434+00:00,324.0,3227.031,3226.97,3227.1,ETH
2026-01-06 10:50:25+00:00,2026-01-06 10:58:59.100109+00:00,325.0,3227.041,3226.97,3227.1,ETH
2026-01-06 10:50:26+00:00,2026-01-06 10:59:00.102821+00:00,326.0,3226.961,3226.92,3227.1,ETH
2026-01-06 10:50:27+00:00,2026-01-06 10:59:01.271294+00:00,327.0,3226.951,3226.91,3227.1,ETH
2026-01-06 10:50:28+00:00,2026-01-06 10:59:02.287304+00:00,328.0,3226.941,3226.9,3227.1,ETH
2026-01-06 10:50:29+00:00,2026-01-06 10:59:03.286055+00:00,329.0,3226.961,3226.93,3227.1,ETH
2026-01-06 10:50:30+00:00,2026-01-06 10:59:04.299684+00:00,330.0,3226.991,3226.95,3227.1,ETH
2026-01-06 10:50:31+00:00,2026-01-06 10:59:05.304662+00:00,331.0,3226.981,3226.94,3227.1,ETH
2026-01-06 10:50:32+00:00,2026-01-06 10:59:06.318005+00:00,332.0,3226.941,3226.91,3227.1,ETH
2026-01-06 10:50:33+00:00,2026-01-06 10:59:07.342976+00:00,333.0,3226.941,3226.92,3227.1,ETH
2026-01-06 10:50:34+00:00,2026-01-06 10:59:08.351975+00:00,334.0,3226.971,3226.94,3227.1,ETH
2026-01-06 10:50:35+00:00,2026-01-06 10:59:09.353799+00:00,335.0,3226.971,3226.94,3227.1,ETH
2026-01-06 10:50:36+00:00,2026-01-06 10:59:10.364337+00:00,336.0,3226.991,3226.95,3227.1,ETH
2026-01-06 10:50:37+00:00,2026-01-06 10:59:11.366259+00:00,337.0,3227.011,3226.96,3227.1,ETH
2026-01-06 10:50:38+00:00,2026-01-06 10:59:12.366376+00:00,338.0,3227.031,3226.96,3227.1,ETH
2026-01-06 10:50:39+00:00,2026-01-06 10:59:13.385953+00:00,339.0,3227.021,3226.96,3227.22,ETH
2026-01-06 10:50:40+00:00,2026-01-06 10:59:14.384051+00:00,340.0,3226.971,3226.93,3227.26,ETH
2026-01-06 10:50:41+00:00,2026-01-06 10:59:15.404477+00:00,341.0,3226.981,3226.93,3227.18,ETH
2026-01-06 10:50:42+00:00,2026-01-06 10:59:16.418811+00:00,342.0,3227.021,3226.96,3227.18,ETH
2026-01-06 10:50:43+00:00,2026-01-06 10:59:17.434516+00:00,343.0,3227.021,3226.96,3227.15,ETH
2026-01-06 10:50:44+00:00,2026-01-06 10:59:18.433410+00:00,344.0,3227.011,3226.96,3227.07,ETH
2026-01-06 10:50:45+00:00,2026-01-06 10:59:19.447639+00:00,345.0,3227.011,3226.97,3227.16,ETH
2026-01-06 10:50:46+00:00,2026-01-06 10:59:20.479769+00:00,346.0,3227.141,3227.06,3227.29,ETH
2026-01-06 10:50:47+00:00,2026-01-06 10:59:21.468710+00:00,347.0,3227.161,3227.08,3227.29,ETH
2026-01-06 10:50:48+00:00,2026-01-06 10:59:22.499600+00:00,348.0,3227.141,3227.08,3227.29,ETH
2026-01-06 10:50:49+00:00,2026-01-06 10:59:23.484492+00:00,349.0,3227.211,3227.13,3227.29,ETH
2026-01-06 10:50:50+00:00,2026-01-06 10:59:24.501973+00:00,350.0,3227.161,3227.11,3227.29,ETH
2026-01-06 10:50:51+00:00,2026-01-06 10:59:25.501042+00:00,351.0,3227.161,3227.11,3227.29,ETH
2026-01-06 10:50:52+00:00,2026-01-06 10:59:26.512195+00:00,352.0,3227.291,3227.17,3227.44,ETH
2026-01-06 10:50:53+00:00,2026-01-06 10:59:27.517620+00:00,353.0,3227.351,3227.21,3227.58,ETH
2026-01-06 10:50:54+00:00,2026-01-06 10:59:28.531659+00:00,354.0,3227.391,3227.24,3227.58,ETH
2026-01-06 10:50:55+00:00,2026-01-06 10:59:29.551646+00:00,355.0,3227.481,3227.27,3227.59,ETH
2026-01-06 10:50:56+00:00,2026-01-06 10:59:30.550450+00:00,356.0,3227.531,3227.33,3227.63,ETH
2026-01-06 10:50:57+00:00,2026-01-06 10:59:31.565875+00:00,357.0,3227.551,3227.44,3227.61,ETH
2026-01-06 10:50:58+00:00,2026-01-06 10:59:32.583892+00:00,358.0,3227.551,3227.5,3227.6,ETH
2026-01-06 10:50:59+00:00,2026-01-06 10:59:33.584550+00:00,359.0,3227.581,3227.5,3227.62,ETH
2026-01-06 10:51:00+00:00,2026-01-06 10:59:34.581069+00:00,360.0,3227.601,3227.5,3227.71,ETH
2026-01-06 10:51:01+00:00,2026-01-06 10:59:35.590393+00:00,361.0,3227.651,3227.51,3227.77,ETH
2026-01-06 10:51:02+00:00,2026-01-06 10:59:36.597965+00:00,362.0,3227.671,3227.51,3227.73,ETH
2026-01-06 10:51:03+00:00,2026-01-06 10:59:37.595844+00:00,363.0,3227.681,3227.52,3227.73,ETH
2026-01-06 10:51:04+00:00,2026-01-06 10:59:38.599579+00:00,364.0,3227.741,3227.63,3227.87,ETH
2026-01-06 10:51:05+00:00,2026-01-06 10:59:39.612811+00:00,365.0,3227.851,3227.81,3228.01,ETH
2026-01-06 10:51:06+00:00,2026-01-06 10:59:40.611153+00:00,366.0,3227.931,3227.91,3228.07,ETH
2026-01-06 10:51:07+00:00,2026-01-06 10:59:41.629127+00:00,367.0,3228.031,3227.98,3228.25,ETH
2026-01-06 10:51:08+00:00,2026-01-06 10:59:42.636648+00:00,368.0,3228.171,3228.09,3228.39,ETH
2026-01-06 10:51:09+00:00,2026-01-06 10:59:43.647593+00:00,369.0,3228.311,3228.25,3228.41,ETH
2026-01-06 10:51:10+00:00,2026-01-06 10:59:44.634180+00:00,370.0,3228.391,3228.35,3228.43,ETH
2026-01-06 10:51:11+00:00,2026-01-06 10:59:45.662223+00:00,371.0,3228.501,3228.41,3228.62,ETH
2026-01-06 10:51:12+00:00,2026-01-06 10:59:46.664697+00:00,372.0,3228.591,3228.48,3228.81,ETH
2026-01-06 10:51:13+00:00,2026-01-06 10:59:47.669212+00:00,373.0,3228.641,3228.52,3228.81,ETH
2026-01-06 10:51:14+00:00,2026-01-06 10:59:48.665326+00:00,374.0,3228.691,3228.57,3228.8,ETH
2026-01-06 10:51:15+00:00,2026-01-06 10:59:49.664855+00:00,375.0,3228.701,3228.58,3228.79,ETH
2026-01-06 10:51:16+00:00,2026-01-06 10:59:50.677379+00:00,376.0,3228.731,3228.58,3228.79,ETH
2026-01-06 10:51:17+00:00,2026-01-06 10:59:51.682324+00:00,377.0,3228.741,3228.58,3228.79,ETH
2026-01-06 10:51:18+00:00,2026-01-06 10:59:52.694209+00:00,378.0,3228.841,3228.63,3228.98,ETH
2026-01-06 10:51:19+00:00,2026-01-06 10:59:53.697062+00:00,379.0,3229.031,3228.85,3229.19,ETH
2026-01-06 10:51:20+00:00,2026-01-06 10:59:54.719611+00:00,380.0,3229.131,3228.99,3229.2,ETH
2026-01-06 10:51:21+00:00,2026-01-06 10:59:55.712221+00:00,381.0,3229.121,3228.98,3229.2,ETH
2026-01-06 10:51:22+00:00,2026-01-06 10:59:56.718014+00:00,382.0,3229.171,3229.0,3229.26,ETH
2026-01-06 10:51:23+00:00,2026-01-06 10:59:57.717145+00:00,383.0,3229.241,3229.12,3229.33,ETH
2026-01-06 10:51:24+00:00,2026-01-06 10:59:58.719205+00:00,384.0,3229.301,3229.21,3229.38,ETH
2026-01-06 10:51:25+00:00,2026-01-06 10:59:59.724456+00:00,385.0,3229.321,3229.21,3229.44,ETH
2026-01-06 10:51:26+00:00,2026-01-06 11:00:00.717686+00:00,386.0,3229.321,3229.2,3229.44,ETH
2026-01-06 10:51:27+00:00,2026-01-06 11:00:01.727377+00:00,387.0,3229.321,3229.18,3229.43,ETH
2026-01-06 10:51:28+00:00,2026-01-06 11:00:02.728193+00:00,388.0,3229.321,3229.18,3229.44,ETH
2026-01-06 10:51:29+00:00,2026-01-06 11:00:03.744564+00:00,389.0,3229.321,3229.18,3229.49,ETH
2026-01-06 10:51:30+00:00,2026-01-06 11:00:04.759807+00:00,390.0,3229.331,3229.19,3229.53,ETH
2026-01-06 10:51:31+00:00,2026-01-06 11:00:05.766056+00:00,391.0,3229.331,3229.19,3229.53,ETH
2026-01-06 10:51:32+00:00,2026-01-06 11:00:06.762339+00:00,392.0,3229.341,3229.2,3229.52,ETH
2026-01-06 10:51:33+00:00,2026-01-06 11:00:07.782464+00:00,393.0,3229.351,3229.2,3229.51,ETH
2026-01-06 10:51:34+00:00,2026-01-06 11:00:08.779293+00:00,394.0,3229.371,3229.2,3229.51,ETH
2026-01-06 10:51:35+00:00,2026-01-06 11:00:09.797399+00:00,395.0,3229.391,3229.21,3229.51,ETH
2026-01-06 10:51:36+00:00,2026-01-06 11:00:10.777672+00:00,396.0,3229.391,3229.21,3229.52,ETH
2026-01-06 10:51:37+00:00,2026-01-06 11:00:11.782282+00:00,397.0,3229.391,3229.21,3229.52,ETH
2026-01-06 10:51:38+00:00,2026-01-06 11:00:12.797750+00:00,398.0,3229.391,3229.21,3229.52,ETH
2026-01-06 10:51:39+00:00,2026-01-06 11:00:13.817016+00:00,399.0,3229.391,3229.21,3229.52,ETH
2026-01-06 10:51:40+00:00,2026-01-06 11:00:14.828669+00:00,400.0,3229.391,3229.21,3229.52,ETH
2026-01-06 10:51:41+00:00,2026-01-06 11:00:15.830248+00:00,401.0,3229.381,3229.21,3229.47,ETH
2026-01-06 10:51:42+00:00,2026-01-06 11:00:16.848144+00:00,402.0,3229.371,3229.21,3229.46,ETH
2026-01-06 10:51:43+00:00,2026-01-06 11:00:17.836978+00:00,403.0,3229.371,3229.2,3229.5,ETH
2026-01-06 10:51:44+00:00,2026-01-06 11:00:18.836340+00:00,404.0,3229.331,3229.2,3229.5,ETH
2026-01-06 10:51:45+00:00,2026-01-06 11:00:19.831721+00:00,405.0,3229.271,3229.2,3229.38,ETH
2026-01-06 10:51:46+00:00,2026-01-06 11:00:20.853898+00:00,406.0,3229.221,3229.18,3229.25,ETH
2026-01-06 10:51:47+00:00,2026-01-06 11:00:21.863813+00:00,407.0,3229.211,3229.17,3229.24,ETH
2026-01-06 10:51:48+00:00,2026-01-06 11:00:22.862045+00:00,408.0,3229.241,3229.1,3229.37,ETH
2026-01-06 10:51:49+00:00,2026-01-06 11:00:23.879256+00:00,409.0,3229.161,3229.1,3229.24,ETH
2026-01-06 10:51:50+00:00,2026-01-06 11:00:24.883478+00:00,410.0,3229.161,3229.1,3229.24,ETH
2026-01-06 10:51:51+00:00,2026-01-06 11:00:25.882146+00:00,411.0,3229.141,3229.1,3229.24,ETH
2026-01-06 10:51:52+00:00,2026-01-06 11:00:26.882940+00:00,412.0,3229.161,3229.07,3229.24,ETH
2026-01-06 10:51:53+00:00,2026-01-06 11:00:27.881041+00:00,413.0,3229.161,3229.07,3229.24,ETH
2026-01-06 10:51:54+00:00,2026-01-06 11:00:28.877738+00:00,414.0,3229.181,3229.07,3229.24,ETH
2026-01-06 10:51:55+00:00,2026-01-06 11:00:29.881282+00:00,415.0,3229.191,3229.07,3229.24,ETH
2026-01-06 10:51:56+00:00,2026-01-06 11:00:30.882272+00:00,416.0,3229.181,3229.07,3229.24,ETH
2026-01-06 10:51:57+00:00,2026-01-06 11:00:31.879532+00:00,417.0,3229.231,3229.08,3229.25,ETH
2026-01-06 10:51:58+00:00,2026-01-06 11:00:32.878250+00:00,418.0,3229.231,3229.08,3229.25,ETH
2026-01-06 10:51:59+00:00,2026-01-06 11:00:33.882399+00:00,419.0,3229.281,3229.08,3229.47,ETH
2026-01-06 10:52:00+00:00,2026-01-06 11:00:34.896200+00:00,420.0,3229.281,3229.08,3229.47,ETH
2026-01-06 10:52:01+00:00,2026-01-06 11:00:35.898031+00:00,421.0,3229.281,3229.08,3229.43,ETH
2026-01-06 10:52:02+00:00,2026-01-06 11:00:36.927986+00:00,422.0,3229.211,3229.07,3229.32,ETH
2026-01-06 10:52:03+00:00,2026-01-06 11:00:37.931388+00:00,423.0,3229.211,3229.07,3229.25,ETH
2026-01-06 10:52:04+00:00,2026-01-06 11:00:38.928764+00:00,424.0,3229.211,3229.07,3229.28,ETH
2026-01-06 10:52:05+00:00,2026-01-06 11:00:39.945556+00:00,425.0,3229.211,3229.07,3229.27,ETH
2026-01-06 10:52:06+00:00,2026-01-06 11:00:40.960781+00:00,426.0,3229.201,3229.07,3229.24,ETH
2026-01-06 10:52:07+00:00,2026-01-06 11:00:41.977263+00:00,427.0,3229.211,3229.07,3229.26,ETH
2026-01-06 10:52:08+00:00,2026-01-06 11:00:42.964588+00:00,428.0,3229.211,3229.07,3229.25,ETH
2026-01-06 10:52:09+00:00,2026-01-06 11:00:43.984930+00:00,429.0,3229.211,3229.07,3229.25,ETH
2026-01-06 10:52:10+00:00,2026-01-06 11:00:44.981371+00:00,430.0,3229.041,3228.98,3229.09,ETH
2026-01-06 10:52:11+00:00,2026-01-06 11:00:47.047003+00:00,431.0,3229.031,3228.95,3229.21,ETH
2026-01-06 10:52:12+00:00,2026-01-06 11:00:48.061361+00:00,432.0,3229.051,3228.94,3229.3,ETH
2026-01-06 10:52:13+00:00,2026-01-06 11:00:49.067571+00:00,433.0,3229.071,3228.97,3229.23,ETH
2026-01-06 10:52:14+00:00,2026-01-06 11:00:50.059138+00:00,434.0,3229.121,3229.0,3229.25,ETH
2026-01-06 10:52:15+00:00,2026-01-06 11:00:51.081531+00:00,435.0,3229.261,3229.06,3229.42,ETH
2026-01-06 10:52:16+00:00,2026-01-06 11:00:52.098171+00:00,436.0,3229.381,3229.12,3229.59,ETH
2026-01-06 10:52:17+00:00,2026-01-06 11:00:53.107889+00:00,437.0,3229.511,3229.23,3229.76,ETH
2026-01-06 10:52:18+00:00,2026-01-06 11:00:54.129227+00:00,438.0,3229.651,3229.38,3229.94,ETH
2026-01-06 10:52:19+00:00,2026-01-06 11:00:55.141238+00:00,439.0,3229.741,3229.53,3230.03,ETH
2026-01-06 10:52:20+00:00,2026-01-06 11:00:56.150479+00:00,440.0,3229.811,3229.66,3230.06,ETH
2026-01-06 10:52:22+00:00,2026-01-06 11:00:57.199822+00:00,442.0,3229.901,3229.78,3230.09,ETH
2026-01-06 10:52:23+00:00,2026-01-06 11:00:58.215889+00:00,443.0,3230.101,3229.83,3230.23,ETH
2026-01-06 10:52:24+00:00,2026-01-06 11:00:59.190665+00:00,444.0,3230.091,3229.83,3230.23,ETH
2026-01-06 10:52:25+00:00,2026-01-06 11:01:00.192199+00:00,445.0,3230.091,3229.95,3230.23,ETH
2026-01-06 10:52:26+00:00,2026-01-06 11:01:01.211617+00:00,446.0,3230.091,3229.95,3230.23,ETH
2026-01-06 10:52:27+00:00,2026-01-06 11:01:02.201783+00:00,447.0,3230.091,3229.95,3230.23,ETH
2026-01-06 10:52:28+00:00,2026-01-06 11:01:03.198068+00:00,448.0,3230.091,3229.95,3230.34,ETH
2026-01-06 10:52:29+00:00,2026-01-06 11:01:04.190795+00:00,449.0,3230.091,3229.95,3230.25,ETH
2026-01-06 10:52:30+00:00,2026-01-06 11:01:05.228149+00:00,450.0,3230.091,3229.96,3230.24,ETH
2026-01-06 10:52:31+00:00,2026-01-06 11:01:06.213637+00:00,451.0,3230.081,3229.96,3230.27,ETH
2026-01-06 10:52:32+00:00,2026-01-06 11:01:07.201146+00:00,452.0,3230.051,3229.98,3230.09,ETH
2026-01-06 10:52:33+00:00,2026-01-06 11:01:08.187683+00:00,453.0,3230.091,3229.98,3230.13,ETH
2026-01-06 10:52:34+00:00,2026-01-06 11:01:09.202853+00:00,454.0,3230.091,3230.05,3230.26,ETH
2026-01-06 10:52:35+00:00,2026-01-06 11:01:11.224372+00:00,455.0,3230.261,3230.06,3230.37,ETH
2026-01-06 10:52:36+00:00,2026-01-06 11:01:12.220787+00:00,456.0,3230.311,3230.07,3230.41,ETH
2026-01-06 10:52:37+00:00,2026-01-06 11:01:13.227544+00:00,457.0,3230.311,3230.08,3230.5,ETH
2026-01-06 10:52:38+00:00,2026-01-06 11:01:14.226065+00:00,458.0,3230.311,3230.08,3230.56,ETH
2026-01-06 10:52:39+00:00,2026-01-06 11:01:15.231357+00:00,459.0,3230.311,3230.08,3230.47,ETH
2026-01-06 10:52:40+00:00,2026-01-06 11:01:16.242201+00:00,460.0,3230.311,3230.08,3230.37,ETH
2026-01-06 10:52:41+00:00,2026-01-06 11:01:17.243301+00:00,461.0,3230.311,3230.07,3230.37,ETH
2026-01-06 10:52:42+00:00,2026-01-06 11:01:18.258351+00:00,462.0,3230.311,3230.05,3230.41,ETH
2026-01-06 10:52:43+00:00,2026-01-06 11:01:19.266701+00:00,463.0,3230.311,3230.05,3230.44,ETH
2026-01-06 10:52:44+00:00,2026-01-06 11:01:20.257503+00:00,464.0,3230.301,3230.05,3230.48,ETH
2026-01-06 10:52:45+00:00,2026-01-06 11:01:21.262866+00:00,465.0,3230.301,3230.07,3230.48,ETH
2026-01-06 10:52:46+00:00,2026-01-06 11:01:22.278429+00:00,466.0,3230.311,3230.09,3230.43,ETH
2026-01-06 10:52:47+00:00,2026-01-06 11:01:23.279900+00:00,467.0,3230.311,3230.09,3230.42,ETH
2026-01-06 10:52:48+00:00,2026-01-06 11:01:24.284196+00:00,468.0,3230.311,3230.09,3230.41,ETH
2026-01-06 10:52:49+00:00,2026-01-06 11:01:25.275912+00:00,469.0,3230.311,3230.09,3230.38,ETH
2026-01-06 10:52:50+00:00,2026-01-06 11:01:26.280745+00:00,470.0,3230.191,3230.06,3230.36,ETH
2026-01-06 10:52:51+00:00,2026-01-06 11:01:27.300873+00:00,471.0,3230.051,3229.97,3230.21,ETH
2026-01-06 10:52:52+00:00,2026-01-06 11:01:28.296927+00:00,472.0,3229.941,3229.81,3230.07,ETH
2026-01-06 10:52:53+00:00,2026-01-06 11:01:29.308686+00:00,473.0,3229.841,3229.71,3229.96,ETH
2026-01-06 10:52:54+00:00,2026-01-06 11:01:30.315285+00:00,474.0,3229.691,3229.62,3229.86,ETH
2026-01-06 10:52:55+00:00,2026-01-06 11:01:31.326847+00:00,475.0,3229.571,3229.53,3229.86,ETH
2026-01-06 10:52:56+00:00,2026-01-06 11:01:32.328287+00:00,476.0,3229.561,3229.52,3229.86,ETH
2026-01-06 10:52:57+00:00,2026-01-06 11:01:33.335800+00:00,477.0,3229.541,3229.51,3229.86,ETH
2026-01-06 10:52:58+00:00,2026-01-06 11:01:34.341754+00:00,478.0,3229.511,3229.51,3229.86,ETH
2026-01-06 10:52:59+00:00,2026-01-06 11:01:35.359575+00:00,479.0,3229.491,3229.47,3229.66,ETH
2026-01-06 10:53:00+00:00,2026-01-06 11:01:36.363303+00:00,480.0,3229.471,3229.33,3229.65,ETH
2026-01-06 10:53:01+00:00,2026-01-06 11:01:37.374563+00:00,481.0,3229.441,3229.33,3229.65,ETH
2026-01-06 10:53:02+00:00,2026-01-06 11:01:38.377572+00:00,482.0,3229.411,3229.34,3229.65,ETH
2026-01-06 10:53:03+00:00,2026-01-06 11:01:39.387215+00:00,483.0,3229.421,3229.34,3229.57,ETH
2026-01-06 10:53:04+00:00,2026-01-06 11:01:40.391622+00:00,484.0,3229.251,3229.24,3229.56,ETH
2026-01-06 10:53:05+00:00,2026-01-06 11:01:41.398703+00:00,485.0,3229.321,3229.28,3229.53,ETH
2026-01-06 10:53:06+00:00,2026-01-06 11:01:42.410385+00:00,486.0,3229.281,3229.25,3229.53,ETH
2026-01-06 10:53:07+00:00,2026-01-06 11:01:43.411664+00:00,487.0,3229.521,3229.31,3229.78,ETH
2026-01-06 10:53:08+00:00,2026-01-06 11:01:44.409570+00:00,488.0,3229.391,3229.33,3229.85,ETH
2026-01-06 10:53:09+00:00,2026-01-06 11:01:45.408874+00:00,489.0,3229.601,3229.47,3229.93,ETH
2026-01-06 10:53:10+00:00,2026-01-06 11:01:46.427579+00:00,490.0,3229.741,3229.46,3229.93,ETH
2026-01-06 10:53:11+00:00,2026-01-06 11:01:47.425932+00:00,491.0,3229.741,3229.47,3229.98,ETH
2026-01-06 10:53:12+00:00,2026-01-06 11:01:48.425441+00:00,492.0,3229.741,3229.47,3229.93,ETH
2026-01-06 10:53:13+00:00,2026-01-06 11:01:49.423876+00:00,493.0,3229.741,3229.47,3229.93,ETH
2026-01-06 10:53:14+00:00,2026-01-06 11:01:50.427497+00:00,494.0,3229.741,3229.47,3229.94,ETH
2026-01-06 10:53:15+00:00,2026-01-06 11:01:51.427496+00:00,495.0,3229.741,3229.47,3229.93,ETH
2026-01-06 10:53:16+00:00,2026-01-06 11:01:52.432721+00:00,496.0,3229.741,3229.47,3229.93,ETH
2026-01-06 10:53:17+00:00,2026-01-06 11:01:53.441907+00:00,497.0,3229.741,3229.48,3229.93,ETH
2026-01-06 10:53:18+00:00,2026-01-06 11:01:54.441540+00:00,498.0,3229.741,3229.48,3229.93,ETH
2026-01-06 10:53:19+00:00,2026-01-06 11:01:55.445617+00:00,499.0,3229.741,3229.48,3229.93,ETH
2026-01-06 10:53:20+00:00,2026-01-06 11:01:56.431051+00:00,500.0,3229.741,3229.48,3229.93,ETH
2026-01-06 10:53:21+00:00,2026-01-06 11:01:57.447128+00:00,501.0,3229.741,3229.48,3229.93,ETH
2026-01-06 10:53:22+00:00,2026-01-06 11:01:59.458396+00:00,502.0,3229.991,3229.77,3230.22,ETH
2026-01-06 10:53:23+00:00,2026-01-06 11:02:00.460847+00:00,503.0,3230.061,3229.91,3230.25,ETH
2026-01-06 10:53:24+00:00,2026-01-06 11:02:01.459674+00:00,504.0,3230.141,3230.03,3230.33,ETH
2026-01-06 10:53:25+00:00,2026-01-06 11:02:02.474327+00:00,505.0,3230.171,3230.05,3230.38,ETH
2026-01-06 10:53:26+00:00,2026-01-06 11:02:03.480640+00:00,506.0,3230.221,3230.11,3230.47,ETH
2026-01-06 10:53:27+00:00,2026-01-06 11:02:04.494075+00:00,507.0,3230.501,3230.37,3230.72,ETH
2026-01-06 10:53:28+00:00,2026-01-06 11:02:05.480362+00:00,508.0,3230.781,3230.61,3230.89,ETH
2026-01-06 10:53:29+00:00,2026-01-06 11:02:06.509510+00:00,509.0,3230.801,3230.65,3230.93,ETH
2026-01-06 10:53:30+00:00,2026-01-06 11:02:07.511794+00:00,510.0,3230.811,3230.65,3230.94,ETH
2026-01-06 10:53:31+00:00,2026-01-06 11:02:08.497160+00:00,511.0,3230.851,3230.65,3230.94,ETH
2026-01-06 10:53:32+00:00,2026-01-06 11:02:09.512049+00:00,512.0,3230.851,3230.65,3230.94,ETH
2026-01-06 10:53:33+00:00,2026-01-06 11:02:10.521640+00:00,513.0,3230.841,3230.65,3230.94,ETH
2026-01-06 10:53:34+00:00,2026-01-06 11:02:11.523596+00:00,514.0,3230.831,3230.65,3230.95,ETH
2026-01-06 10:53:35+00:00,2026-01-06 11:02:12.535283+00:00,515.0,3230.831,3230.65,3230.96,ETH
2026-01-06 10:53:36+00:00,2026-01-06 11:02:13.543492+00:00,516.0,3230.821,3230.65,3230.96,ETH
2026-01-06 10:53:37+00:00,2026-01-06 11:02:14.577741+00:00,517.0,3230.761,3230.62,3230.91,ETH
2026-01-06 10:53:38+00:00,2026-01-06 11:02:15.583085+00:00,518.0,3230.491,3230.37,3230.65,ETH
2026-01-06 10:53:39+00:00,2026-01-06 11:02:16.570172+00:00,519.0,3230.051,3229.96,3230.22,ETH
2026-01-06 10:53:40+00:00,2026-01-06 11:02:17.576144+00:00,520.0,3229.741,3229.65,3229.92,ETH
2026-01-06 10:53:41+00:00,2026-01-06 11:02:18.579987+00:00,521.0,3229.641,3229.54,3229.88,ETH
2026-01-06 10:53:42+00:00,2026-01-06 11:02:19.593135+00:00,522.0,3229.641,3229.55,3229.96,ETH
2026-01-06 10:53:43+00:00,2026-01-06 11:02:20.594549+00:00,523.0,3229.641,3229.54,3229.92,ETH
2026-01-06 10:53:44+00:00,2026-01-06 11:02:21.590403+00:00,524.0,3229.691,3229.6,3229.83,ETH
2026-01-06 10:53:45+00:00,2026-01-06 11:02:22.604743+00:00,525.0,3229.771,3229.67,3229.84,ETH
2026-01-06 10:53:46+00:00,2026-01-06 11:02:23.589593+00:00,526.0,3229.761,3229.66,3229.83,ETH
2026-01-06 10:53:47+00:00,2026-01-06 11:02:24.591215+00:00,527.0,3229.721,3229.66,3229.92,ETH
2026-01-06 10:53:48+00:00,2026-01-06 11:02:25.605806+00:00,528.0,3229.711,3229.66,3230.0,ETH
2026-01-06 10:53:49+00:00,2026-01-06 11:02:26.603913+00:00,529.0,3229.451,3229.37,3229.65,ETH
2026-01-06 10:53:50+00:00,2026-01-06 11:02:27.710830+00:00,530.0,3229.431,3229.39,3229.57,ETH
2026-01-06 10:53:51+00:00,2026-01-06 11:02:28.707207+00:00,531.0,3229.391,3229.35,3229.5,ETH
2026-01-06 10:53:52+00:00,2026-01-06 11:02:29.719843+00:00,532.0,3229.391,3229.35,3229.5,ETH
2026-01-06 10:53:53+00:00,2026-01-06 11:02:30.738219+00:00,533.0,3229.431,3229.36,3229.5,ETH
2026-01-06 10:53:54+00:00,2026-01-06 11:02:31.740683+00:00,534.0,3229.471,3229.37,3229.51,ETH
2026-01-06 10:53:55+00:00,2026-01-06 11:02:32.744486+00:00,535.0,3229.471,3229.37,3229.51,ETH
2026-01-06 10:53:56+00:00,2026-01-06 11:02:33.755413+00:00,536.0,3229.461,3229.37,3229.51,ETH
2026-01-06 10:53:57+00:00,2026-01-06 11:02:34.739790+00:00,537.0,3229.311,3229.26,3229.43,ETH
2026-01-06 10:53:58+00:00,2026-01-06 11:02:35.758787+00:00,538.0,3229.321,3229.22,3229.43,ETH
2026-01-06 10:53:59+00:00,2026-01-06 11:02:36.758380+00:00,539.0,3229.401,3229.26,3229.46,ETH
2026-01-06 10:54:00+00:00,2026-01-06 11:02:37.760275+00:00,540.0,3229.311,3229.22,3229.39,ETH
2026-01-06 10:54:01+00:00,2026-01-06 11:02:38.772364+00:00,541.0,3229.161,3229.13,3229.34,ETH
2026-01-06 10:54:02+00:00,2026-01-06 11:02:39.769527+00:00,542.0,3229.201,3229.12,3229.36,ETH
2026-01-06 10:54:03+00:00,2026-01-06 11:02:40.788007+00:00,543.0,3229.331,3229.18,3229.39,ETH
2026-01-06 10:54:04+00:00,2026-01-06 11:02:41.792439+00:00,544.0,3229.321,3229.17,3229.37,ETH
2026-01-06 10:54:05+00:00,2026-01-06 11:02:42.814713+00:00,545.0,3229.321,3229.17,3229.37,ETH
2026-01-06 10:54:06+00:00,2026-01-06 11:02:43.809241+00:00,546.0,3229.311,3229.17,3229.39,ETH
2026-01-06 10:54:07+00:00,2026-01-06 11:02:44.822646+00:00,547.0,3229.311,3229.17,3229.39,ETH
2026-01-06 10:54:08+00:00,2026-01-06 11:02:45.831370+00:00,548.0,3229.211,3229.13,3229.34,ETH
2026-01-06 10:54:09+00:00,2026-01-06 11:02:46.843807+00:00,549.0,3229.101,3229.1,3229.3,ETH
2026-01-06 10:54:10+00:00,2026-01-06 11:02:47.837846+00:00,550.0,3229.101,3229.1,3229.31,ETH
2026-01-06 10:54:11+00:00,2026-01-06 11:02:48.857662+00:00,551.0,3229.101,3229.1,3229.34,ETH
2026-01-06 10:54:12+00:00,2026-01-06 11:02:49.877583+00:00,552.0,3229.101,3229.1,3229.37,ETH
2026-01-06 10:54:13+00:00,2026-01-06 11:02:50.891233+00:00,553.0,3229.101,3229.1,3229.3,ETH
2026-01-06 10:54:14+00:00,2026-01-06 11:02:51.896134+00:00,554.0,3229.101,3229.1,3229.29,ETH
2026-01-06 10:54:15+00:00,2026-01-06 11:02:52.897476+00:00,555.0,3229.101,3229.1,3229.29,ETH
2026-01-06 10:54:16+00:00,2026-01-06 11:02:53.889596+00:00,556.0,3229.101,3229.1,3229.29,ETH
2026-01-06 10:54:17+00:00,2026-01-06 11:02:54.888029+00:00,557.0,3229.101,3229.1,3229.31,ETH
2026-01-06 10:54:18+00:00,2026-01-06 11:02:55.893348+00:00,558.0,3229.331,3229.22,3229.41,ETH
2026-01-06 10:54:19+00:00,2026-01-06 11:02:56.901766+00:00,559.0,3229.311,3229.23,3229.49,ETH
2026-01-06 10:54:20+00:00,2026-01-06 11:02:57.911838+00:00,560.0,3229.331,3229.22,3229.5,ETH
2026-01-06 10:54:21+00:00,2026-01-06 11:02:58.919959+00:00,561.0,3229.311,3229.22,3229.5,ETH
2026-01-06 10:54:22+00:00,2026-01-06 11:02:59.926027+00:00,562.0,3229.331,3229.24,3229.61,ETH
2026-01-06 10:54:23+00:00,2026-01-06 11:03:00.925790+00:00,563.0,3229.361,3229.24,3229.6,ETH
2026-01-06 10:54:24+00:00,2026-01-06 11:03:01.926009+00:00,564.0,3229.361,3229.24,3229.64,ETH
2026-01-06 10:54:25+00:00,2026-01-06 11:03:02.943062+00:00,565.0,3229.231,3229.14,3229.63,ETH
2026-01-06 10:54:26+00:00,2026-01-06 11:03:03.929434+00:00,566.0,3229.231,3229.14,3229.62,ETH
2026-01-06 10:54:27+00:00,2026-01-06 11:03:04.944489+00:00,567.0,3228.891,3228.8,3228.96,ETH
2026-01-06 10:54:28+00:00,2026-01-06 11:03:05.945178+00:00,568.0,3228.891,3228.72,3228.96,ETH
2026-01-06 10:54:29+00:00,2026-01-06 11:03:06.938521+00:00,569.0,3228.891,3228.71,3228.9,ETH
2026-01-06 10:54:30+00:00,2026-01-06 11:03:07.929916+00:00,570.0,3228.891,3228.71,3228.9,ETH
2026-01-06 10:54:31+00:00,2026-01-06 11:03:08.942668+00:00,571.0,3228.741,3228.57,3228.8,ETH
2026-01-06 10:54:32+00:00,2026-01-06 11:03:09.940467+00:00,572.0,3228.741,3228.56,3228.75,ETH
2026-01-06 10:54:33+00:00,2026-01-06 11:03:10.952745+00:00,573.0,3228.741,3228.55,3228.75,ETH
2026-01-06 10:54:34+00:00,2026-01-06 11:03:11.955751+00:00,574.0,3228.741,3228.55,3228.75,ETH
2026-01-06 10:54:35+00:00,2026-01-06 11:03:12.973372+00:00,575.0,3228.741,3228.55,3228.75,ETH
2026-01-06 10:54:36+00:00,2026-01-06 11:03:14.976363+00:00,576.0,3228.741,3228.56,3228.75,ETH
2026-01-06 10:54:37+00:00,2026-01-06 11:03:15.977755+00:00,577.0,3228.751,3228.57,3228.78,ETH
2026-01-06 10:54:38+00:00,2026-01-06 11:03:16.988621+00:00,578.0,3228.761,3228.59,3228.82,ETH
2026-01-06 10:54:39+00:00,2026-01-06 11:03:18.001170+00:00,579.0,3228.761,3228.6,3228.84,ETH
2026-01-06 10:54:40+00:00,2026-01-06 11:03:19.003051+00:00,580.0,3228.761,3228.61,3228.93,ETH
2026-01-06 10:54:41+00:00,2026-01-06 11:03:20.018087+00:00,581.0,3228.771,3228.63,3229.05,ETH
2026-01-06 10:54:42+00:00,2026-01-06 11:03:21.022090+00:00,582.0,3228.771,3228.65,3229.1,ETH
2026-01-06 10:54:43+00:00,2026-01-06 11:03:22.044906+00:00,583.0,3228.771,3228.65,3229.09,ETH
2026-01-06 10:54:44+00:00,2026-01-06 11:03:23.044926+00:00,584.0,3228.771,3228.65,3229.1,ETH
2026-01-06 10:54:45+00:00,2026-01-06 11:03:24.040860+00:00,585.0,3228.761,3228.65,3229.09,ETH
2026-01-06 10:54:46+00:00,2026-01-06 11:03:25.044514+00:00,586.0,3228.741,3228.62,3228.92,ETH
2026-01-06 10:54:47+00:00,2026-01-06 11:03:26.085700+00:00,587.0,3228.621,3228.51,3228.67,ETH
2026-01-06 10:54:48+00:00,2026-01-06 11:03:27.084970+00:00,588.0,3228.481,3228.43,3228.55,ETH
2026-01-06 10:54:49+00:00,2026-01-06 11:03:28.091559+00:00,589.0,3228.411,3228.36,3228.53,ETH
2026-01-06 10:54:50+00:00,2026-01-06 11:03:29.091198+00:00,590.0,3228.341,3228.28,3228.53,ETH
2026-01-06 10:54:51+00:00,2026-01-06 11:03:30.136265+00:00,591.0,3228.361,3228.29,3228.53,ETH
2026-01-06 10:54:53+00:00,2026-01-06 11:03:31.187780+00:00,593.0,3228.481,3228.33,3228.53,ETH
2026-01-06 10:54:54+00:00,2026-01-06 11:03:32.190919+00:00,594.0,3228.501,3228.35,3228.54,ETH
2026-01-06 10:54:55+00:00,2026-01-06 11:03:33.190835+00:00,595.0,3228.481,3228.35,3228.63,ETH
2026-01-06 10:54:56+00:00,2026-01-06 11:03:34.196703+00:00,596.0,3228.291,3228.26,3228.53,ETH
2026-01-06 10:54:57+00:00,2026-01-06 11:03:35.204170+00:00,597.0,3228.481,3228.35,3228.53,ETH
2026-01-06 10:54:58+00:00,2026-01-06 11:03:36.187447+00:00,598.0,3228.481,3228.35,3228.53,ETH
2026-01-06 10:54:59+00:00,2026-01-06 11:03:37.207758+00:00,599.0,3228.491,3228.35,3228.53,ETH
2026-01-06 10:55:00+00:00,2026-01-06 11:03:38.232595+00:00,600.0,3228.131,3228.08,3228.39,ETH
2026-01-06 10:55:01+00:00,2026-01-06 11:03:39.231724+00:00,601.0,3227.951,3227.92,3228.22,ETH
2026-01-06 10:55:02+00:00,2026-01-06 11:03:40.267584+00:00,602.0,3227.711,3227.62,3227.72,ETH
2026-01-06 10:55:03+00:00,2026-01-06 11:03:41.289016+00:00,603.0,3227.481,3227.44,3227.71,ETH
2026-01-06 10:55:04+00:00,2026-01-06 11:03:42.264986+00:00,604.0,3227.491,3227.46,3227.73,ETH
2026-01-06 10:55:05+00:00,2026-01-06 11:03:43.276922+00:00,605.0,3227.501,3227.46,3227.73,ETH
2026-01-06 10:55:06+00:00,2026-01-06 11:03:44.281017+00:00,606.0,3227.511,3227.48,3227.73,ETH
2026-01-06 10:55:07+00:00,2026-01-06 11:03:45.285456+00:00,607.0,3227.531,3227.5,3227.73,ETH
2026-01-06 10:55:08+00:00,2026-01-06 11:03:46.297037+00:00,608.0,3227.471,3227.43,3227.73,ETH
2026-01-06 10:55:09+00:00,2026-01-06 11:03:47.304724+00:00,609.0,3227.421,3227.38,3227.73,ETH
2026-01-06 10:55:10+00:00,2026-01-06 11:03:48.298033+00:00,610.0,3227.321,3227.29,3227.6,ETH
2026-01-06 10:55:11+00:00,2026-01-06 11:03:49.300674+00:00,611.0,3227.301,3227.14,3227.43,ETH
2026-01-06 10:55:12+00:00,2026-01-06 11:03:50.315740+00:00,612.0,3227.311,3227.14,3227.39,ETH
2026-01-06 10:55:13+00:00,2026-01-06 11:03:51.319159+00:00,613.0,3227.751,3227.65,3227.76,ETH
2026-01-06 10:55:14+00:00,2026-01-06 11:03:52.317958+00:00,614.0,3227.751,3227.59,3227.8,ETH
2026-01-06 10:55:15+00:00,2026-01-06 11:03:53.327167+00:00,615.0,3227.751,3227.59,3227.91,ETH
2026-01-06 10:55:16+00:00,2026-01-06 11:03:54.320886+00:00,616.0,3227.741,3227.59,3227.78,ETH
2026-01-06 10:55:17+00:00,2026-01-06 11:03:55.323386+00:00,617.0,3227.751,3227.59,3227.77,ETH
2026-01-06 10:55:18+00:00,2026-01-06 11:03:56.326792+00:00,618.0,3227.401,3227.4,3227.47,ETH
2026-01-06 10:55:19+00:00,2026-01-06 11:03:57.388215+00:00,619.0,3227.401,3227.38,3227.58,ETH
2026-01-06 10:55:20+00:00,2026-01-06 11:03:58.412880+00:00,620.0,3227.401,3227.35,3227.59,ETH
2026-01-06 10:55:21+00:00,2026-01-06 11:03:59.427579+00:00,621.0,3227.401,3227.35,3227.56,ETH
2026-01-06 10:55:22+00:00,2026-01-06 11:04:00.427776+00:00,622.0,3227.301,3227.26,3227.41,ETH
2026-01-06 10:55:23+00:00,2026-01-06 11:04:01.428172+00:00,623.0,3227.291,3227.25,3227.41,ETH
2026-01-06 10:55:24+00:00,2026-01-06 11:04:02.419896+00:00,624.0,3227.051,3227.05,3227.26,ETH
2026-01-06 10:55:25+00:00,2026-01-06 11:04:04.456689+00:00,625.0,3227.051,3227.01,3227.31,ETH
2026-01-06 10:55:26+00:00,2026-01-06 11:04:05.442292+00:00,626.0,3227.131,3227.07,3227.27,ETH
2026-01-06 10:55:27+00:00,2026-01-06 11:04:06.452773+00:00,627.0,3227.121,3227.06,3227.25,ETH
2026-01-06 10:55:28+00:00,2026-01-06 11:04:07.473311+00:00,628.0,3227.131,3227.05,3227.25,ETH
2026-01-06 10:55:29+00:00,2026-01-06 11:04:08.473373+00:00,629.0,3227.191,3227.08,3227.26,ETH
2026-01-06 10:55:30+00:00,2026-01-06 11:04:09.490278+00:00,630.0,3227.201,3227.08,3227.27,ETH
2026-01-06 10:55:31+00:00,2026-01-06 11:04:10.473676+00:00,631.0,3227.181,3227.08,3227.26,ETH
2026-01-06 10:55:32+00:00,2026-01-06 11:04:11.482531+00:00,632.0,3227.121,3227.05,3227.23,ETH
2026-01-06 10:55:33+00:00,2026-01-06 11:04:12.473112+00:00,633.0,3227.131,3227.04,3227.23,ETH
2026-01-06 10:55:34+00:00,2026-01-06 11:04:13.488154+00:00,634.0,3227.031,3226.95,3227.11,ETH
2026-01-06 10:55:35+00:00,2026-01-06 11:04:14.489829+00:00,635.0,3226.911,3226.83,3226.98,ETH
2026-01-06 10:55:36+00:00,2026-01-06 11:04:15.502203+00:00,636.0,3226.901,3226.81,3226.98,ETH
2026-01-06 10:55:37+00:00,2026-01-06 11:04:16.504795+00:00,637.0,3226.831,3226.79,3226.98,ETH
2026-01-06 10:55:38+00:00,2026-01-06 11:04:17.522375+00:00,638.0,3226.801,3226.76,3226.98,ETH
2026-01-06 10:55:39+00:00,2026-01-06 11:04:18.600320+00:00,639.0,3226.691,3226.64,3226.81,ETH
2026-01-06 10:55:40+00:00,2026-01-06 11:04:19.613882+00:00,640.0,3226.611,3226.53,3226.66,ETH
2026-01-06 10:55:41+00:00,2026-01-06 11:04:20.635014+00:00,641.0,3226.591,3226.49,3226.66,ETH
2026-01-06 10:55:42+00:00,2026-01-06 11:04:21.656435+00:00,642.0,3226.561,3226.47,3226.66,ETH
2026-01-06 10:55:44+00:00,2026-01-06 11:04:22.716902+00:00,644.0,3226.451,3226.41,3226.66,ETH
2026-01-06 10:55:45+00:00,2026-01-06 11:04:23.707130+00:00,645.0,3226.451,3226.41,3226.66,ETH
2026-01-06 10:55:46+00:00,2026-01-06 11:04:24.729745+00:00,646.0,3226.441,3226.41,3226.66,ETH
2026-01-06 10:55:47+00:00,2026-01-06 11:04:25.722619+00:00,647.0,3226.311,3226.28,3226.66,ETH
2026-01-06 10:55:48+00:00,2026-01-06 11:04:26.721807+00:00,648.0,3226.281,3226.25,3226.66,ETH
2026-01-06 10:55:49+00:00,2026-01-06 11:04:28.714970+00:00,649.0,3226.471,3226.44,3226.58,ETH
2026-01-06 10:55:50+00:00,2026-01-06 11:04:29.715003+00:00,650.0,3226.321,3226.28,3226.57,ETH
2026-01-06 10:55:51+00:00,2026-01-06 11:04:30.738113+00:00,651.0,3226.181,3226.15,3226.57,ETH
2026-01-06 10:55:52+00:00,2026-01-06 11:04:31.742010+00:00,652.0,3226.251,3226.22,3226.57,ETH
2026-01-06 10:55:53+00:00,2026-01-06 11:04:32.754328+00:00,653.0,3226.311,3226.28,3226.57,ETH
2026-01-06 10:55:54+00:00,2026-01-06 11:04:33.750063+00:00,654.0,3226.331,3226.29,3226.57,ETH
2026-01-06 10:55:55+00:00,2026-01-06 11:04:34.752295+00:00,655.0,3226.431,3226.33,3226.71,ETH
2026-01-06 10:55:56+00:00,2026-01-06 11:04:35.773133+00:00,656.0,3226.521,3226.41,3226.89,ETH
2026-01-06 10:55:57+00:00,2026-01-06 11:04:36.775052+00:00,657.0,3226.571,3226.46,3226.93,ETH
2026-01-06 10:55:58+00:00,2026-01-06 11:04:37.773484+00:00,658.0,3226.661,3226.47,3226.93,ETH
2026-01-06 10:55:59+00:00,2026-01-06 11:04:38.772821+00:00,659.0,3226.631,3226.47,3226.86,ETH
2026-01-06 10:56:00+00:00,2026-01-06 11:04:39.771853+00:00,660.0,3226.591,3226.48,3226.87,ETH
2026-01-06 10:56:01+00:00,2026-01-06 11:04:40.774388+00:00,661.0,3227.361,3227.15,3227.53,ETH
2026-01-06 10:56:02+00:00,2026-01-06 11:04:41.787678+00:00,662.0,3228.161,3227.89,3228.26,ETH
2026-01-06 10:56:03+00:00,2026-01-06 11:04:42.799968+00:00,663.0,3228.111,3227.87,3228.37,ETH
2026-01-06 10:56:04+00:00,2026-01-06 11:04:43.808215+00:00,664.0,3227.911,3227.75,3228.26,ETH
2026-01-06 10:56:05+00:00,2026-01-06 11:04:44.816379+00:00,665.0,3227.811,3227.71,3228.18,ETH
2026-01-06 10:56:06+00:00,2026-01-06 11:04:45.814709+00:00,666.0,3227.891,3227.74,3228.17,ETH
2026-01-06 10:56:07+00:00,2026-01-06 11:04:46.817606+00:00,667.0,3227.991,3227.76,3228.19,ETH
2026-01-06 10:56:08+00:00,2026-01-06 11:04:47.823856+00:00,668.0,3228.011,3227.76,3228.17,ETH
2026-01-06 10:56:09+00:00,2026-01-06 11:04:48.832994+00:00,669.0,3228.011,3227.75,3228.14,ETH
2026-01-06 10:56:10+00:00,2026-01-06 11:04:49.822480+00:00,670.0,3228.001,3227.74,3228.14,ETH
2026-01-06 10:56:11+00:00,2026-01-06 11:04:50.832782+00:00,671.0,3227.991,3227.73,3228.15,ETH
2026-01-06 10:56:12+00:00,2026-01-06 11:04:51.823971+00:00,672.0,3227.991,3227.74,3228.15,ETH
2026-01-06 10:56:13+00:00,2026-01-06 11:04:52.848399+00:00,673.0,3228.001,3227.74,3228.14,ETH
2026-01-06 10:56:14+00:00,2026-01-06 11:04:53.851424+00:00,674.0,3228.001,3227.74,3228.15,ETH
2026-01-06 10:56:15+00:00,2026-01-06 11:04:54.856848+00:00,675.0,3227.981,3227.72,3228.14,ETH
2026-01-06 10:56:16+00:00,2026-01-06 11:04:55.872886+00:00,676.0,3227.981,3227.72,3228.15,ETH
2026-01-06 10:56:17+00:00,2026-01-06 11:04:56.868463+00:00,677.0,3227.981,3227.72,3228.16,ETH
2026-01-06 10:56:18+00:00,2026-01-06 11:04:57.894968+00:00,678.0,3227.981,3227.72,3228.15,ETH
2026-01-06 10:56:19+00:00,2026-01-06 11:04:58.892983+00:00,679.0,3227.981,3227.72,3228.21,ETH
2026-01-06 10:56:20+00:00,2026-01-06 11:04:59.884905+00:00,680.0,3228.151,3227.89,3228.41,ETH
2026-01-06 10:56:21+00:00,2026-01-06 11:05:00.897497+00:00,681.0,3228.151,3227.89,3228.41,ETH
2026-01-06 10:56:22+00:00,2026-01-06 11:05:01.899537+00:00,682.0,3228.151,3227.89,3228.41,ETH
2026-01-06 10:56:23+00:00,2026-01-06 11:05:02.899756+00:00,683.0,3228.151,3227.9,3228.41,ETH
2026-01-06 10:56:24+00:00,2026-01-06 11:05:03.919872+00:00,684.0,3228.161,3227.9,3228.44,ETH
2026-01-06 10:56:25+00:00,2026-01-06 11:05:04.920686+00:00,685.0,3228.301,3228.05,3228.49,ETH
2026-01-06 10:56:26+00:00,2026-01-06 11:05:05.935143+00:00,686.0,3228.291,3228.04,3228.47,ETH
2026-01-06 10:56:27+00:00,2026-01-06 11:05:06.940153+00:00,687.0,3228.291,3228.04,3228.47,ETH
2026-01-06 10:56:28+00:00,2026-01-06 11:05:07.935714+00:00,688.0,3228.291,3228.04,3228.44,ETH
2026-01-06 10:56:29+00:00,2026-01-06 11:05:08.939994+00:00,689.0,3228.271,3228.02,3228.44,ETH
2026-01-06 10:56:30+00:00,2026-01-06 11:05:09.958148+00:00,690.0,3228.271,3228.03,3228.44,ETH
2026-01-06 10:56:31+00:00,2026-01-06 11:05:10.954136+00:00,691.0,3228.271,3228.03,3228.46,ETH
2026-01-06 10:56:32+00:00,2026-01-06 11:05:11.967031+00:00,692.0,3228.381,3228.17,3228.54,ETH
2026-01-06 10:56:33+00:00,2026-01-06 11:05:12.985977+00:00,693.0,3228.421,3228.16,3228.68,ETH
2026-01-06 10:56:34+00:00,2026-01-06 11:05:13.985484+00:00,694.0,3228.421,3228.15,3228.68,ETH
2026-01-06 10:56:35+00:00,2026-01-06 11:05:15.004664+00:00,695.0,3228.421,3228.15,3228.68,ETH
2026-01-06 10:56:36+00:00,2026-01-06 11:05:16.006898+00:00,696.0,3228.421,3228.15,3228.72,ETH
2026-01-06 10:56:37+00:00,2026-01-06 11:05:18.002612+00:00,697.0,3228.421,3228.16,3228.69,ETH
2026-01-06 10:56:38+00:00,2026-01-06 11:05:19.000507+00:00,698.0,3228.421,3228.16,3228.68,ETH
2026-01-06 10:56:39+00:00,2026-01-06 11:05:20.019864+00:00,699.0,3228.431,3228.17,3228.68,ETH
2026-01-06 10:56:40+00:00,2026-01-06 11:05:21.012437+00:00,700.0,3228.501,3228.25,3228.72,ETH
2026-01-06 10:56:41+00:00,2026-01-06 11:05:22.035894+00:00,701.0,3228.541,3228.29,3228.76,ETH
2026-01-06 10:56:42+00:00,2026-01-06 11:05:23.033134+00:00,702.0,3228.521,3228.27,3228.77,ETH
2026-01-06 10:56:43+00:00,2026-01-06 11:05:24.032509+00:00,703.0,3228.521,3228.27,3228.76,ETH
2026-01-06 10:56:45+00:00,2026-01-06 11:05:25.199737+00:00,705.0,3228.521,3228.26,3228.77,ETH
2026-01-06 10:56:46+00:00,2026-01-06 11:05:26.207958+00:00,706.0,3228.521,3228.26,3228.81,ETH
2026-01-06 10:56:47+00:00,2026-01-06 11:05:27.236705+00:00,707.0,3228.531,3228.29,3228.88,ETH
2026-01-06 10:56:48+00:00,2026-01-06 11:05:28.211320+00:00,708.0,3228.531,3228.29,3228.88,ETH
2026-01-06 10:56:49+00:00,2026-01-06 11:05:29.214161+00:00,709.0,3228.531,3228.29,3228.86,ETH
2026-01-06 10:56:50+00:00,2026-01-06 11:05:30.221572+00:00,710.0,3228.561,3228.3,3228.87,ETH
2026-01-06 10:56:51+00:00,2026-01-06 11:05:31.222196+00:00,711.0,3228.561,3228.3,3228.88,ETH
2026-01-06 10:56:52+00:00,2026-01-06 11:05:32.234500+00:00,712.0,3228.551,3228.3,3228.88,ETH
2026-01-06 10:56:53+00:00,2026-01-06 11:05:33.247239+00:00,713.0,3228.551,3228.3,3228.88,ETH
2026-01-06 10:56:54+00:00,2026-01-06 11:05:34.277780+00:00,714.0,3228.571,3228.32,3228.88,ETH
2026-01-06 10:56:55+00:00,2026-01-06 11:05:35.267928+00:00,715.0,3228.581,3228.34,3228.87,ETH
2026-01-06 10:56:56+00:00,2026-01-06 11:05:36.261559+00:00,716.0,3228.581,3228.34,3228.87,ETH
2026-01-06 10:56:57+00:00,2026-01-06 11:05:37.265114+00:00,717.0,3228.581,3228.34,3228.87,ETH
2026-01-06 10:56:58+00:00,2026-01-06 11:05:38.273364+00:00,718.0,3228.581,3228.34,3228.87,ETH
2026-01-06 10:56:59+00:00,2026-01-06 11:05:39.286150+00:00,719.0,3228.581,3228.34,3228.87,ETH
2026-01-06 10:57:00+00:00,2026-01-06 11:05:40.264953+00:00,720.0,3228.591,3228.34,3228.87,ETH
2026-01-06 10:57:01+00:00,2026-01-06 11:05:42.286912+00:00,721.0,3228.591,3228.34,3228.87,ETH
2026-01-06 10:57:02+00:00,2026-01-06 11:05:43.303154+00:00,722.0,3228.531,3228.34,3228.81,ETH
2026-01-06 10:57:03+00:00,2026-01-06 11:05:44.305077+00:00,723.0,3228.531,3228.34,3228.85,ETH
2026-01-06 10:57:04+00:00,2026-01-06 11:05:45.301309+00:00,724.0,3228.681,3228.44,3229.0,ETH
2026-01-06 10:57:05+00:00,2026-01-06 11:05:46.318152+00:00,725.0,3228.761,3228.54,3229.06,ETH
2026-01-06 10:57:06+00:00,2026-01-06 11:05:47.317894+00:00,726.0,3228.761,3228.54,3229.06,ETH
2026-01-06 10:57:07+00:00,2026-01-06 11:05:48.331466+00:00,727.0,3228.761,3228.54,3229.06,ETH
2026-01-06 10:57:08+00:00,2026-01-06 11:05:49.333035+00:00,728.0,3228.761,3228.54,3229.05,ETH
2026-01-06 10:57:09+00:00,2026-01-06 11:05:50.339812+00:00,729.0,3228.611,3228.45,3228.76,ETH
2026-01-06 10:57:10+00:00,2026-01-06 11:05:51.352329+00:00,730.0,3228.271,3228.07,3228.43,ETH
2026-01-06 10:57:11+00:00,2026-01-06 11:05:52.368859+00:00,731.0,3228.061,3227.78,3228.34,ETH
2026-01-06 10:57:12+00:00,2026-01-06 11:05:53.384328+00:00,732.0,3228.041,3227.77,3228.29,ETH
2026-01-06 10:57:13+00:00,2026-01-06 11:05:54.379252+00:00,733.0,3228.021,3227.77,3228.28,ETH
2026-01-06 10:57:14+00:00,2026-01-06 11:05:55.382615+00:00,734.0,3228.011,3227.76,3228.27,ETH
2026-01-06 10:57:15+00:00,2026-01-06 11:05:56.382784+00:00,735.0,3228.011,3227.76,3228.26,ETH
2026-01-06 10:57:16+00:00,2026-01-06 11:05:57.388629+00:00,736.0,3228.011,3227.76,3228.26,ETH
2026-01-06 10:57:17+00:00,2026-01-06 11:05:58.400936+00:00,737.0,3228.011,3227.76,3228.26,ETH
2026-01-06 10:57:18+00:00,2026-01-06 11:05:59.404679+00:00,738.0,3228.011,3227.76,3228.26,ETH
2026-01-06 10:57:19+00:00,2026-01-06 11:06:00.417675+00:00,739.0,3228.011,3227.76,3228.26,ETH
2026-01-06 10:57:20+00:00,2026-01-06 11:06:01.414398+00:00,740.0,3228.011,3227.75,3228.24,ETH
2026-01-06 10:57:21+00:00,2026-01-06 11:06:02.414997+00:00,741.0,3227.991,3227.74,3228.23,ETH
2026-01-06 10:57:22+00:00,2026-01-06 11:06:03.419972+00:00,742.0,3227.971,3227.72,3228.21,ETH
2026-01-06 10:57:23+00:00,2026-01-06 11:06:04.432207+00:00,743.0,3227.971,3227.72,3228.19,ETH
2026-01-06 10:57:24+00:00,2026-01-06 11:06:05.413266+00:00,744.0,3227.971,3227.72,3228.19,ETH
2026-01-06 10:57:25+00:00,2026-01-06 11:06:06.440424+00:00,745.0,3227.971,3227.72,3228.21,ETH
2026-01-06 10:57:26+00:00,2026-01-06 11:06:07.431371+00:00,746.0,3228.181,3227.94,3228.4,ETH
2026-01-06 10:57:27+00:00,2026-01-06 11:06:08.435454+00:00,747.0,3228.191,3227.98,3228.3,ETH
2026-01-06 10:57:28+00:00,2026-01-06 11:06:09.452669+00:00,748.0,3228.181,3227.98,3228.3,ETH
2026-01-06 10:57:29+00:00,2026-01-06 11:06:10.448294+00:00,749.0,3228.181,3227.98,3228.32,ETH
2026-01-06 10:57:30+00:00,2026-01-06 11:06:11.454630+00:00,750.0,3228.181,3227.93,3228.31,ETH
2026-01-06 10:57:31+00:00,2026-01-06 11:06:12.454585+00:00,751.0,3228.181,3227.93,3228.3,ETH
2026-01-06 10:57:32+00:00,2026-01-06 11:06:13.471894+00:00,752.0,3228.181,3227.93,3228.33,ETH
2026-01-06 10:57:33+00:00,2026-01-06 11:06:14.451870+00:00,753.0,3228.181,3227.93,3228.33,ETH
2026-01-06 10:57:34+00:00,2026-01-06 11:06:15.487914+00:00,754.0,3228.181,3227.93,3228.36,ETH
2026-01-06 10:57:35+00:00,2026-01-06 11:06:16.498819+00:00,755.0,3228.181,3227.93,3228.32,ETH
2026-01-06 10:57:36+00:00,2026-01-06 11:06:17.511244+00:00,756.0,3228.181,3227.94,3228.36,ETH
2026-01-06 10:57:37+00:00,2026-01-06 11:06:18.518718+00:00,757.0,3228.181,3227.94,3228.33,ETH
2026-01-06 10:57:38+00:00,2026-01-06 11:06:19.498475+00:00,758.0,3228.181,3227.94,3228.32,ETH
2026-01-06 10:57:39+00:00,2026-01-06 11:06:20.500276+00:00,759.0,3228.181,3227.94,3228.32,ETH
2026-01-06 10:57:40+00:00,2026-01-06 11:06:21.500728+00:00,760.0,3228.181,3227.94,3228.3,ETH
2026-01-06 10:57:41+00:00,2026-01-06 11:06:22.514601+00:00,761.0,3228.181,3227.94,3228.36,ETH
2026-01-06 10:57:42+00:00,2026-01-06 11:06:23.518538+00:00,762.0,3228.191,3227.94,3228.33,ETH
2026-01-06 10:57:43+00:00,2026-01-06 11:06:24.529874+00:00,763.0,3228.191,3227.94,3228.34,ETH
2026-01-06 10:57:44+00:00,2026-01-06 11:06:25.532463+00:00,764.0,3228.181,3227.93,3228.31,ETH
2026-01-06 10:57:45+00:00,2026-01-06 11:06:26.548502+00:00,765.0,3228.041,3227.72,3228.22,ETH
2026-01-06 10:57:46+00:00,2026-01-06 11:06:27.553525+00:00,766.0,3228.021,3227.71,3228.22,ETH
2026-01-06 10:57:47+00:00,2026-01-06 11:06:28.606067+00:00,767.0,3228.021,3227.71,3228.19,ETH
2026-01-06 10:57:48+00:00,2026-01-06 11:06:29.616921+00:00,768.0,3228.021,3227.71,3228.23,ETH
2026-01-06 10:57:49+00:00,2026-01-06 11:06:31.614018+00:00,769.0,3228.041,3227.74,3228.23,ETH
2026-01-06 10:57:50+00:00,2026-01-06 11:06:32.618192+00:00,770.0,3228.041,3227.73,3228.24,ETH
2026-01-06 10:57:51+00:00,2026-01-06 11:06:33.616159+00:00,771.0,3228.021,3227.74,3228.22,ETH
2026-01-06 10:57:52+00:00,2026-01-06 11:06:34.615859+00:00,772.0,3228.001,3227.75,3228.19,ETH
2026-01-06 10:57:53+00:00,2026-01-06 11:06:35.624468+00:00,773.0,3228.001,3227.75,3228.16,ETH
2026-01-06 10:57:54+00:00,2026-01-06 11:06:36.628039+00:00,774.0,3228.001,3227.75,3228.13,ETH
2026-01-06 10:57:55+00:00,2026-01-06 11:06:37.644562+00:00,775.0,3228.001,3227.75,3228.12,ETH
2026-01-06 10:57:56+00:00,2026-01-06 11:06:38.648056+00:00,776.0,3228.001,3227.75,3228.15,ETH
2026-01-06 10:57:58+00:00,2026-01-06 11:06:39.701375+00:00,778.0,3227.991,3227.76,3228.16,ETH
2026-01-06 10:57:59+00:00,2026-01-06 11:06:40.716753+00:00,779.0,3227.991,3227.76,3228.14,ETH
2026-01-06 10:58:00+00:00,2026-01-06 11:06:41.697749+00:00,780.0,3227.991,3227.76,3228.1,ETH
2026-01-06 10:58:01+00:00,2026-01-06 11:06:42.707229+00:00,781.0,3227.991,3227.77,3228.18,ETH
2026-01-06 10:58:02+00:00,2026-01-06 11:06:43.695873+00:00,782.0,3227.991,3227.77,3228.11,ETH
2026-01-06 10:58:03+00:00,2026-01-06 11:06:44.707771+00:00,783.0,3227.991,3227.76,3228.13,ETH
2026-01-06 10:58:04+00:00,2026-01-06 11:06:45.701717+00:00,784.0,3227.991,3227.76,3228.22,ETH
2026-01-06 10:58:05+00:00,2026-01-06 11:06:46.709813+00:00,785.0,3227.991,3227.76,3228.06,ETH
2026-01-06 10:58:06+00:00,2026-01-06 11:06:47.710327+00:00,786.0,3227.991,3227.76,3228.09,ETH
2026-01-06 10:58:07+00:00,2026-01-06 11:06:48.718017+00:00,787.0,3227.991,3227.76,3228.15,ETH
2026-01-06 10:58:08+00:00,2026-01-06 11:06:49.730640+00:00,788.0,3228.011,3227.78,3228.25,ETH
2026-01-06 10:58:09+00:00,2026-01-06 11:06:50.745818+00:00,789.0,3228.011,3227.78,3228.25,ETH
2026-01-06 10:58:10+00:00,2026-01-06 11:06:51.766536+00:00,790.0,3228.011,3227.78,3228.25,ETH
2026-01-06 10:58:11+00:00,2026-01-06 11:06:52.760321+00:00,791.0,3228.011,3227.78,3228.25,ETH
2026-01-06 10:58:12+00:00,2026-01-06 11:06:53.787907+00:00,792.0,3228.011,3227.78,3228.25,ETH
2026-01-06 10:58:13+00:00,2026-01-06 11:06:55.779020+00:00,793.0,3228.011,3227.78,3228.24,ETH
2026-01-06 10:58:14+00:00,2026-01-06 11:06:56.794582+00:00,794.0,3228.011,3227.78,3228.23,ETH
2026-01-06 10:58:15+00:00,2026-01-06 11:06:57.801188+00:00,795.0,3228.011,3227.78,3228.24,ETH
2026-01-06 10:58:16+00:00,2026-01-06 11:06:58.796881+00:00,796.0,3228.071,3227.84,3228.31,ETH
2026-01-06 10:58:17+00:00,2026-01-06 11:06:59.795157+00:00,797.0,3228.131,3227.89,3228.37,ETH
2026-01-06 10:58:18+00:00,2026-01-06 11:07:00.811236+00:00,798.0,3228.131,3227.89,3228.36,ETH
2026-01-06 10:58:19+00:00,2026-01-06 11:07:01.850132+00:00,799.0,3228.121,3227.89,3228.36,ETH
2026-01-06 10:58:20+00:00,2026-01-06 11:07:02.865302+00:00,800.0,3228.121,3227.88,3228.36,ETH
2026-01-06 10:58:21+00:00,2026-01-06 11:07:03.859582+00:00,801.0,3228.081,3227.87,3228.34,ETH
2026-01-06 10:58:22+00:00,2026-01-06 11:07:04.863095+00:00,802.0,3228.051,3227.87,3228.3,ETH
2026-01-06 10:58:23+00:00,2026-01-06 11:07:05.864569+00:00,803.0,3228.081,3227.87,3228.3,ETH
2026-01-06 10:58:24+00:00,2026-01-06 11:07:06.865748+00:00,804.0,3228.081,3227.87,3228.3,ETH
2026-01-06 10:58:25+00:00,2026-01-06 11:07:07.859546+00:00,805.0,3228.091,3227.87,3228.3,ETH
2026-01-06 10:58:26+00:00,2026-01-06 11:07:08.880125+00:00,806.0,3228.091,3227.87,3228.3,ETH
2026-01-06 10:58:27+00:00,2026-01-06 11:07:09.880387+00:00,807.0,3228.091,3227.87,3228.3,ETH
2026-01-06 10:58:28+00:00,2026-01-06 11:07:10.879027+00:00,808.0,3228.091,3227.87,3228.28,ETH
2026-01-06 10:58:29+00:00,2026-01-06 11:07:11.878867+00:00,809.0,3228.091,3227.87,3228.3,ETH
2026-01-06 10:58:30+00:00,2026-01-06 11:07:12.880195+00:00,810.0,3228.111,3227.89,3228.35,ETH
2026-01-06 10:58:31+00:00,2026-01-06 11:07:13.887197+00:00,811.0,3228.131,3227.92,3228.35,ETH
2026-01-06 10:58:32+00:00,2026-01-06 11:07:14.891626+00:00,812.0,3228.121,3227.92,3228.27,ETH
2026-01-06 10:58:33+00:00,2026-01-06 11:07:15.899308+00:00,813.0,3228.111,3227.92,3228.2,ETH
2026-01-06 10:58:34+00:00,2026-01-06 11:07:16.894240+00:00,814.0,3228.131,3227.91,3228.27,ETH
2026-01-06 10:58:35+00:00,2026-01-06 11:07:17.896115+00:00,815.0,3228.121,3227.91,3228.31,ETH
2026-01-06 10:58:36+00:00,2026-01-06 11:07:18.908678+00:00,816.0,3228.131,3227.91,3228.32,ETH
2026-01-06 10:58:37+00:00,2026-01-06 11:07:19.907140+00:00,817.0,3228.141,3227.91,3228.36,ETH
2026-01-06 10:58:38+00:00,2026-01-06 11:07:20.911414+00:00,818.0,3228.131,3227.9,3228.36,ETH
2026-01-06 10:58:39+00:00,2026-01-06 11:07:21.928605+00:00,819.0,3228.111,3227.9,3228.32,ETH
2026-01-06 10:58:40+00:00,2026-01-06 11:07:22.935242+00:00,820.0,3228.081,3227.9,3228.12,ETH
2026-01-06 10:58:41+00:00,2026-01-06 11:07:23.944823+00:00,821.0,3227.991,3227.87,3228.05,ETH
2026-01-06 10:58:42+00:00,2026-01-06 11:07:24.966498+00:00,822.0,3227.991,3227.87,3228.07,ETH
2026-01-06 10:58:43+00:00,2026-01-06 11:07:25.963317+00:00,823.0,3227.991,3227.89,3228.08,ETH
2026-01-06 10:58:44+00:00,2026-01-06 11:07:26.979478+00:00,824.0,3227.951,3227.89,3227.99,ETH
2026-01-06 10:58:45+00:00,2026-01-06 11:07:27.997085+00:00,825.0,3227.921,3227.88,3227.99,ETH
2026-01-06 10:58:46+00:00,2026-01-06 11:07:29.013982+00:00,826.0,3227.981,3227.88,3228.01,ETH
2026-01-06 10:58:47+00:00,2026-01-06 11:07:30.012429+00:00,827.0,3227.981,3227.88,3228.02,ETH
2026-01-06 10:58:48+00:00,2026-01-06 11:07:31.031568+00:00,828.0,3227.951,3227.88,3228.0,ETH
2026-01-06 10:58:49+00:00,2026-01-06 11:07:32.038601+00:00,829.0,3227.991,3227.88,3228.03,ETH
2026-01-06 10:58:50+00:00,2026-01-06 11:07:33.041262+00:00,830.0,3227.991,3227.88,3228.05,ETH
2026-01-06 10:58:51+00:00,2026-01-06 11:07:34.056843+00:00,831.0,3227.991,3227.88,3228.05,ETH
2026-01-06 10:58:52+00:00,2026-01-06 11:07:35.067919+00:00,832.0,3228.001,3227.89,3228.09,ETH
2026-01-06 10:58:53+00:00,2026-01-06 11:07:36.078045+00:00,833.0,3227.991,3227.89,3228.09,ETH
2026-01-06 10:58:54+00:00,2026-01-06 11:07:37.096541+00:00,834.0,3228.001,3227.89,3228.09,ETH
2026-01-06 10:58:55+00:00,2026-01-06 11:07:38.100294+00:00,835.0,3227.991,3227.89,3228.09,ETH
2026-01-06 10:58:56+00:00,2026-01-06 11:07:39.111392+00:00,836.0,3228.021,3227.89,3228.08,ETH
2026-01-06 10:58:57+00:00,2026-01-06 11:07:40.114734+00:00,837.0,3228.011,3227.89,3228.07,ETH
2026-01-06 10:58:58+00:00,2026-01-06 11:07:41.107485+00:00,838.0,3228.001,3227.88,3228.07,ETH
2026-01-06 10:58:59+00:00,2026-01-06 11:07:42.110749+00:00,839.0,3228.001,3227.88,3228.07,ETH
2026-01-06 10:59:00+00:00,2026-01-06 11:07:43.115375+00:00,840.0,3228.011,3227.9,3228.08,ETH
2026-01-06 10:59:01+00:00,2026-01-06 11:07:45.111227+00:00,841.0,3228.061,3227.92,3228.25,ETH
2026-01-06 10:59:02+00:00,2026-01-06 11:07:46.114770+00:00,842.0,3228.101,3227.91,3228.3,ETH
2026-01-06 10:59:03+00:00,2026-01-06 11:07:47.138978+00:00,843.0,3228.051,3227.89,3228.15,ETH
2026-01-06 10:59:04+00:00,2026-01-06 11:07:48.130483+00:00,844.0,3227.921,3227.75,3228.01,ETH
2026-01-06 10:59:05+00:00,2026-01-06 11:07:49.151987+00:00,845.0,3227.831,3227.6,3227.99,ETH
2026-01-06 10:59:07+00:00,2026-01-06 11:07:50.232429+00:00,847.0,3227.811,3227.62,3228.01,ETH
2026-01-06 10:59:08+00:00,2026-01-06 11:07:51.240906+00:00,848.0,3227.781,3227.64,3227.96,ETH
2026-01-06 10:59:09+00:00,2026-01-06 11:07:52.224780+00:00,849.0,3227.741,3227.62,3227.85,ETH
2026-01-06 10:59:10+00:00,2026-01-06 11:07:53.239496+00:00,850.0,3227.751,3227.63,3227.89,ETH
2026-01-06 10:59:11+00:00,2026-01-06 11:07:54.239223+00:00,851.0,3227.741,3227.63,3227.88,ETH
2026-01-06 10:59:12+00:00,2026-01-06 11:07:55.241467+00:00,852.0,3227.721,3227.63,3227.88,ETH
2026-01-06 10:59:13+00:00,2026-01-06 11:07:56.242014+00:00,853.0,3227.741,3227.61,3227.88,ETH
2026-01-06 10:59:14+00:00,2026-01-06 11:07:57.251722+00:00,854.0,3227.751,3227.61,3227.88,ETH
2026-01-06 10:59:15+00:00,2026-01-06 11:07:58.256948+00:00,855.0,3227.751,3227.61,3227.88,ETH
2026-01-06 10:59:16+00:00,2026-01-06 11:07:59.260731+00:00,856.0,3227.741,3227.62,3227.88,ETH
2026-01-06 10:59:17+00:00,2026-01-06 11:08:00.272405+00:00,857.0,3227.751,3227.62,3227.88,ETH
2026-01-06 10:59:18+00:00,2026-01-06 11:08:01.294343+00:00,858.0,3227.761,3227.62,3227.88,ETH
2026-01-06 10:59:19+00:00,2026-01-06 11:08:02.291843+00:00,859.0,3227.771,3227.62,3227.88,ETH
2026-01-06 10:59:20+00:00,2026-01-06 11:08:03.311480+00:00,860.0,3227.791,3227.63,3227.88,ETH
2026-01-06 10:59:21+00:00,2026-01-06 11:08:04.312270+00:00,861.0,3227.781,3227.63,3227.88,ETH
2026-01-06 10:59:22+00:00,2026-01-06 11:08:05.341033+00:00,862.0,3227.771,3227.63,3227.88,ETH
2026-01-06 10:59:23+00:00,2026-01-06 11:08:06.359685+00:00,863.0,3227.781,3227.63,3227.98,ETH
2026-01-06 10:59:24+00:00,2026-01-06 11:08:08.366886+00:00,864.0,3227.781,3227.62,3227.89,ETH
2026-01-06 10:59:25+00:00,2026-01-06 11:08:09.363653+00:00,865.0,3227.781,3227.63,3227.81,ETH
2026-01-06 10:59:26+00:00,2026-01-06 11:08:10.362276+00:00,866.0,3227.781,3227.63,3227.81,ETH
2026-01-06 10:59:27+00:00,2026-01-06 11:08:11.377467+00:00,867.0,3227.791,3227.63,3227.82,ETH
2026-01-06 10:59:28+00:00,2026-01-06 11:08:12.399296+00:00,868.0,3227.791,3227.62,3227.82,ETH
2026-01-06 10:59:29+00:00,2026-01-06 11:08:13.376915+00:00,869.0,3227.771,3227.57,3227.81,ETH
2026-01-06 10:59:30+00:00,2026-01-06 11:08:14.377202+00:00,870.0,3227.771,3227.51,3227.81,ETH
2026-01-06 10:59:31+00:00,2026-01-06 11:08:15.380362+00:00,871.0,3227.771,3227.52,3227.81,ETH
2026-01-06 10:59:32+00:00,2026-01-06 11:08:16.380085+00:00,872.0,3227.771,3227.54,3227.81,ETH
2026-01-06 10:59:33+00:00,2026-01-06 11:08:17.378622+00:00,873.0,3227.771,3227.55,3227.81,ETH
2026-01-06 10:59:34+00:00,2026-01-06 11:08:18.383225+00:00,874.0,3227.771,3227.55,3227.82,ETH
2026-01-06 10:59:35+00:00,2026-01-06 11:08:19.389466+00:00,875.0,3227.781,3227.54,3227.81,ETH
2026-01-06 10:59:36+00:00,2026-01-06 11:08:20.409998+00:00,876.0,3227.341,3227.2,3227.39,ETH
2026-01-06 10:59:37+00:00,2026-01-06 11:08:21.412477+00:00,877.0,3226.901,3226.79,3226.95,ETH
2026-01-06 10:59:38+00:00,2026-01-06 11:08:22.424612+00:00,878.0,3226.671,3226.55,3226.79,ETH
2026-01-06 10:59:39+00:00,2026-01-06 11:08:23.432512+00:00,879.0,3226.411,3226.32,3226.6,ETH
2026-01-06 10:59:40+00:00,2026-01-06 11:08:24.440466+00:00,880.0,3226.381,3226.25,3226.55,ETH
2026-01-06 10:59:41+00:00,2026-01-06 11:08:25.443781+00:00,881.0,3226.311,3226.23,3226.55,ETH
2026-01-06 10:59:42+00:00,2026-01-06 11:08:26.463113+00:00,882.0,3226.221,3226.18,3226.55,ETH
2026-01-06 10:59:43+00:00,2026-01-06 11:08:27.510724+00:00,883.0,3226.191,3226.15,3226.54,ETH
2026-01-06 10:59:44+00:00,2026-01-06 11:08:28.515482+00:00,884.0,3226.201,3226.15,3226.53,ETH
2026-01-06 10:59:45+00:00,2026-01-06 11:08:29.527405+00:00,885.0,3226.231,3226.17,3226.52,ETH
2026-01-06 10:59:46+00:00,2026-01-06 11:08:30.530196+00:00,886.0,3226.241,3226.2,3226.52,ETH
2026-01-06 10:59:47+00:00,2026-01-06 11:08:31.527041+00:00,887.0,3226.211,3226.18,3226.52,ETH
2026-01-06 10:59:48+00:00,2026-01-06 11:08:32.538516+00:00,888.0,3226.201,3226.17,3226.52,ETH
2026-01-06 10:59:49+00:00,2026-01-06 11:08:33.525342+00:00,889.0,3226.191,3226.16,3226.42,ETH
2026-01-06 10:59:50+00:00,2026-01-06 11:08:34.523426+00:00,890.0,3226.191,3226.15,3226.42,ETH
2026-01-06 10:59:51+00:00,2026-01-06 11:08:35.530334+00:00,891.0,3226.191,3226.15,3226.41,ETH
2026-01-06 10:59:52+00:00,2026-01-06 11:08:36.538819+00:00,892.0,3226.101,3226.06,3226.41,ETH
2026-01-06 10:59:53+00:00,2026-01-06 11:08:37.546568+00:00,893.0,3226.231,3226.17,3226.41,ETH
2026-01-06 10:59:54+00:00,2026-01-06 11:08:38.543358+00:00,894.0,3226.151,3226.12,3226.46,ETH
2026-01-06 10:59:55+00:00,2026-01-06 11:08:39.556090+00:00,895.0,3226.401,3226.28,3226.45,ETH
2026-01-06 10:59:56+00:00,2026-01-06 11:08:40.567898+00:00,896.0,3226.391,3226.26,3226.74,ETH
2026-01-06 10:59:57+00:00,2026-01-06 11:08:41.582707+00:00,897.0,3226.471,3226.28,3226.74,ETH
2026-01-06 10:59:58+00:00,2026-01-06 11:08:42.619487+00:00,898.0,3226.421,3226.27,3226.74,ETH
2026-01-06 10:59:59+00:00,2026-01-06 11:08:43.630504+00:00,899.0,3226.421,3226.27,3226.74,ETH
