timestamp,collected_at,seconds,up_mid,up_best_bid,up_best_ask,down_mid,down_best_bid,down_best_ask,up_best_bid_size,up_best_ask_size,down_best_bid_size,down_best_ask_size
2026-01-06 10:45:00.545000+00:00,2026-01-06 10:45:00.720595+00:00,0.545,0.475,0.47,0.48,0.525,0.52,0.53,,,,
2026-01-06 10:45:01.475000+00:00,2026-01-06 10:45:01.738108+00:00,1.475,0.475,0.47,0.48,0.525,0.52,0.53,,,,
2026-01-06 10:45:02.443000+00:00,2026-01-06 10:45:02.755796+00:00,2.443,0.485,0.48,0.49,0.515,0.51,0.52,,,,
2026-01-06 10:45:03.422000+00:00,2026-01-06 10:45:03.755241+00:00,3.422,0.485,0.48,0.49,0.515,0.51,0.52,,,,
2026-01-06 10:45:04.496000+00:00,2026-01-06 10:45:04.771821+00:00,4.496,0.495,0.49,0.5,0.505,0.5,0.51,,,,
2026-01-06 10:45:05.535000+00:00,2026-01-06 10:45:05.787922+00:00,5.535,0.495,0.49,0.5,0.505,0.5,0.51,,,,
2026-01-06 10:45:06.555000+00:00,2026-01-06 10:45:06.796358+00:00,6.555,0.495,0.49,0.5,0.495,0.49,0.5,,,,
2026-01-06 10:45:07.530000+00:00,2026-01-06 10:45:07.803729+00:00,7.53,0.515,0.51,0.52,0.485,0.48,0.49,,,,
2026-01-06 10:45:08.499000+00:00,2026-01-06 10:45:08.820796+00:00,8.499,0.525,0.52,0.53,0.475,0.47,0.48,,,,
2026-01-06 10:45:09.485000+00:00,2026-01-06 10:45:09.820210+00:00,9.485,0.525,0.52,0.53,0.475,0.47,0.48,,,,
2026-01-06 10:45:10.465000+00:00,2026-01-06 10:45:10.825876+00:00,10.465,0.52,0.51,0.53,0.48,0.47,0.49,,,,
2026-01-06 10:45:11.558000+00:00,2026-01-06 10:45:11.838064+00:00,11.558,0.515,0.51,0.52,0.485,0.48,0.49,,,,
2026-01-06 10:45:12.558000+00:00,2026-01-06 10:45:12.838233+00:00,12.558,0.515,0.51,0.52,0.485,0.48,0.49,,,,
2026-01-06 10:45:13.540000+00:00,2026-01-06 10:45:13.840639+00:00,13.54,0.505,0.5,0.51,0.495,0.49,0.5,,,,
2026-01-06 10:45:14.567000+00:00,2026-01-06 10:45:14.844408+00:00,14.567,0.505,0.5,0.51,0.495,0.49,0.5,,,,
2026-01-06 10:45:15.504000+00:00,2026-01-06 10:45:15.837489+00:00,15.504,0.515,0.51,0.52,0.485,0.48,0.49,,,,
2026-01-06 10:45:16.547000+00:00,2026-01-06 10:45:16.843701+00:00,16.547,0.515,0.51,0.52,0.485,0.48,0.49,,,,
2026-01-06 10:45:17.556000+00:00,2026-01-06 10:45:17.842793+00:00,17.556,0.515,0.51,0.52,0.485,0.48,0.49,,,,
2026-01-06 10:45:18.459000+00:00,2026-01-06 10:45:18.845951+00:00,18.459,0.515,0.51,0.52,0.485,0.48,0.49,,,,
2026-01-06 10:45:19.380000+00:00,2026-01-06 10:45:19.856536+00:00,19.38,0.515,0.51,0.52,0.485,0.48,0.49,,,,
2026-01-06 10:45:20.313000+00:00,2026-01-06 10:45:20.860795+00:00,20.313,0.515,0.51,0.52,0.485,0.48,0.49,,,,
2026-01-06 10:45:21.617000+00:00,2026-01-06 10:45:21.873310+00:00,21.617,0.515,0.51,0.52,0.485,0.48,0.49,,,,
2026-01-06 10:45:22.598000+00:00,2026-01-06 10:45:22.870130+00:00,22.598,0.515,0.51,0.52,0.485,0.48,0.49,,,,
2026-01-06 10:45:23.615000+00:00,2026-01-06 10:45:23.869085+00:00,23.615,0.515,0.51,0.52,0.485,0.48,0.49,,,,
2026-01-06 10:45:24.261000+00:00,2026-01-06 10:45:24.887533+00:00,24.261,0.515,0.51,0.52,0.485,0.48,0.49,,,,
2026-01-06 10:45:25.634000+00:00,2026-01-06 10:45:25.908807+00:00,25.634,0.505,0.5,0.51,0.495,0.49,0.5,,,,
2026-01-06 10:45:26.603000+00:00,2026-01-06 10:45:26.904085+00:00,26.603,0.515,0.51,0.52,0.485,0.48,0.49,,,,
2026-01-06 10:45:27.658000+00:00,2026-01-06 10:45:27.913344+00:00,27.658,0.515,0.51,0.52,0.485,0.48,0.49,,,,
2026-01-06 10:45:28.606000+00:00,2026-01-06 10:45:28.919656+00:00,28.606,0.515,0.51,0.52,0.485,0.48,0.49,,,,
2026-01-06 10:45:29.533000+00:00,2026-01-06 10:45:29.919111+00:00,29.533,0.525,0.52,0.53,0.475,0.47,0.48,,,,
2026-01-06 10:45:30.513000+00:00,2026-01-06 10:45:30.925857+00:00,30.513,0.525,0.52,0.53,0.475,0.47,0.48,,,,
2026-01-06 10:45:31.642000+00:00,2026-01-06 10:45:31.919365+00:00,31.642,0.525,0.52,0.53,0.425,0.41,0.44,,,,
2026-01-06 10:45:32.645000+00:00,2026-01-06 10:45:32.934464+00:00,32.645,0.615,0.61,0.62,0.385,0.38,0.39,,,,
2026-01-06 10:45:33.673000+00:00,2026-01-06 10:45:33.953367+00:00,33.673,0.605,0.6,0.61,0.395,0.39,0.4,,,,
2026-01-06 10:45:34.661000+00:00,2026-01-06 10:45:34.952775+00:00,34.661,0.605,0.6,0.61,0.395,0.39,0.4,,,,
2026-01-06 10:45:35.614000+00:00,2026-01-06 10:45:35.953999+00:00,35.614,0.605,0.6,0.61,0.395,0.39,0.4,,,,
2026-01-06 10:45:36.657000+00:00,2026-01-06 10:45:36.953654+00:00,36.657,0.605,0.6,0.61,0.4,0.39,0.41,,,,
2026-01-06 10:45:37.701000+00:00,2026-01-06 10:45:37.963281+00:00,37.701,0.595,0.59,0.6,0.405,0.4,0.41,,,,
2026-01-06 10:45:38.625000+00:00,2026-01-06 10:45:38.975936+00:00,38.625,0.595,0.59,0.6,0.405,0.4,0.41,,,,
2026-01-06 10:45:39.613000+00:00,2026-01-06 10:45:39.972139+00:00,39.613,0.595,0.59,0.6,0.405,0.4,0.41,,,,
2026-01-06 10:45:40.717000+00:00,2026-01-06 10:45:40.961996+00:00,40.717,0.595,0.59,0.6,0.405,0.4,0.41,,,,
2026-01-06 10:45:41.605000+00:00,2026-01-06 10:45:41.969887+00:00,41.605,0.595,0.59,0.6,0.405,0.4,0.41,,,,
2026-01-06 10:45:42.720000+00:00,2026-01-06 10:45:42.977679+00:00,42.72,0.595,0.59,0.6,0.405,0.4,0.41,,,,
2026-01-06 10:45:43.413000+00:00,2026-01-06 10:45:43.979462+00:00,43.413,0.595,0.59,0.6,0.405,0.4,0.41,,,,
2026-01-06 10:45:44.542000+00:00,2026-01-06 10:45:44.970072+00:00,44.542,0.59,0.58,0.6,0.41,0.4,0.42,,,,
2026-01-06 10:45:45.727000+00:00,2026-01-06 10:45:45.989917+00:00,45.727,0.595,0.59,0.6,0.405,0.4,0.41,,,,
2026-01-06 10:45:46.734000+00:00,2026-01-06 10:45:46.997274+00:00,46.734,0.565,0.55,0.58,0.445,0.44,0.45,,,,
2026-01-06 10:45:47.721000+00:00,2026-01-06 10:45:48.002556+00:00,47.721,0.545,0.54,0.55,0.455,0.45,0.46,,,,
2026-01-06 10:45:48.707000+00:00,2026-01-06 10:45:49.003114+00:00,48.707,0.545,0.54,0.55,0.455,0.45,0.46,,,,
2026-01-06 10:45:49.729000+00:00,2026-01-06 10:45:50.003264+00:00,49.729,0.545,0.54,0.55,0.455,0.45,0.46,,,,
2026-01-06 10:45:50.734000+00:00,2026-01-06 10:45:51.019776+00:00,50.734,0.545,0.54,0.55,0.455,0.45,0.46,,,,
2026-01-06 10:45:51.779000+00:00,2026-01-06 10:45:52.030441+00:00,51.779,0.545,0.54,0.55,0.455,0.45,0.46,,,,
2026-01-06 10:45:52.671000+00:00,2026-01-06 10:45:53.045900+00:00,52.671,0.55,0.54,0.56,0.45,0.44,0.46,,,,
2026-01-06 10:45:53.798000+00:00,2026-01-06 10:45:54.050620+00:00,53.798,0.545,0.54,0.55,0.455,0.45,0.46,,,,
2026-01-06 10:45:54.655000+00:00,2026-01-06 10:45:55.051106+00:00,54.655,0.545,0.54,0.55,0.455,0.45,0.46,,,,
2026-01-06 10:45:55.701000+00:00,2026-01-06 10:45:56.050847+00:00,55.701,0.545,0.54,0.55,0.4549999999999999,0.44,0.47,,,,
2026-01-06 10:45:56.677000+00:00,2026-01-06 10:45:57.070195+00:00,56.677,0.555,0.55,0.56,0.445,0.44,0.45,,,,
2026-01-06 10:45:57.741000+00:00,2026-01-06 10:45:58.087080+00:00,57.741,0.555,0.55,0.56,0.445,0.44,0.45,,,,
2026-01-06 10:45:58.795000+00:00,2026-01-06 10:45:59.101304+00:00,58.795,0.54,0.53,0.55,0.4599999999999999,0.45,0.47,,,,
2026-01-06 10:45:59.776000+00:00,2026-01-06 10:46:00.102974+00:00,59.776,0.535,0.53,0.54,0.475,0.47,0.48,,,,
2026-01-06 10:46:00.840000+00:00,2026-01-06 10:46:01.102324+00:00,60.84,0.525,0.52,0.53,0.475,0.47,0.48,,,,
2026-01-06 10:46:01.647000+00:00,2026-01-06 10:46:02.117229+00:00,61.647,0.525,0.52,0.53,0.475,0.47,0.48,,,,
2026-01-06 10:46:02.759000+00:00,2026-01-06 10:46:03.118928+00:00,62.759,0.525,0.52,0.53,0.475,0.47,0.48,,,,
2026-01-06 10:46:03.874000+00:00,2026-01-06 10:46:04.133824+00:00,63.874,0.485,0.48,0.49,0.515,0.51,0.52,,,,
2026-01-06 10:46:04.802000+00:00,2026-01-06 10:46:05.150542+00:00,64.802,0.485,0.48,0.49,0.515,0.51,0.52,,,,
2026-01-06 10:46:05.906000+00:00,2026-01-06 10:46:06.166350+00:00,65.906,0.485,0.48,0.49,0.515,0.51,0.52,,,,
2026-01-06 10:46:06.854000+00:00,2026-01-06 10:46:07.180666+00:00,66.854,0.485,0.48,0.49,0.515,0.51,0.52,,,,
2026-01-06 10:46:07.844000+00:00,2026-01-06 10:46:08.184284+00:00,67.844,0.485,0.48,0.49,0.515,0.51,0.52,,,,
2026-01-06 10:46:08.903000+00:00,2026-01-06 10:46:09.195334+00:00,68.903,0.485,0.48,0.49,0.515,0.51,0.52,,,,
2026-01-06 10:46:09.928000+00:00,2026-01-06 10:46:10.198291+00:00,69.928,0.485,0.48,0.49,0.515,0.51,0.52,,,,
2026-01-06 10:46:10.928000+00:00,2026-01-06 10:46:11.200025+00:00,70.928,0.475,0.47,0.48,0.525,0.52,0.53,,,,
2026-01-06 10:46:11.933000+00:00,2026-01-06 10:46:12.202129+00:00,71.933,0.455,0.45,0.46,0.545,0.54,0.55,,,,
2026-01-06 10:46:12.920000+00:00,2026-01-06 10:46:13.193695+00:00,72.92,0.4549999999999999,0.44,0.47,0.55,0.54,0.56,,,,
2026-01-06 10:46:13.865000+00:00,2026-01-06 10:46:14.195823+00:00,73.865,0.455,0.45,0.46,0.545,0.54,0.55,,,,
2026-01-06 10:46:14.930000+00:00,2026-01-06 10:46:15.194861+00:00,74.93,0.505,0.5,0.51,0.5,0.49,0.51,,,,
2026-01-06 10:46:15.939000+00:00,2026-01-06 10:46:16.197720+00:00,75.939,0.515,0.51,0.52,0.485,0.48,0.49,,,,
2026-01-06 10:46:16.958000+00:00,2026-01-06 10:46:17.216132+00:00,76.958,0.53,0.52,0.54,0.47,0.46,0.48,,,,
2026-01-06 10:46:17.961000+00:00,2026-01-06 10:46:18.234083+00:00,77.961,0.53,0.52,0.54,0.47,0.46,0.48,,,,
2026-01-06 10:46:18.966000+00:00,2026-01-06 10:46:19.243097+00:00,78.966,0.535,0.53,0.54,0.4649999999999999,0.46,0.47,,,,
2026-01-06 10:46:19.943000+00:00,2026-01-06 10:46:20.252297+00:00,79.943,0.535,0.53,0.54,0.4649999999999999,0.46,0.47,,,,
2026-01-06 10:46:20.976000+00:00,2026-01-06 10:46:21.259481+00:00,80.976,0.535,0.53,0.54,0.4649999999999999,0.46,0.47,,,,
2026-01-06 10:46:22.966000+00:00,2026-01-06 10:46:23.272659+00:00,82.966,0.525,0.52,0.53,0.475,0.47,0.48,,,,
2026-01-06 10:46:23.973000+00:00,2026-01-06 10:46:24.286585+00:00,83.973,0.525,0.52,0.53,0.475,0.47,0.48,,,,
2026-01-06 10:46:24.958000+00:00,2026-01-06 10:46:25.304325+00:00,84.958,0.525,0.52,0.53,0.475,0.47,0.48,,,,
2026-01-06 10:46:26.054000+00:00,2026-01-06 10:46:26.313792+00:00,86.054,0.525,0.52,0.53,0.47,0.46,0.48,,,,
2026-01-06 10:46:27.828000+00:00,2026-01-06 10:46:28.319227+00:00,87.828,0.505,0.5,0.51,0.495,0.49,0.5,,,,
2026-01-06 10:46:29.826000+00:00,2026-01-06 10:46:30.349215+00:00,89.826,0.505,0.5,0.51,0.495,0.49,0.5,,,,
2026-01-06 10:46:31.072000+00:00,2026-01-06 10:46:31.348823+00:00,91.072,0.505,0.5,0.51,0.495,0.49,0.5,,,,
2026-01-06 10:46:32.024000+00:00,2026-01-06 10:46:32.351549+00:00,92.024,0.505,0.5,0.51,0.495,0.49,0.5,,,,
2026-01-06 10:46:33.113000+00:00,2026-01-06 10:46:33.366774+00:00,93.113,0.495,0.49,0.5,0.505,0.5,0.51,,,,
2026-01-06 10:46:34.106000+00:00,2026-01-06 10:46:34.368929+00:00,94.106,0.495,0.49,0.5,0.505,0.5,0.51,,,,
2026-01-06 10:46:35.743000+00:00,2026-01-06 10:46:36.384438+00:00,95.743,0.505,0.5,0.51,0.495,0.49,0.5,,,,
2026-01-06 10:46:37.009000+00:00,2026-01-06 10:46:37.401530+00:00,97.009,0.505,0.5,0.51,0.495,0.49,0.5,,,,
2026-01-06 10:46:38.427000+00:00,2026-01-06 10:46:39.405065+00:00,98.427,0.505,0.5,0.51,0.495,0.49,0.5,,,,
2026-01-06 10:46:40.091000+00:00,2026-01-06 10:46:40.406338+00:00,100.091,0.505,0.5,0.51,0.495,0.49,0.5,,,,
2026-01-06 10:46:41.156000+00:00,2026-01-06 10:46:41.432983+00:00,101.156,0.505,0.5,0.51,0.5,0.49,0.51,,,,
2026-01-06 10:46:42.850000+00:00,2026-01-06 10:46:43.436283+00:00,102.85,0.5,0.49,0.51,0.5,0.49,0.51,,,,
2026-01-06 10:46:44.159000+00:00,2026-01-06 10:46:44.435685+00:00,104.159,0.5,0.49,0.51,0.5,0.49,0.51,,,,
2026-01-06 10:46:45.964000+00:00,2026-01-06 10:46:46.450146+00:00,105.964,0.515,0.51,0.52,0.485,0.48,0.49,,,,
2026-01-06 10:46:47.146000+00:00,2026-01-06 10:46:47.450804+00:00,107.146,0.515,0.51,0.52,0.485,0.48,0.49,,,,
2026-01-06 10:46:48.070000+00:00,2026-01-06 10:46:48.452903+00:00,108.07,0.515,0.51,0.52,0.485,0.48,0.49,,,,
2026-01-06 10:46:49.206000+00:00,2026-01-06 10:46:49.467435+00:00,109.206,0.515,0.51,0.52,0.485,0.48,0.49,,,,
2026-01-06 10:46:50.214000+00:00,2026-01-06 10:46:50.467803+00:00,110.214,0.515,0.51,0.52,0.485,0.48,0.49,,,,
2026-01-06 10:46:51.199000+00:00,2026-01-06 10:46:51.475276+00:00,111.199,0.515,0.51,0.52,0.485,0.48,0.49,,,,
2026-01-06 10:46:52.204000+00:00,2026-01-06 10:46:52.466257+00:00,112.204,0.52,0.51,0.53,0.48,0.47,0.49,,,,
2026-01-06 10:46:53.107000+00:00,2026-01-06 10:46:53.473349+00:00,113.107,0.52,0.51,0.53,0.48,0.47,0.49,,,,
2026-01-06 10:46:54.166000+00:00,2026-01-06 10:46:54.489396+00:00,114.166,0.525,0.52,0.53,0.475,0.47,0.48,,,,
2026-01-06 10:46:55.229000+00:00,2026-01-06 10:46:55.500462+00:00,115.229,0.525,0.52,0.53,0.475,0.47,0.48,,,,
2026-01-06 10:46:56.163000+00:00,2026-01-06 10:46:56.499809+00:00,116.163,0.525,0.52,0.53,0.475,0.47,0.48,,,,
2026-01-06 10:46:57.983000+00:00,2026-01-06 10:46:58.505510+00:00,117.983,0.525,0.52,0.53,0.475,0.47,0.48,,,,
2026-01-06 10:46:59.561000+00:00,2026-01-06 10:47:00.525552+00:00,119.561,0.525,0.52,0.53,0.475,0.47,0.48,,,,
2026-01-06 10:47:01.004000+00:00,2026-01-06 10:47:01.532307+00:00,121.004,0.525,0.52,0.53,0.475,0.47,0.48,,,,
2026-01-06 10:47:02.254000+00:00,2026-01-06 10:47:02.533744+00:00,122.254,0.525,0.52,0.53,0.475,0.47,0.48,,,,
2026-01-06 10:47:03.080000+00:00,2026-01-06 10:47:03.531759+00:00,123.08,0.525,0.52,0.53,0.475,0.47,0.48,,,,
2026-01-06 10:47:04.278000+00:00,2026-01-06 10:47:04.538829+00:00,124.278,0.525,0.52,0.53,0.475,0.47,0.48,,,,
2026-01-06 10:47:05.999000+00:00,2026-01-06 10:47:06.549163+00:00,125.999,0.525,0.52,0.53,0.475,0.47,0.48,,,,
2026-01-06 10:47:07.225000+00:00,2026-01-06 10:47:07.538539+00:00,127.225,0.515,0.51,0.52,0.485,0.48,0.49,,,,
2026-01-06 10:47:08.263000+00:00,2026-01-06 10:47:08.533330+00:00,128.263,0.515,0.51,0.52,0.485,0.48,0.49,,,,
2026-01-06 10:47:09.264000+00:00,2026-01-06 10:47:09.532087+00:00,129.264,0.525,0.52,0.53,0.475,0.47,0.48,,,,
2026-01-06 10:47:10.266000+00:00,2026-01-06 10:47:10.532508+00:00,130.266,0.525,0.52,0.53,0.475,0.47,0.48,,,,
2026-01-06 10:47:11.270000+00:00,2026-01-06 10:47:11.533614+00:00,131.27,0.53,0.52,0.54,0.47,0.46,0.48,,,,
2026-01-06 10:47:12.183000+00:00,2026-01-06 10:47:12.548665+00:00,132.183,0.525,0.52,0.53,0.475,0.47,0.48,,,,
2026-01-06 10:47:13.277000+00:00,2026-01-06 10:47:13.549275+00:00,133.277,0.525,0.52,0.53,0.475,0.47,0.48,,,,
2026-01-06 10:47:14.242000+00:00,2026-01-06 10:47:14.566120+00:00,134.242,0.525,0.52,0.53,0.475,0.47,0.48,,,,
2026-01-06 10:47:15.303000+00:00,2026-01-06 10:47:15.564799+00:00,135.303,0.525,0.52,0.53,0.475,0.47,0.48,,,,
2026-01-06 10:47:16.184000+00:00,2026-01-06 10:47:16.567040+00:00,136.184,0.53,0.52,0.54,0.47,0.46,0.48,,,,
2026-01-06 10:47:17.190000+00:00,2026-01-06 10:47:17.565481+00:00,137.19,0.53,0.52,0.54,0.47,0.46,0.48,,,,
2026-01-06 10:47:18.144000+00:00,2026-01-06 10:47:18.564265+00:00,138.144,0.53,0.52,0.54,0.47,0.46,0.48,,,,
2026-01-06 10:47:19.314000+00:00,2026-01-06 10:47:19.579386+00:00,139.314,0.53,0.52,0.54,0.47,0.46,0.48,,,,
2026-01-06 10:47:20.246000+00:00,2026-01-06 10:47:20.581371+00:00,140.246,0.53,0.52,0.54,0.47,0.46,0.48,,,,
2026-01-06 10:47:21.478000+00:00,2026-01-06 10:47:22.581624+00:00,141.478,0.53,0.52,0.54,0.47,0.46,0.48,,,,
2026-01-06 10:47:23.338000+00:00,2026-01-06 10:47:23.600099+00:00,143.338,0.53,0.52,0.54,0.47,0.46,0.48,,,,
2026-01-06 10:47:24.306000+00:00,2026-01-06 10:47:24.614751+00:00,144.306,0.53,0.52,0.54,0.47,0.46,0.48,,,,
2026-01-06 10:47:25.083000+00:00,2026-01-06 10:47:25.630911+00:00,145.083,0.53,0.52,0.54,0.47,0.46,0.48,,,,
2026-01-06 10:47:26.357000+00:00,2026-01-06 10:47:26.631322+00:00,146.357,0.53,0.52,0.54,0.47,0.46,0.48,,,,
2026-01-06 10:47:27.119000+00:00,2026-01-06 10:47:27.643271+00:00,147.119,0.53,0.52,0.54,0.47,0.46,0.48,,,,
2026-01-06 10:47:28.358000+00:00,2026-01-06 10:47:28.647532+00:00,148.358,0.53,0.52,0.54,0.47,0.46,0.48,,,,
2026-01-06 10:47:29.388000+00:00,2026-01-06 10:47:29.645720+00:00,149.388,0.535,0.53,0.54,0.4649999999999999,0.46,0.47,,,,
2026-01-06 10:47:30.327000+00:00,2026-01-06 10:47:30.647265+00:00,150.327,0.535,0.53,0.54,0.4649999999999999,0.46,0.47,,,,
2026-01-06 10:47:31.402000+00:00,2026-01-06 10:47:31.664198+00:00,151.402,0.535,0.53,0.54,0.4649999999999999,0.46,0.47,,,,
2026-01-06 10:47:32.358000+00:00,2026-01-06 10:47:32.682028+00:00,152.358,0.535,0.53,0.54,0.4649999999999999,0.46,0.47,,,,
2026-01-06 10:47:33.407000+00:00,2026-01-06 10:47:33.681028+00:00,153.407,0.53,0.52,0.54,0.47,0.46,0.48,,,,
2026-01-06 10:47:34.335000+00:00,2026-01-06 10:47:34.680417+00:00,154.335,0.53,0.52,0.54,0.475,0.47,0.48,,,,
2026-01-06 10:47:35.412000+00:00,2026-01-06 10:47:35.697979+00:00,155.412,0.525,0.52,0.53,0.475,0.47,0.48,,,,
2026-01-06 10:47:36.995000+00:00,2026-01-06 10:47:37.701426+00:00,156.995,0.535,0.53,0.54,0.4649999999999999,0.46,0.47,,,,
2026-01-06 10:47:38.312000+00:00,2026-01-06 10:47:38.698366+00:00,158.312,0.535,0.53,0.54,0.4649999999999999,0.46,0.47,,,,
2026-01-06 10:47:39.384000+00:00,2026-01-06 10:47:39.700945+00:00,159.384,0.535,0.53,0.54,0.4649999999999999,0.46,0.47,,,,
2026-01-06 10:47:40.226000+00:00,2026-01-06 10:47:40.698303+00:00,160.226,0.535,0.53,0.54,0.4649999999999999,0.46,0.47,,,,
2026-01-06 10:47:41.305000+00:00,2026-01-06 10:47:41.705243+00:00,161.305,0.535,0.53,0.54,0.4649999999999999,0.46,0.47,,,,
2026-01-06 10:47:42.422000+00:00,2026-01-06 10:47:42.704511+00:00,162.422,0.535,0.53,0.54,0.4649999999999999,0.46,0.47,,,,
2026-01-06 10:47:43.418000+00:00,2026-01-06 10:47:43.717252+00:00,163.418,0.535,0.53,0.54,0.4649999999999999,0.46,0.47,,,,
2026-01-06 10:47:44.096000+00:00,2026-01-06 10:47:44.712067+00:00,164.096,0.535,0.53,0.54,0.4649999999999999,0.46,0.47,,,,
2026-01-06 10:47:45.258000+00:00,2026-01-06 10:47:45.712562+00:00,165.258,0.535,0.53,0.54,0.4649999999999999,0.46,0.47,,,,
2026-01-06 10:47:46.411000+00:00,2026-01-06 10:47:46.712878+00:00,166.411,0.535,0.53,0.54,0.4649999999999999,0.46,0.47,,,,
2026-01-06 10:47:47.460000+00:00,2026-01-06 10:47:47.729012+00:00,167.46,0.535,0.53,0.54,0.4649999999999999,0.46,0.47,,,,
2026-01-06 10:47:48.446000+00:00,2026-01-06 10:47:48.730424+00:00,168.446,0.535,0.53,0.54,0.4649999999999999,0.46,0.47,,,,
2026-01-06 10:47:49.356000+00:00,2026-01-06 10:47:49.730858+00:00,169.356,0.535,0.53,0.54,0.4649999999999999,0.46,0.47,,,,
2026-01-06 10:47:50.466000+00:00,2026-01-06 10:47:50.727939+00:00,170.466,0.575,0.57,0.58,0.4,0.39,0.41,,,,
2026-01-06 10:47:51.461000+00:00,2026-01-06 10:47:51.729956+00:00,171.461,0.635,0.63,0.64,0.365,0.36,0.37,,,,
2026-01-06 10:47:52.384000+00:00,2026-01-06 10:47:52.747309+00:00,172.384,0.64,0.63,0.65,0.36,0.35,0.37,,,,
2026-01-06 10:47:53.373000+00:00,2026-01-06 10:47:53.746131+00:00,173.373,0.64,0.63,0.65,0.36,0.35,0.37,,,,
2026-01-06 10:47:54.489000+00:00,2026-01-06 10:47:54.760706+00:00,174.489,0.65,0.64,0.66,0.35,0.34,0.36,,,,
2026-01-06 10:47:55.465000+00:00,2026-01-06 10:47:55.781461+00:00,175.465,0.655,0.65,0.66,0.3399999999999999,0.33,0.35,,,,
2026-01-06 10:47:56.518000+00:00,2026-01-06 10:47:56.782267+00:00,176.518,0.665,0.66,0.67,0.335,0.33,0.34,,,,
2026-01-06 10:47:57.525000+00:00,2026-01-06 10:47:57.786732+00:00,177.525,0.66,0.65,0.67,0.335,0.33,0.34,,,,
2026-01-06 10:47:58.510000+00:00,2026-01-06 10:47:58.799005+00:00,178.51,0.665,0.66,0.67,0.335,0.33,0.34,,,,
2026-01-06 10:47:59.458000+00:00,2026-01-06 10:47:59.797902+00:00,179.458,0.66,0.65,0.67,0.3399999999999999,0.33,0.35,,,,
2026-01-06 10:48:00.443000+00:00,2026-01-06 10:48:00.797596+00:00,180.443,0.665,0.66,0.67,0.335,0.33,0.34,,,,
2026-01-06 10:48:01.444000+00:00,2026-01-06 10:48:01.815780+00:00,181.444,0.665,0.66,0.67,0.335,0.33,0.34,,,,
2026-01-06 10:48:02.409000+00:00,2026-01-06 10:48:02.824250+00:00,182.409,0.67,0.66,0.68,0.33,0.32,0.34,,,,
2026-01-06 10:48:03.445000+00:00,2026-01-06 10:48:03.840569+00:00,183.445,0.67,0.66,0.68,0.33,0.32,0.34,,,,
2026-01-06 10:48:04.586000+00:00,2026-01-06 10:48:04.846946+00:00,184.586,0.665,0.66,0.67,0.335,0.33,0.34,,,,
2026-01-06 10:48:05.549000+00:00,2026-01-06 10:48:05.845650+00:00,185.549,0.655,0.65,0.66,0.345,0.34,0.35,,,,
2026-01-06 10:48:06.591000+00:00,2026-01-06 10:48:06.849159+00:00,186.591,0.645,0.64,0.65,0.35,0.34,0.36,,,,
2026-01-06 10:48:07.585000+00:00,2026-01-06 10:48:07.848100+00:00,187.585,0.655,0.65,0.66,0.345,0.34,0.35,,,,
2026-01-06 10:48:08.463000+00:00,2026-01-06 10:48:08.852092+00:00,188.463,0.655,0.65,0.66,0.345,0.34,0.35,,,,
2026-01-06 10:48:09.550000+00:00,2026-01-06 10:48:09.870361+00:00,189.55,0.66,0.65,0.67,0.335,0.33,0.34,,,,
2026-01-06 10:48:10.615000+00:00,2026-01-06 10:48:10.880359+00:00,190.615,0.67,0.66,0.68,0.305,0.3,0.31,,,,
2026-01-06 10:48:11.597000+00:00,2026-01-06 10:48:11.875768+00:00,191.597,0.695,0.69,0.7,0.305,0.3,0.31,,,,
2026-01-06 10:48:12.589000+00:00,2026-01-06 10:48:12.879737+00:00,192.589,0.695,0.69,0.7,0.305,0.3,0.31,,,,
2026-01-06 10:48:13.447000+00:00,2026-01-06 10:48:13.883974+00:00,193.447,0.705,0.7,0.71,0.295,0.29,0.3,,,,
2026-01-06 10:48:14.613000+00:00,2026-01-06 10:48:14.887251+00:00,194.613,0.715,0.71,0.72,0.285,0.28,0.29,,,,
2026-01-06 10:48:15.718000+00:00,2026-01-06 10:48:15.895840+00:00,195.718,0.715,0.71,0.72,0.29,0.28,0.3,,,,
2026-01-06 10:48:16.654000+00:00,2026-01-06 10:48:16.916015+00:00,196.654,0.715,0.71,0.72,0.285,0.28,0.29,,,,
2026-01-06 10:48:17.637000+00:00,2026-01-06 10:48:17.919798+00:00,197.637,0.725,0.72,0.73,0.275,0.27,0.28,,,,
2026-01-06 10:48:18.644000+00:00,2026-01-06 10:48:18.936005+00:00,198.644,0.715,0.71,0.72,0.285,0.28,0.29,,,,
2026-01-06 10:48:19.641000+00:00,2026-01-06 10:48:19.932461+00:00,199.641,0.715,0.71,0.72,0.285,0.28,0.29,,,,
2026-01-06 10:48:20.446000+00:00,2026-01-06 10:48:20.938054+00:00,200.446,0.715,0.71,0.72,0.285,0.28,0.29,,,,
2026-01-06 10:48:21.680000+00:00,2026-01-06 10:48:21.950765+00:00,201.68,0.715,0.71,0.72,0.285,0.28,0.29,,,,
2026-01-06 10:48:22.647000+00:00,2026-01-06 10:48:22.947613+00:00,202.647,0.73,0.72,0.74,0.265,0.26,0.27,,,,
2026-01-06 10:48:23.675000+00:00,2026-01-06 10:48:23.945693+00:00,203.675,0.735,0.73,0.74,0.265,0.26,0.27,,,,
2026-01-06 10:48:24.633000+00:00,2026-01-06 10:48:24.946784+00:00,204.633,0.725,0.72,0.73,0.275,0.27,0.28,,,,
2026-01-06 10:48:25.692000+00:00,2026-01-06 10:48:25.963282+00:00,205.692,0.725,0.72,0.73,0.275,0.27,0.28,,,,
2026-01-06 10:48:26.671000+00:00,2026-01-06 10:48:26.978458+00:00,206.671,0.745,0.74,0.75,0.255,0.25,0.26,,,,
2026-01-06 10:48:27.704000+00:00,2026-01-06 10:48:27.979327+00:00,207.704,0.745,0.74,0.75,0.255,0.25,0.26,,,,
2026-01-06 10:48:28.510000+00:00,2026-01-06 10:48:28.986834+00:00,208.51,0.745,0.74,0.75,0.255,0.25,0.26,,,,
2026-01-06 10:48:29.754000+00:00,2026-01-06 10:48:30.005150+00:00,209.754,0.745,0.74,0.75,0.255,0.25,0.26,,,,
2026-01-06 10:48:30.362000+00:00,2026-01-06 10:48:31.002871+00:00,210.362,0.745,0.74,0.75,0.255,0.25,0.26,,,,
2026-01-06 10:48:31.668000+00:00,2026-01-06 10:48:32.011379+00:00,211.668,0.745,0.74,0.75,0.255,0.25,0.26,,,,
2026-01-06 10:48:32.752000+00:00,2026-01-06 10:48:33.012287+00:00,212.752,0.745,0.74,0.75,0.255,0.25,0.26,,,,
2026-01-06 10:48:33.731000+00:00,2026-01-06 10:48:34.013243+00:00,213.731,0.745,0.74,0.75,0.255,0.25,0.26,,,,
2026-01-06 10:48:34.743000+00:00,2026-01-06 10:48:35.028428+00:00,214.743,0.745,0.74,0.75,0.255,0.25,0.26,,,,
2026-01-06 10:48:35.762000+00:00,2026-01-06 10:48:36.047311+00:00,215.762,0.745,0.74,0.75,0.255,0.25,0.26,,,,
2026-01-06 10:48:36.787000+00:00,2026-01-06 10:48:37.050088+00:00,216.787,0.765,0.76,0.77,0.235,0.23,0.24,,,,
2026-01-06 10:48:37.781000+00:00,2026-01-06 10:48:38.072195+00:00,217.781,0.765,0.76,0.77,0.235,0.23,0.24,,,,
2026-01-06 10:48:38.709000+00:00,2026-01-06 10:48:39.076766+00:00,218.709,0.765,0.76,0.77,0.235,0.23,0.24,,,,
2026-01-06 10:48:39.774000+00:00,2026-01-06 10:48:40.096225+00:00,219.774,0.765,0.76,0.77,0.235,0.23,0.24,,,,
2026-01-06 10:48:40.763000+00:00,2026-01-06 10:48:41.112222+00:00,220.763,0.765,0.76,0.77,0.235,0.23,0.24,,,,
2026-01-06 10:48:41.839000+00:00,2026-01-06 10:48:42.131260+00:00,221.839,0.765,0.76,0.77,0.235,0.23,0.24,,,,
2026-01-06 10:48:42.883000+00:00,2026-01-06 10:48:43.142622+00:00,222.883,0.78,0.77,0.79,0.215,0.21,0.22,,,,
2026-01-06 10:48:43.823000+00:00,2026-01-06 10:48:44.152847+00:00,223.823,0.795,0.79,0.8,0.205,0.2,0.21,,,,
2026-01-06 10:48:44.857000+00:00,2026-01-06 10:48:45.162370+00:00,224.857,0.795,0.79,0.8,0.205,0.2,0.21,,,,
2026-01-06 10:48:45.852000+00:00,2026-01-06 10:48:46.175414+00:00,225.852,0.795,0.79,0.8,0.205,0.2,0.21,,,,
2026-01-06 10:48:46.934000+00:00,2026-01-06 10:48:47.196308+00:00,226.934,0.795,0.79,0.8,0.205,0.2,0.21,,,,
2026-01-06 10:48:47.937000+00:00,2026-01-06 10:48:48.211324+00:00,227.937,0.805,0.8,0.81,0.195,0.19,0.2,,,,
2026-01-06 10:48:48.907000+00:00,2026-01-06 10:48:49.211828+00:00,228.907,0.785,0.78,0.79,0.215,0.21,0.22,,,,
2026-01-06 10:48:49.926000+00:00,2026-01-06 10:48:50.210684+00:00,229.926,0.805,0.8,0.81,0.195,0.19,0.2,,,,
2026-01-06 10:48:50.946000+00:00,2026-01-06 10:48:51.210841+00:00,230.946,0.795,0.79,0.8,0.205,0.2,0.21,,,,
2026-01-06 10:48:51.958000+00:00,2026-01-06 10:48:52.223976+00:00,231.958,0.805,0.8,0.81,0.195,0.19,0.2,,,,
2026-01-06 10:48:52.932000+00:00,2026-01-06 10:48:53.227303+00:00,232.932,0.815,0.81,0.82,0.185,0.18,0.19,,,,
2026-01-06 10:48:53.870000+00:00,2026-01-06 10:48:54.221123+00:00,233.87,0.845,0.84,0.85,0.155,0.15,0.16,,,,
2026-01-06 10:48:54.833000+00:00,2026-01-06 10:48:55.227292+00:00,234.833,0.845,0.84,0.85,0.155,0.15,0.16,,,,
2026-01-06 10:48:55.981000+00:00,2026-01-06 10:48:56.226983+00:00,235.981,0.84,0.83,0.85,0.16,0.15,0.17,,,,
2026-01-06 10:48:56.918000+00:00,2026-01-06 10:48:57.242784+00:00,236.918,0.835,0.82,0.85,0.1649999999999999,0.15,0.18,,,,
2026-01-06 10:48:57.859000+00:00,2026-01-06 10:48:58.244033+00:00,237.859,0.83,0.82,0.84,0.1699999999999999,0.16,0.18,,,,
2026-01-06 10:48:58.905000+00:00,2026-01-06 10:48:59.243022+00:00,238.905,0.835,0.83,0.84,0.165,0.16,0.17,,,,
2026-01-06 10:48:59.843000+00:00,2026-01-06 10:49:00.244010+00:00,239.843,0.835,0.83,0.84,0.165,0.16,0.17,,,,
2026-01-06 10:49:00.925000+00:00,2026-01-06 10:49:01.257639+00:00,240.925,0.835,0.83,0.84,0.165,0.16,0.17,,,,
2026-01-06 10:49:02.004000+00:00,2026-01-06 10:49:02.276675+00:00,242.004,0.805,0.8,0.81,0.195,0.19,0.2,,,,
2026-01-06 10:49:03.907000+00:00,2026-01-06 10:49:04.311885+00:00,243.907,0.8,0.79,0.81,0.2,0.19,0.21,,,,
2026-01-06 10:49:05.006000+00:00,2026-01-06 10:49:05.328984+00:00,245.006,0.8,0.79,0.81,0.2,0.19,0.21,,,,
2026-01-06 10:49:06.035000+00:00,2026-01-06 10:49:06.331628+00:00,246.035,0.795,0.79,0.8,0.205,0.2,0.21,,,,
2026-01-06 10:49:07.058000+00:00,2026-01-06 10:49:07.336734+00:00,247.058,0.795,0.79,0.8,0.2,0.19,0.21,,,,
2026-01-06 10:49:08.085000+00:00,2026-01-06 10:49:08.346400+00:00,248.085,0.79,0.78,0.8,0.21,0.2,0.22,,,,
2026-01-06 10:49:09.065000+00:00,2026-01-06 10:49:09.344160+00:00,249.065,0.795,0.79,0.8,0.205,0.2,0.21,,,,
2026-01-06 10:49:10.072000+00:00,2026-01-06 10:49:10.345046+00:00,250.072,0.78,0.77,0.79,0.225,0.22,0.23,,,,
2026-01-06 10:49:11.022000+00:00,2026-01-06 10:49:11.343406+00:00,251.022,0.775,0.77,0.78,0.225,0.22,0.23,,,,
2026-01-06 10:49:12.085000+00:00,2026-01-06 10:49:12.343955+00:00,252.085,0.775,0.77,0.78,0.225,0.22,0.23,,,,
2026-01-06 10:49:13.798000+00:00,2026-01-06 10:49:14.354475+00:00,253.798,0.775,0.77,0.78,0.225,0.22,0.23,,,,
2026-01-06 10:49:14.983000+00:00,2026-01-06 10:49:15.359748+00:00,254.983,0.775,0.77,0.78,0.225,0.22,0.23,,,,
2026-01-06 10:49:15.853000+00:00,2026-01-06 10:49:16.377496+00:00,255.853,0.775,0.77,0.78,0.225,0.22,0.23,,,,
2026-01-06 10:49:17.130000+00:00,2026-01-06 10:49:17.394451+00:00,257.13,0.775,0.77,0.78,0.225,0.22,0.23,,,,
2026-01-06 10:49:18.894000+00:00,2026-01-06 10:49:19.399170+00:00,258.894,0.775,0.77,0.78,0.225,0.22,0.23,,,,
2026-01-06 10:49:19.915000+00:00,2026-01-06 10:49:20.409875+00:00,259.915,0.775,0.77,0.78,0.225,0.22,0.23,,,,
2026-01-06 10:49:21.124000+00:00,2026-01-06 10:49:21.410837+00:00,261.124,0.775,0.77,0.78,0.225,0.22,0.23,,,,
2026-01-06 10:49:22.066000+00:00,2026-01-06 10:49:22.409930+00:00,262.066,0.775,0.77,0.78,0.225,0.22,0.23,,,,
2026-01-06 10:49:23.144000+00:00,2026-01-06 10:49:23.403246+00:00,263.144,0.75,0.74,0.76,0.25,0.24,0.26,,,,
2026-01-06 10:49:24.134000+00:00,2026-01-06 10:49:24.409845+00:00,264.134,0.74,0.73,0.75,0.275,0.27,0.28,,,,
2026-01-06 10:49:25.157000+00:00,2026-01-06 10:49:25.427006+00:00,265.157,0.685,0.68,0.69,0.315,0.31,0.32,,,,
2026-01-06 10:49:26.136000+00:00,2026-01-06 10:49:26.426931+00:00,266.136,0.685,0.67,0.7,0.325,0.32,0.33,,,,
2026-01-06 10:49:27.167000+00:00,2026-01-06 10:49:27.435421+00:00,267.167,0.665,0.66,0.67,0.3399999999999999,0.33,0.35,,,,
2026-01-06 10:49:28.181000+00:00,2026-01-06 10:49:28.451773+00:00,268.181,0.655,0.65,0.66,0.345,0.34,0.35,,,,
2026-01-06 10:49:29.176000+00:00,2026-01-06 10:49:29.450663+00:00,269.176,0.655,0.65,0.66,0.3399999999999999,0.33,0.35,,,,
2026-01-06 10:49:30.106000+00:00,2026-01-06 10:49:30.468146+00:00,270.106,0.665,0.66,0.67,0.3399999999999999,0.33,0.35,,,,
2026-01-06 10:49:31.215000+00:00,2026-01-06 10:49:31.482180+00:00,271.215,0.645,0.64,0.65,0.355,0.35,0.36,,,,
2026-01-06 10:49:32.184000+00:00,2026-01-06 10:49:32.489431+00:00,272.184,0.645,0.64,0.65,0.355,0.35,0.36,,,,
2026-01-06 10:49:33.136000+00:00,2026-01-06 10:49:33.500502+00:00,273.136,0.655,0.65,0.66,0.355,0.35,0.36,,,,
2026-01-06 10:49:34.214000+00:00,2026-01-06 10:49:34.514909+00:00,274.214,0.65,0.64,0.66,0.35,0.34,0.36,,,,
2026-01-06 10:49:35.255000+00:00,2026-01-06 10:49:35.526332+00:00,275.255,0.65,0.64,0.66,0.35,0.34,0.36,,,,
2026-01-06 10:49:36.259000+00:00,2026-01-06 10:49:36.526988+00:00,276.259,0.65,0.64,0.66,0.35,0.34,0.36,,,,
2026-01-06 10:49:37.264000+00:00,2026-01-06 10:49:37.533846+00:00,277.264,0.665,0.66,0.67,0.335,0.33,0.34,,,,
2026-01-06 10:49:38.161000+00:00,2026-01-06 10:49:38.542944+00:00,278.161,0.67,0.66,0.68,0.325,0.32,0.33,,,,
2026-01-06 10:49:39.193000+00:00,2026-01-06 10:49:39.549718+00:00,279.193,0.67,0.66,0.68,0.33,0.32,0.34,,,,
2026-01-06 10:49:40.242000+00:00,2026-01-06 10:49:40.562185+00:00,280.242,0.67,0.66,0.68,0.33,0.32,0.34,,,,
2026-01-06 10:49:41.316000+00:00,2026-01-06 10:49:41.558109+00:00,281.316,0.675,0.67,0.68,0.32,0.31,0.33,,,,
2026-01-06 10:49:42.167000+00:00,2026-01-06 10:49:42.560158+00:00,282.167,0.685,0.68,0.69,0.315,0.31,0.32,,,,
2026-01-06 10:49:43.266000+00:00,2026-01-06 10:49:43.559231+00:00,283.266,0.6799999999999999,0.67,0.69,0.325,0.32,0.33,,,,
2026-01-06 10:49:44.266000+00:00,2026-01-06 10:49:44.574621+00:00,284.266,0.675,0.67,0.68,0.335,0.33,0.34,,,,
2026-01-06 10:49:45.292000+00:00,2026-01-06 10:49:45.592465+00:00,285.292,0.665,0.66,0.67,0.335,0.33,0.34,,,,
2026-01-06 10:49:46.333000+00:00,2026-01-06 10:49:46.593353+00:00,286.333,0.675,0.67,0.68,0.325,0.32,0.33,,,,
2026-01-06 10:49:47.335000+00:00,2026-01-06 10:49:47.609847+00:00,287.335,0.675,0.67,0.68,0.325,0.32,0.33,,,,
2026-01-06 10:49:48.035000+00:00,2026-01-06 10:49:48.612021+00:00,288.035,0.675,0.67,0.68,0.325,0.32,0.33,,,,
2026-01-06 10:49:49.336000+00:00,2026-01-06 10:49:49.612916+00:00,289.336,0.675,0.67,0.68,0.325,0.32,0.33,,,,
2026-01-06 10:49:50.358000+00:00,2026-01-06 10:49:50.626704+00:00,290.358,0.685,0.68,0.69,0.315,0.31,0.32,,,,
2026-01-06 10:49:51.363000+00:00,2026-01-06 10:49:51.625489+00:00,291.363,0.675,0.67,0.68,0.325,0.32,0.33,,,,
2026-01-06 10:49:52.124000+00:00,2026-01-06 10:49:52.625020+00:00,292.124,0.665,0.66,0.67,0.335,0.33,0.34,,,,
2026-01-06 10:49:53.366000+00:00,2026-01-06 10:49:53.627487+00:00,293.366,0.665,0.66,0.67,0.335,0.33,0.34,,,,
2026-01-06 10:49:54.382000+00:00,2026-01-06 10:49:54.642962+00:00,294.382,0.665,0.66,0.67,0.335,0.33,0.34,,,,
2026-01-06 10:49:55.373000+00:00,2026-01-06 10:49:55.643344+00:00,295.373,0.665,0.66,0.67,0.335,0.33,0.34,,,,
2026-01-06 10:49:56.370000+00:00,2026-01-06 10:49:56.657911+00:00,296.37,0.665,0.66,0.67,0.335,0.33,0.34,,,,
2026-01-06 10:49:57.377000+00:00,2026-01-06 10:49:57.662060+00:00,297.377,0.665,0.66,0.67,0.335,0.33,0.34,,,,
2026-01-06 10:49:58.396000+00:00,2026-01-06 10:49:58.675814+00:00,298.396,0.665,0.66,0.67,0.335,0.33,0.34,,,,
2026-01-06 10:49:59.412000+00:00,2026-01-06 10:49:59.674513+00:00,299.412,0.665,0.66,0.67,0.32,0.31,0.33,,,,
2026-01-06 10:50:00.385000+00:00,2026-01-06 10:50:00.674899+00:00,300.385,0.705,0.7,0.71,0.295,0.29,0.3,,,,
2026-01-06 10:50:01.403000+00:00,2026-01-06 10:50:01.674222+00:00,301.403,0.71,0.7,0.72,0.29,0.28,0.3,,,,
2026-01-06 10:50:02.430000+00:00,2026-01-06 10:50:02.691123+00:00,302.43,0.715,0.71,0.72,0.285,0.28,0.29,,,,
2026-01-06 10:50:03.415000+00:00,2026-01-06 10:50:03.706117+00:00,303.415,0.745,0.74,0.75,0.255,0.25,0.26,,,,
2026-01-06 10:50:04.455000+00:00,2026-01-06 10:50:04.723655+00:00,304.455,0.745,0.74,0.75,0.265,0.26,0.27,,,,
2026-01-06 10:50:05.477000+00:00,2026-01-06 10:50:05.741674+00:00,305.477,0.715,0.71,0.72,0.285,0.28,0.29,,,,
2026-01-06 10:50:06.470000+00:00,2026-01-06 10:50:06.741029+00:00,306.47,0.665,0.66,0.67,0.335,0.33,0.34,,,,
2026-01-06 10:50:07.480000+00:00,2026-01-06 10:50:07.743724+00:00,307.48,0.665,0.66,0.67,0.335,0.33,0.34,,,,
2026-01-06 10:50:08.486000+00:00,2026-01-06 10:50:08.742514+00:00,308.486,0.655,0.65,0.66,0.345,0.34,0.35,,,,
2026-01-06 10:50:09.474000+00:00,2026-01-06 10:50:09.742041+00:00,309.474,0.655,0.65,0.66,0.345,0.34,0.35,,,,
2026-01-06 10:50:10.474000+00:00,2026-01-06 10:50:10.750567+00:00,310.474,0.655,0.65,0.66,0.345,0.34,0.35,,,,
2026-01-06 10:50:11.498000+00:00,2026-01-06 10:50:11.757191+00:00,311.498,0.645,0.64,0.65,0.355,0.35,0.36,,,,
2026-01-06 10:50:12.475000+00:00,2026-01-06 10:50:12.759045+00:00,312.475,0.635,0.63,0.64,0.365,0.36,0.37,,,,
2026-01-06 10:50:13.468000+00:00,2026-01-06 10:50:13.759715+00:00,313.468,0.64,0.63,0.65,0.36,0.35,0.37,,,,
2026-01-06 10:50:14.504000+00:00,2026-01-06 10:50:14.773899+00:00,314.504,0.65,0.64,0.66,0.35,0.34,0.36,,,,
2026-01-06 10:50:15.506000+00:00,2026-01-06 10:50:15.774506+00:00,315.506,0.685,0.68,0.69,0.315,0.31,0.32,,,,
2026-01-06 10:50:16.529000+00:00,2026-01-06 10:50:16.789905+00:00,316.529,0.7,0.69,0.71,0.3,0.29,0.31,,,,
2026-01-06 10:50:17.507000+00:00,2026-01-06 10:50:17.791091+00:00,317.507,0.7,0.69,0.71,0.3,0.29,0.31,,,,
2026-01-06 10:50:18.529000+00:00,2026-01-06 10:50:18.806240+00:00,318.529,0.67,0.66,0.68,0.325,0.32,0.33,,,,
2026-01-06 10:50:19.511000+00:00,2026-01-06 10:50:19.824566+00:00,319.511,0.67,0.66,0.68,0.33,0.32,0.34,,,,
2026-01-06 10:50:20.556000+00:00,2026-01-06 10:50:20.815732+00:00,320.556,0.675,0.67,0.68,0.325,0.32,0.33,,,,
2026-01-06 10:50:21.507000+00:00,2026-01-06 10:50:21.832036+00:00,321.507,0.6799999999999999,0.67,0.69,0.32,0.31,0.33,,,,
2026-01-06 10:50:22.391000+00:00,2026-01-06 10:50:22.840916+00:00,322.391,0.6799999999999999,0.67,0.69,0.32,0.31,0.33,,,,
2026-01-06 10:50:23.350000+00:00,2026-01-06 10:50:23.855154+00:00,323.35,0.6799999999999999,0.67,0.69,0.32,0.31,0.33,,,,
2026-01-06 10:50:24.611000+00:00,2026-01-06 10:50:24.874159+00:00,324.611,0.665,0.66,0.67,0.355,0.35,0.36,,,,
2026-01-06 10:50:25.614000+00:00,2026-01-06 10:50:25.874639+00:00,325.614,0.645,0.64,0.65,0.355,0.35,0.36,,,,
2026-01-06 10:50:26.615000+00:00,2026-01-06 10:50:26.892140+00:00,326.615,0.645,0.64,0.65,0.355,0.35,0.36,,,,
2026-01-06 10:50:27.511000+00:00,2026-01-06 10:50:27.892120+00:00,327.511,0.65,0.64,0.66,0.35,0.34,0.36,,,,
2026-01-06 10:50:28.496000+00:00,2026-01-06 10:50:28.908411+00:00,328.496,0.655,0.65,0.66,0.345,0.34,0.35,,,,
2026-01-06 10:50:29.268000+00:00,2026-01-06 10:50:29.909788+00:00,329.268,0.655,0.65,0.66,0.345,0.34,0.35,,,,
2026-01-06 10:50:30.632000+00:00,2026-01-06 10:50:30.908790+00:00,330.632,0.655,0.65,0.66,0.345,0.34,0.35,,,,
2026-01-06 10:50:31.564000+00:00,2026-01-06 10:50:31.913623+00:00,331.564,0.65,0.64,0.66,0.35,0.34,0.36,,,,
2026-01-06 10:50:32.593000+00:00,2026-01-06 10:50:32.906890+00:00,332.593,0.66,0.65,0.67,0.3399999999999999,0.33,0.35,,,,
2026-01-06 10:50:33.518000+00:00,2026-01-06 10:50:33.907714+00:00,333.518,0.66,0.65,0.67,0.3399999999999999,0.33,0.35,,,,
2026-01-06 10:50:34.582000+00:00,2026-01-06 10:50:34.913666+00:00,334.582,0.645,0.64,0.65,0.355,0.35,0.36,,,,
2026-01-06 10:50:35.577000+00:00,2026-01-06 10:50:35.907657+00:00,335.577,0.645,0.64,0.65,0.365,0.36,0.37,,,,
2026-01-06 10:50:36.664000+00:00,2026-01-06 10:50:36.915842+00:00,336.664,0.595,0.59,0.6,0.405,0.4,0.41,,,,
2026-01-06 10:50:37.626000+00:00,2026-01-06 10:50:37.931295+00:00,337.626,0.575,0.57,0.58,0.425,0.42,0.43,,,,
2026-01-06 10:50:38.677000+00:00,2026-01-06 10:50:38.945586+00:00,338.677,0.575,0.57,0.58,0.425,0.42,0.43,,,,
2026-01-06 10:50:39.675000+00:00,2026-01-06 10:50:39.941035+00:00,339.675,0.565,0.56,0.57,0.445,0.43,0.46,,,,
2026-01-06 10:50:40.276000+00:00,2026-01-06 10:50:40.940714+00:00,340.276,0.545,0.54,0.55,0.455,0.45,0.46,,,,
2026-01-06 10:50:41.690000+00:00,2026-01-06 10:50:41.956405+00:00,341.69,0.555,0.55,0.56,0.445,0.44,0.45,,,,
2026-01-06 10:50:42.611000+00:00,2026-01-06 10:50:42.958195+00:00,342.611,0.555,0.55,0.56,0.445,0.44,0.45,,,,
2026-01-06 10:50:43.659000+00:00,2026-01-06 10:50:43.964827+00:00,343.659,0.555,0.55,0.56,0.445,0.44,0.45,,,,
2026-01-06 10:50:44.662000+00:00,2026-01-06 10:50:44.975124+00:00,344.662,0.555,0.55,0.56,0.445,0.44,0.45,,,,
2026-01-06 10:50:45.698000+00:00,2026-01-06 10:50:45.976401+00:00,345.698,0.545,0.54,0.55,0.455,0.45,0.46,,,,
2026-01-06 10:50:46.681000+00:00,2026-01-06 10:50:46.993611+00:00,346.681,0.535,0.53,0.54,0.4649999999999999,0.46,0.47,,,,
2026-01-06 10:50:47.581000+00:00,2026-01-06 10:50:48.006543+00:00,347.581,0.535,0.53,0.54,0.4649999999999999,0.46,0.47,,,,
2026-01-06 10:50:48.745000+00:00,2026-01-06 10:50:49.013979+00:00,348.745,0.495,0.49,0.5,0.505,0.5,0.51,,,,
2026-01-06 10:50:49.783000+00:00,2026-01-06 10:50:50.025235+00:00,349.783,0.505,0.49,0.52,0.495,0.49,0.5,,,,
2026-01-06 10:50:50.719000+00:00,2026-01-06 10:50:51.040550+00:00,350.719,0.505,0.5,0.51,0.495,0.49,0.5,,,,
2026-01-06 10:50:51.629000+00:00,2026-01-06 10:50:52.057414+00:00,351.629,0.505,0.5,0.51,0.495,0.49,0.5,,,,
2026-01-06 10:50:52.802000+00:00,2026-01-06 10:50:53.056956+00:00,352.802,0.4649999999999999,0.46,0.47,0.545,0.53,0.56,,,,
2026-01-06 10:50:53.764000+00:00,2026-01-06 10:50:54.057728+00:00,353.764,0.4649999999999999,0.46,0.47,0.535,0.53,0.54,,,,
2026-01-06 10:50:54.579000+00:00,2026-01-06 10:50:55.070829+00:00,354.579,0.445,0.44,0.45,0.555,0.55,0.56,,,,
2026-01-06 10:50:55.810000+00:00,2026-01-06 10:50:56.073276+00:00,355.81,0.445,0.44,0.45,0.555,0.55,0.56,,,,
2026-01-06 10:50:56.681000+00:00,2026-01-06 10:50:57.091295+00:00,356.681,0.4649999999999999,0.45,0.48,0.535,0.52,0.55,,,,
2026-01-06 10:50:57.823000+00:00,2026-01-06 10:50:58.107882+00:00,357.823,0.485,0.48,0.49,0.515,0.51,0.52,,,,
2026-01-06 10:50:58.814000+00:00,2026-01-06 10:50:59.121802+00:00,358.814,0.515,0.51,0.52,0.485,0.48,0.49,,,,
2026-01-06 10:50:59.862000+00:00,2026-01-06 10:51:00.121169+00:00,359.862,0.495,0.49,0.5,0.505,0.5,0.51,,,,
2026-01-06 10:51:00.873000+00:00,2026-01-06 10:51:01.121977+00:00,360.873,0.47,0.46,0.48,0.53,0.52,0.54,,,,
2026-01-06 10:51:01.836000+00:00,2026-01-06 10:51:02.138777+00:00,361.836,0.475,0.46,0.49,0.525,0.51,0.54,,,,
2026-01-06 10:51:02.875000+00:00,2026-01-06 10:51:03.157162+00:00,362.875,0.4599999999999999,0.45,0.47,0.545,0.53,0.56,,,,
2026-01-06 10:51:03.868000+00:00,2026-01-06 10:51:04.162367+00:00,363.868,0.45,0.44,0.46,0.55,0.54,0.56,,,,
2026-01-06 10:51:04.880000+00:00,2026-01-06 10:51:05.170486+00:00,364.88,0.45,0.44,0.46,0.55,0.54,0.56,,,,
2026-01-06 10:51:05.909000+00:00,2026-01-06 10:51:06.169166+00:00,365.909,0.445,0.44,0.45,0.555,0.55,0.56,,,,
2026-01-06 10:51:06.795000+00:00,2026-01-06 10:51:07.174253+00:00,366.795,0.435,0.43,0.44,0.565,0.56,0.57,,,,
2026-01-06 10:51:07.546000+00:00,2026-01-06 10:51:08.176029+00:00,367.546,0.435,0.43,0.44,0.565,0.56,0.57,,,,
2026-01-06 10:51:08.643000+00:00,2026-01-06 10:51:09.173877+00:00,368.643,0.44,0.43,0.45,0.56,0.55,0.57,,,,
2026-01-06 10:51:09.833000+00:00,2026-01-06 10:51:10.172450+00:00,369.833,0.44,0.43,0.45,0.56,0.55,0.57,,,,
2026-01-06 10:51:10.929000+00:00,2026-01-06 10:51:11.186270+00:00,370.929,0.445,0.44,0.45,0.555,0.55,0.56,,,,
2026-01-06 10:51:11.939000+00:00,2026-01-06 10:51:12.188427+00:00,371.939,0.435,0.43,0.44,0.565,0.56,0.57,,,,
2026-01-06 10:51:12.901000+00:00,2026-01-06 10:51:13.203122+00:00,372.901,0.425,0.42,0.43,0.575,0.57,0.58,,,,
2026-01-06 10:51:13.866000+00:00,2026-01-06 10:51:14.205153+00:00,373.866,0.425,0.42,0.43,0.575,0.57,0.58,,,,
2026-01-06 10:51:14.813000+00:00,2026-01-06 10:51:15.223269+00:00,374.813,0.425,0.42,0.43,0.575,0.57,0.58,,,,
2026-01-06 10:51:15.969000+00:00,2026-01-06 10:51:16.239446+00:00,375.969,0.445,0.43,0.46,0.535,0.53,0.54,,,,
2026-01-06 10:51:16.981000+00:00,2026-01-06 10:51:17.246483+00:00,376.981,0.4649999999999999,0.46,0.47,0.535,0.53,0.54,,,,
2026-01-06 10:51:17.859000+00:00,2026-01-06 10:51:18.260680+00:00,377.859,0.4649999999999999,0.46,0.47,0.535,0.53,0.54,,,,
2026-01-06 10:51:18.861000+00:00,2026-01-06 10:51:19.261882+00:00,378.861,0.4649999999999999,0.46,0.47,0.535,0.53,0.54,,,,
2026-01-06 10:51:19.964000+00:00,2026-01-06 10:51:20.272245+00:00,379.964,0.47,0.46,0.48,0.535,0.53,0.54,,,,
2026-01-06 10:51:20.865000+00:00,2026-01-06 10:51:21.284403+00:00,380.865,0.4599999999999999,0.45,0.47,0.54,0.53,0.55,,,,
2026-01-06 10:51:21.899000+00:00,2026-01-06 10:51:22.290153+00:00,381.899,0.455,0.45,0.46,0.545,0.54,0.55,,,,
2026-01-06 10:51:22.956000+00:00,2026-01-06 10:51:23.293434+00:00,382.956,0.455,0.45,0.46,0.545,0.54,0.55,,,,
2026-01-06 10:51:23.986000+00:00,2026-01-06 10:51:24.291746+00:00,383.986,0.4599999999999999,0.45,0.47,0.54,0.53,0.55,,,,
2026-01-06 10:51:24.987000+00:00,2026-01-06 10:51:25.302771+00:00,384.987,0.4649999999999999,0.46,0.47,0.535,0.53,0.54,,,,
2026-01-06 10:51:26.985000+00:00,2026-01-06 10:51:27.314590+00:00,386.985,0.4649999999999999,0.46,0.47,0.535,0.53,0.54,,,,
2026-01-06 10:51:28.048000+00:00,2026-01-06 10:51:28.314790+00:00,388.048,0.455,0.45,0.46,0.545,0.54,0.55,,,,
2026-01-06 10:51:29.610000+00:00,2026-01-06 10:51:30.319291+00:00,389.61,0.445,0.44,0.45,0.555,0.55,0.56,,,,
2026-01-06 10:51:31.706000+00:00,2026-01-06 10:51:32.331950+00:00,391.706,0.445,0.44,0.45,0.555,0.55,0.56,,,,
2026-01-06 10:51:32.742000+00:00,2026-01-06 10:51:33.344950+00:00,392.742,0.445,0.44,0.45,0.555,0.55,0.56,,,,
2026-01-06 10:51:34.072000+00:00,2026-01-06 10:51:34.335506+00:00,394.072,0.425,0.42,0.43,0.575,0.57,0.58,,,,
2026-01-06 10:51:35.072000+00:00,2026-01-06 10:51:35.337439+00:00,395.072,0.425,0.42,0.43,0.575,0.57,0.58,,,,
2026-01-06 10:51:36.057000+00:00,2026-01-06 10:51:36.341451+00:00,396.057,0.425,0.42,0.43,0.575,0.57,0.58,,,,
2026-01-06 10:51:37.100000+00:00,2026-01-06 10:51:37.354859+00:00,397.1,0.425,0.42,0.43,0.575,0.57,0.58,,,,
2026-01-06 10:51:38.082000+00:00,2026-01-06 10:51:38.355280+00:00,398.082,0.445,0.44,0.45,0.555,0.55,0.56,,,,
2026-01-06 10:51:39.112000+00:00,2026-01-06 10:51:39.378461+00:00,399.112,0.445,0.44,0.45,0.555,0.55,0.56,,,,
2026-01-06 10:51:40.126000+00:00,2026-01-06 10:51:40.387806+00:00,400.126,0.445,0.44,0.45,0.555,0.55,0.56,,,,
2026-01-06 10:51:41.142000+00:00,2026-01-06 10:51:41.395050+00:00,401.142,0.455,0.45,0.46,0.545,0.54,0.55,,,,
2026-01-06 10:51:42.116000+00:00,2026-01-06 10:51:42.404617+00:00,402.116,0.4649999999999999,0.46,0.47,0.535,0.53,0.54,,,,
2026-01-06 10:51:43.151000+00:00,2026-01-06 10:51:43.405083+00:00,403.151,0.4649999999999999,0.46,0.47,0.535,0.53,0.54,,,,
2026-01-06 10:51:44.120000+00:00,2026-01-06 10:51:44.408875+00:00,404.12,0.4649999999999999,0.46,0.47,0.535,0.53,0.54,,,,
2026-01-06 10:51:45.111000+00:00,2026-01-06 10:51:45.414798+00:00,405.111,0.485,0.48,0.49,0.515,0.51,0.52,,,,
2026-01-06 10:51:46.159000+00:00,2026-01-06 10:51:46.422189+00:00,406.159,0.515,0.51,0.52,0.485,0.48,0.49,,,,
2026-01-06 10:51:47.161000+00:00,2026-01-06 10:51:47.438601+00:00,407.161,0.535,0.53,0.54,0.4649999999999999,0.46,0.47,,,,
2026-01-06 10:51:48.128000+00:00,2026-01-06 10:51:48.438999+00:00,408.128,0.535,0.53,0.54,0.4649999999999999,0.46,0.47,,,,
2026-01-06 10:51:49.050000+00:00,2026-01-06 10:51:49.443740+00:00,409.05,0.535,0.53,0.54,0.4649999999999999,0.46,0.47,,,,
2026-01-06 10:51:50.118000+00:00,2026-01-06 10:51:50.454932+00:00,410.118,0.535,0.53,0.54,0.4649999999999999,0.46,0.47,,,,
2026-01-06 10:51:51.199000+00:00,2026-01-06 10:51:51.463041+00:00,411.199,0.535,0.53,0.54,0.475,0.47,0.48,,,,
2026-01-06 10:51:52.228000+00:00,2026-01-06 10:51:52.473282+00:00,412.228,0.555,0.55,0.56,0.435,0.43,0.44,,,,
2026-01-06 10:51:53.183000+00:00,2026-01-06 10:51:53.471013+00:00,413.183,0.58,0.57,0.59,0.415,0.41,0.42,,,,
2026-01-06 10:51:54.134000+00:00,2026-01-06 10:51:54.463429+00:00,414.134,0.595,0.59,0.6,0.415,0.41,0.42,,,,
2026-01-06 10:51:55.108000+00:00,2026-01-06 10:51:55.461519+00:00,415.108,0.585,0.58,0.59,0.41,0.4,0.42,,,,
2026-01-06 10:51:56.148000+00:00,2026-01-06 10:51:56.461127+00:00,416.148,0.605,0.6,0.61,0.39,0.38,0.4,,,,
2026-01-06 10:51:57.197000+00:00,2026-01-06 10:51:57.475329+00:00,417.197,0.615,0.61,0.62,0.385,0.38,0.39,,,,
2026-01-06 10:51:58.123000+00:00,2026-01-06 10:51:58.475857+00:00,418.123,0.625,0.62,0.63,0.375,0.37,0.38,,,,
2026-01-06 10:51:59.216000+00:00,2026-01-06 10:51:59.482225+00:00,419.216,0.625,0.62,0.63,0.375,0.37,0.38,,,,
2026-01-06 10:52:00.188000+00:00,2026-01-06 10:52:00.481137+00:00,420.188,0.625,0.62,0.63,0.375,0.37,0.38,,,,
2026-01-06 10:52:01.223000+00:00,2026-01-06 10:52:01.484794+00:00,421.223,0.625,0.62,0.63,0.375,0.37,0.38,,,,
2026-01-06 10:52:02.192000+00:00,2026-01-06 10:52:02.494170+00:00,422.192,0.615,0.61,0.62,0.385,0.38,0.39,,,,
2026-01-06 10:52:03.150000+00:00,2026-01-06 10:52:03.510747+00:00,423.15,0.615,0.61,0.62,0.385,0.38,0.39,,,,
2026-01-06 10:52:04.252000+00:00,2026-01-06 10:52:04.515590+00:00,424.252,0.615,0.61,0.62,0.385,0.38,0.39,,,,
2026-01-06 10:52:05.250000+00:00,2026-01-06 10:52:05.514988+00:00,425.25,0.655,0.65,0.66,0.325,0.32,0.33,,,,
2026-01-06 10:52:06.247000+00:00,2026-01-06 10:52:06.521063+00:00,426.247,0.675,0.67,0.68,0.325,0.32,0.33,,,,
2026-01-06 10:52:07.268000+00:00,2026-01-06 10:52:07.525052+00:00,427.268,0.685,0.68,0.69,0.315,0.31,0.32,,,,
2026-01-06 10:52:08.243000+00:00,2026-01-06 10:52:08.527381+00:00,428.243,0.71,0.7,0.72,0.275,0.27,0.28,,,,
2026-01-06 10:52:09.268000+00:00,2026-01-06 10:52:09.538254+00:00,429.268,0.735,0.73,0.74,0.265,0.26,0.27,,,,
2026-01-06 10:52:10.272000+00:00,2026-01-06 10:52:10.552554+00:00,430.272,0.735,0.73,0.74,0.265,0.26,0.27,,,,
2026-01-06 10:52:11.285000+00:00,2026-01-06 10:52:11.550210+00:00,431.285,0.735,0.73,0.74,0.265,0.26,0.27,,,,
2026-01-06 10:52:12.241000+00:00,2026-01-06 10:52:12.554813+00:00,432.241,0.76,0.75,0.77,0.24,0.23,0.25,,,,
2026-01-06 10:52:13.270000+00:00,2026-01-06 10:52:13.553619+00:00,433.27,0.76,0.75,0.77,0.24,0.23,0.25,,,,
2026-01-06 10:52:14.255000+00:00,2026-01-06 10:52:14.560056+00:00,434.255,0.76,0.75,0.77,0.24,0.23,0.25,,,,
2026-01-06 10:52:15.242000+00:00,2026-01-06 10:52:15.561848+00:00,435.242,0.755,0.75,0.76,0.245,0.24,0.25,,,,
2026-01-06 10:52:16.243000+00:00,2026-01-06 10:52:16.561810+00:00,436.243,0.755,0.75,0.76,0.245,0.24,0.25,,,,
2026-01-06 10:52:17.281000+00:00,2026-01-06 10:52:17.570223+00:00,437.281,0.755,0.75,0.76,0.245,0.24,0.25,,,,
2026-01-06 10:52:18.317000+00:00,2026-01-06 10:52:18.583354+00:00,438.317,0.765,0.76,0.77,0.235,0.23,0.24,,,,
2026-01-06 10:52:19.343000+00:00,2026-01-06 10:52:19.603425+00:00,439.343,0.805,0.8,0.81,0.195,0.19,0.2,,,,
2026-01-06 10:52:20.289000+00:00,2026-01-06 10:52:20.606944+00:00,440.289,0.81,0.8,0.82,0.19,0.18,0.2,,,,
2026-01-06 10:52:21.304000+00:00,2026-01-06 10:52:21.608055+00:00,441.304,0.805,0.8,0.81,0.195,0.19,0.2,,,,
2026-01-06 10:52:22.316000+00:00,2026-01-06 10:52:22.610014+00:00,442.316,0.805,0.8,0.81,0.195,0.19,0.2,,,,
2026-01-06 10:52:23.360000+00:00,2026-01-06 10:52:23.627981+00:00,443.36,0.815,0.81,0.82,0.185,0.18,0.19,,,,
2026-01-06 10:52:24.252000+00:00,2026-01-06 10:52:24.630019+00:00,444.252,0.815,0.81,0.82,0.185,0.18,0.19,,,,
2026-01-06 10:52:25.359000+00:00,2026-01-06 10:52:25.635677+00:00,445.359,0.8200000000000001,0.81,0.83,0.18,0.17,0.19,,,,
2026-01-06 10:52:26.346000+00:00,2026-01-06 10:52:26.654274+00:00,446.346,0.815,0.81,0.82,0.19,0.18,0.2,,,,
2026-01-06 10:52:27.197000+00:00,2026-01-06 10:52:27.660510+00:00,447.197,0.815,0.81,0.82,0.19,0.18,0.2,,,,
2026-01-06 10:52:28.301000+00:00,2026-01-06 10:52:28.662664+00:00,448.301,0.81,0.8,0.82,0.19,0.18,0.2,,,,
2026-01-06 10:52:29.444000+00:00,2026-01-06 10:52:29.657752+00:00,449.444,0.81,0.8,0.82,0.185,0.17,0.2,,,,
2026-01-06 10:52:30.249000+00:00,2026-01-06 10:52:30.668922+00:00,450.249,0.825,0.82,0.83,0.18,0.17,0.19,,,,
2026-01-06 10:52:31.387000+00:00,2026-01-06 10:52:31.674457+00:00,451.387,0.835,0.83,0.84,0.165,0.16,0.17,,,,
2026-01-06 10:52:32.403000+00:00,2026-01-06 10:52:32.686686+00:00,452.403,0.835,0.83,0.84,0.165,0.16,0.17,,,,
2026-01-06 10:52:33.865000+00:00,2026-01-06 10:52:34.701354+00:00,453.865,0.83,0.82,0.84,0.1699999999999999,0.16,0.18,,,,
2026-01-06 10:52:35.434000+00:00,2026-01-06 10:52:35.718251+00:00,455.434,0.83,0.82,0.84,0.165,0.16,0.17,,,,
2026-01-06 10:52:36.424000+00:00,2026-01-06 10:52:36.718724+00:00,456.424,0.83,0.82,0.84,0.1699999999999999,0.16,0.18,,,,
2026-01-06 10:52:37.396000+00:00,2026-01-06 10:52:37.735050+00:00,457.396,0.825,0.82,0.83,0.185,0.17,0.2,,,,
2026-01-06 10:52:38.456000+00:00,2026-01-06 10:52:38.750078+00:00,458.456,0.815,0.8,0.83,0.18,0.17,0.19,,,,
2026-01-06 10:52:39.448000+00:00,2026-01-06 10:52:39.750792+00:00,459.448,0.825,0.82,0.83,0.175,0.17,0.18,,,,
2026-01-06 10:52:40.447000+00:00,2026-01-06 10:52:40.756038+00:00,460.447,0.825,0.82,0.83,0.175,0.17,0.18,,,,
2026-01-06 10:52:41.505000+00:00,2026-01-06 10:52:41.769006+00:00,461.505,0.835,0.83,0.84,0.175,0.17,0.18,,,,
2026-01-06 10:52:42.490000+00:00,2026-01-06 10:52:42.768785+00:00,462.49,0.785,0.77,0.8,0.215,0.2,0.23,,,,
2026-01-06 10:52:43.475000+00:00,2026-01-06 10:52:43.768176+00:00,463.475,0.775,0.76,0.79,0.22,0.21,0.23,,,,
2026-01-06 10:52:44.461000+00:00,2026-01-06 10:52:44.777175+00:00,464.461,0.78,0.77,0.79,0.22,0.21,0.23,,,,
2026-01-06 10:52:45.517000+00:00,2026-01-06 10:52:45.787000+00:00,465.517,0.79,0.78,0.8,0.21,0.2,0.22,,,,
2026-01-06 10:52:46.510000+00:00,2026-01-06 10:52:46.784838+00:00,466.51,0.775,0.77,0.78,0.225,0.22,0.23,,,,
2026-01-06 10:52:47.540000+00:00,2026-01-06 10:52:47.803713+00:00,467.54,0.78,0.77,0.79,0.22,0.21,0.23,,,,
2026-01-06 10:52:48.457000+00:00,2026-01-06 10:52:48.801790+00:00,468.457,0.78,0.77,0.79,0.22,0.21,0.23,,,,
2026-01-06 10:52:49.461000+00:00,2026-01-06 10:52:49.803581+00:00,469.461,0.78,0.77,0.79,0.22,0.21,0.23,,,,
2026-01-06 10:52:50.552000+00:00,2026-01-06 10:52:50.802502+00:00,470.552,0.78,0.77,0.79,0.22,0.21,0.23,,,,
2026-01-06 10:52:51.534000+00:00,2026-01-06 10:52:51.802105+00:00,471.534,0.775,0.76,0.79,0.2249999999999999,0.21,0.24,,,,
2026-01-06 10:52:52.563000+00:00,2026-01-06 10:52:52.822572+00:00,472.563,0.77,0.76,0.78,0.235,0.23,0.24,,,,
2026-01-06 10:52:53.552000+00:00,2026-01-06 10:52:53.835422+00:00,473.552,0.775,0.77,0.78,0.225,0.22,0.23,,,,
2026-01-06 10:52:54.493000+00:00,2026-01-06 10:52:54.854448+00:00,474.493,0.775,0.77,0.78,0.225,0.22,0.23,,,,
2026-01-06 10:52:55.457000+00:00,2026-01-06 10:52:55.861106+00:00,475.457,0.78,0.77,0.79,0.22,0.21,0.23,,,,
2026-01-06 10:52:56.484000+00:00,2026-01-06 10:52:56.870964+00:00,476.484,0.78,0.77,0.79,0.22,0.21,0.23,,,,
2026-01-06 10:52:57.490000+00:00,2026-01-06 10:52:57.884619+00:00,477.49,0.78,0.77,0.79,0.22,0.21,0.23,,,,
2026-01-06 10:52:58.499000+00:00,2026-01-06 10:52:58.886366+00:00,478.499,0.775,0.77,0.78,0.225,0.22,0.23,,,,
2026-01-06 10:52:59.991000+00:00,2026-01-06 10:53:00.904954+00:00,479.991,0.78,0.77,0.79,0.22,0.21,0.23,,,,
2026-01-06 10:53:01.599000+00:00,2026-01-06 10:53:01.917304+00:00,481.599,0.78,0.77,0.79,0.22,0.21,0.23,,,,
2026-01-06 10:53:02.598000+00:00,2026-01-06 10:53:02.919998+00:00,482.598,0.78,0.77,0.79,0.22,0.21,0.23,,,,
2026-01-06 10:53:03.634000+00:00,2026-01-06 10:53:03.920532+00:00,483.634,0.78,0.77,0.79,0.215,0.2,0.23,,,,
2026-01-06 10:53:04.604000+00:00,2026-01-06 10:53:04.918902+00:00,484.604,0.785,0.77,0.8,0.215,0.2,0.23,,,,
2026-01-06 10:53:05.655000+00:00,2026-01-06 10:53:05.934739+00:00,485.655,0.785,0.77,0.8,0.215,0.2,0.23,,,,
2026-01-06 10:53:06.637000+00:00,2026-01-06 10:53:06.934768+00:00,486.637,0.795,0.79,0.8,0.205,0.2,0.21,,,,
2026-01-06 10:53:07.640000+00:00,2026-01-06 10:53:07.937045+00:00,487.64,0.79,0.78,0.8,0.21,0.2,0.22,,,,
2026-01-06 10:53:08.647000+00:00,2026-01-06 10:53:08.937071+00:00,488.647,0.79,0.78,0.8,0.21,0.2,0.22,,,,
2026-01-06 10:53:09.704000+00:00,2026-01-06 10:53:09.952537+00:00,489.704,0.775,0.77,0.78,0.225,0.22,0.23,,,,
2026-01-06 10:53:10.684000+00:00,2026-01-06 10:53:10.953767+00:00,490.684,0.745,0.74,0.75,0.255,0.25,0.26,,,,
2026-01-06 10:53:11.692000+00:00,2026-01-06 10:53:11.952508+00:00,491.692,0.74,0.73,0.75,0.26,0.25,0.27,,,,
2026-01-06 10:53:12.739000+00:00,2026-01-06 10:53:12.970717+00:00,492.739,0.745,0.74,0.75,0.255,0.25,0.26,,,,
2026-01-06 10:53:13.697000+00:00,2026-01-06 10:53:13.988001+00:00,493.697,0.765,0.76,0.77,0.235,0.23,0.24,,,,
2026-01-06 10:53:14.740000+00:00,2026-01-06 10:53:15.005422+00:00,494.74,0.765,0.76,0.77,0.235,0.23,0.24,,,,
2026-01-06 10:53:15.760000+00:00,2026-01-06 10:53:16.001540+00:00,495.76,0.795,0.79,0.8,0.205,0.2,0.21,,,,
2026-01-06 10:53:16.749000+00:00,2026-01-06 10:53:17.017597+00:00,496.749,0.8200000000000001,0.81,0.83,0.18,0.17,0.19,,,,
2026-01-06 10:53:17.730000+00:00,2026-01-06 10:53:18.018276+00:00,497.73,0.825,0.82,0.83,0.175,0.17,0.18,,,,
2026-01-06 10:53:18.708000+00:00,2026-01-06 10:53:19.034441+00:00,498.708,0.84,0.83,0.85,0.16,0.15,0.17,,,,
2026-01-06 10:53:19.774000+00:00,2026-01-06 10:53:20.034420+00:00,499.774,0.845,0.84,0.85,0.155,0.15,0.16,,,,
2026-01-06 10:53:20.767000+00:00,2026-01-06 10:53:21.040377+00:00,500.767,0.845,0.84,0.85,0.155,0.15,0.16,,,,
2026-01-06 10:53:21.764000+00:00,2026-01-06 10:53:22.041056+00:00,501.764,0.85,0.84,0.86,0.15,0.14,0.16,,,,
2026-01-06 10:53:22.740000+00:00,2026-01-06 10:53:23.050664+00:00,502.74,0.86,0.85,0.87,0.14,0.13,0.15,,,,
2026-01-06 10:53:23.770000+00:00,2026-01-06 10:53:24.059732+00:00,503.77,0.865,0.86,0.87,0.135,0.13,0.14,,,,
2026-01-06 10:53:24.690000+00:00,2026-01-06 10:53:25.070816+00:00,504.69,0.865,0.86,0.87,0.135,0.13,0.14,,,,
2026-01-06 10:53:25.641000+00:00,2026-01-06 10:53:26.083941+00:00,505.641,0.865,0.86,0.87,0.135,0.13,0.14,,,,
2026-01-06 10:53:26.807000+00:00,2026-01-06 10:53:27.091299+00:00,506.807,0.865,0.86,0.87,0.14,0.13,0.15,,,,
2026-01-06 10:53:27.821000+00:00,2026-01-06 10:53:28.085020+00:00,507.821,0.865,0.86,0.87,0.135,0.13,0.14,,,,
2026-01-06 10:53:28.825000+00:00,2026-01-06 10:53:29.091012+00:00,508.825,0.885,0.88,0.89,0.1149999999999999,0.11,0.12,,,,
2026-01-06 10:53:29.797000+00:00,2026-01-06 10:53:30.090308+00:00,509.797,0.865,0.86,0.87,0.135,0.13,0.14,,,,
2026-01-06 10:53:30.790000+00:00,2026-01-06 10:53:31.090991+00:00,510.79,0.865,0.86,0.87,0.135,0.13,0.14,,,,
2026-01-06 10:53:31.789000+00:00,2026-01-06 10:53:32.103611+00:00,511.789,0.865,0.86,0.87,0.135,0.13,0.14,,,,
2026-01-06 10:53:32.818000+00:00,2026-01-06 10:53:33.103462+00:00,512.818,0.87,0.86,0.88,0.13,0.12,0.14,,,,
2026-01-06 10:53:33.847000+00:00,2026-01-06 10:53:34.101495+00:00,513.847,0.87,0.86,0.88,0.13,0.12,0.14,,,,
2026-01-06 10:53:34.802000+00:00,2026-01-06 10:53:35.116727+00:00,514.802,0.87,0.86,0.88,0.13,0.12,0.14,,,,
2026-01-06 10:53:35.824000+00:00,2026-01-06 10:53:36.125381+00:00,515.824,0.865,0.86,0.87,0.13,0.12,0.14,,,,
2026-01-06 10:53:36.600000+00:00,2026-01-06 10:53:37.136781+00:00,516.6,0.87,0.86,0.88,0.13,0.12,0.14,,,,
2026-01-06 10:53:37.864000+00:00,2026-01-06 10:53:38.143713+00:00,517.864,0.87,0.86,0.88,0.13,0.12,0.14,,,,
2026-01-06 10:53:38.695000+00:00,2026-01-06 10:53:39.153102+00:00,518.695,0.87,0.86,0.88,0.13,0.12,0.14,,,,
2026-01-06 10:53:39.736000+00:00,2026-01-06 10:53:40.148882+00:00,519.736,0.865,0.86,0.87,0.135,0.13,0.14,,,,
2026-01-06 10:53:40.859000+00:00,2026-01-06 10:53:41.164758+00:00,520.859,0.865,0.86,0.87,0.13,0.12,0.14,,,,
2026-01-06 10:53:41.820000+00:00,2026-01-06 10:53:42.179418+00:00,521.82,0.865,0.86,0.87,0.135,0.13,0.14,,,,
2026-01-06 10:53:42.910000+00:00,2026-01-06 10:53:43.169572+00:00,522.91,0.865,0.86,0.87,0.135,0.13,0.14,,,,
2026-01-06 10:53:43.632000+00:00,2026-01-06 10:53:44.178468+00:00,523.632,0.865,0.86,0.87,0.135,0.13,0.14,,,,
2026-01-06 10:53:44.920000+00:00,2026-01-06 10:53:45.188410+00:00,524.92,0.865,0.86,0.87,0.135,0.13,0.14,,,,
2026-01-06 10:53:45.899000+00:00,2026-01-06 10:53:46.184143+00:00,525.899,0.87,0.86,0.88,0.13,0.12,0.14,,,,
2026-01-06 10:53:46.776000+00:00,2026-01-06 10:53:47.203179+00:00,526.776,0.875,0.87,0.88,0.125,0.12,0.13,,,,
2026-01-06 10:53:47.656000+00:00,2026-01-06 10:53:48.216397+00:00,527.656,0.875,0.87,0.88,0.125,0.12,0.13,,,,
2026-01-06 10:53:48.254000+00:00,2026-01-06 10:53:49.217665+00:00,528.254,0.875,0.87,0.88,0.125,0.12,0.13,,,,
2026-01-06 10:53:49.969000+00:00,2026-01-06 10:53:50.233158+00:00,529.969,0.865,0.86,0.87,0.14,0.13,0.15,,,,
2026-01-06 10:53:50.959000+00:00,2026-01-06 10:53:51.225862+00:00,530.959,0.855,0.85,0.86,0.145,0.14,0.15,,,,
2026-01-06 10:53:51.969000+00:00,2026-01-06 10:53:52.234024+00:00,531.969,0.855,0.85,0.86,0.145,0.14,0.15,,,,
2026-01-06 10:53:52.779000+00:00,2026-01-06 10:53:53.249557+00:00,532.779,0.825,0.82,0.83,0.175,0.17,0.18,,,,
2026-01-06 10:53:53.997000+00:00,2026-01-06 10:53:54.267180+00:00,533.997,0.815,0.81,0.82,0.185,0.18,0.19,,,,
2026-01-06 10:53:55.837000+00:00,2026-01-06 10:53:56.283552+00:00,535.837,0.805,0.8,0.81,0.195,0.19,0.2,,,,
2026-01-06 10:53:56.960000+00:00,2026-01-06 10:53:57.293592+00:00,536.96,0.81,0.8,0.82,0.19,0.18,0.2,,,,
2026-01-06 10:53:58.981000+00:00,2026-01-06 10:53:59.316002+00:00,538.981,0.785,0.77,0.8,0.215,0.2,0.23,,,,
2026-01-06 10:54:00.039000+00:00,2026-01-06 10:54:00.308231+00:00,540.039,0.795,0.79,0.8,0.205,0.2,0.21,,,,
2026-01-06 10:54:01.923000+00:00,2026-01-06 10:54:02.331090+00:00,541.923,0.8,0.79,0.81,0.2,0.19,0.21,,,,
2026-01-06 10:54:02.937000+00:00,2026-01-06 10:54:03.324714+00:00,542.937,0.8,0.79,0.81,0.2,0.19,0.21,,,,
2026-01-06 10:54:04.087000+00:00,2026-01-06 10:54:04.332325+00:00,544.087,0.79,0.78,0.8,0.215,0.2,0.23,,,,
2026-01-06 10:54:05.067000+00:00,2026-01-06 10:54:05.340743+00:00,545.067,0.805,0.8,0.81,0.195,0.19,0.2,,,,
2026-01-06 10:54:06.072000+00:00,2026-01-06 10:54:06.343268+00:00,546.072,0.815,0.81,0.82,0.185,0.18,0.19,,,,
2026-01-06 10:54:07.041000+00:00,2026-01-06 10:54:07.353168+00:00,547.041,0.825,0.82,0.83,0.175,0.17,0.18,,,,
2026-01-06 10:54:08.806000+00:00,2026-01-06 10:54:09.361259+00:00,548.806,0.845,0.83,0.86,0.155,0.14,0.17,,,,
2026-01-06 10:54:10.108000+00:00,2026-01-06 10:54:10.381875+00:00,550.108,0.845,0.84,0.85,0.15,0.14,0.16,,,,
2026-01-06 10:54:11.121000+00:00,2026-01-06 10:54:11.393143+00:00,551.121,0.85,0.84,0.86,0.15,0.14,0.16,,,,
2026-01-06 10:54:12.133000+00:00,2026-01-06 10:54:12.397919+00:00,552.133,0.855,0.85,0.86,0.145,0.14,0.15,,,,
2026-01-06 10:54:13.120000+00:00,2026-01-06 10:54:13.386190+00:00,553.12,0.845,0.84,0.85,0.155,0.15,0.16,,,,
2026-01-06 10:54:14.103000+00:00,2026-01-06 10:54:14.388334+00:00,554.103,0.845,0.84,0.85,0.155,0.15,0.16,,,,
2026-01-06 10:54:15.137000+00:00,2026-01-06 10:54:15.396591+00:00,555.137,0.845,0.84,0.85,0.155,0.15,0.16,,,,
2026-01-06 10:54:16.128000+00:00,2026-01-06 10:54:16.405893+00:00,556.128,0.805,0.8,0.81,0.195,0.19,0.2,,,,
2026-01-06 10:54:17.965000+00:00,2026-01-06 10:54:18.421566+00:00,557.965,0.805,0.8,0.81,0.195,0.19,0.2,,,,
2026-01-06 10:54:19.161000+00:00,2026-01-06 10:54:19.432646+00:00,559.161,0.805,0.8,0.81,0.195,0.19,0.2,,,,
2026-01-06 10:54:20.157000+00:00,2026-01-06 10:54:20.434764+00:00,560.157,0.805,0.8,0.81,0.195,0.19,0.2,,,,
2026-01-06 10:54:21.003000+00:00,2026-01-06 10:54:21.432322+00:00,561.003,0.805,0.8,0.81,0.195,0.19,0.2,,,,
2026-01-06 10:54:22.160000+00:00,2026-01-06 10:54:22.448815+00:00,562.16,0.855,0.85,0.86,0.145,0.14,0.15,,,,
2026-01-06 10:54:23.206000+00:00,2026-01-06 10:54:23.465304+00:00,563.206,0.865,0.86,0.87,0.135,0.13,0.14,,,,
2026-01-06 10:54:24.202000+00:00,2026-01-06 10:54:24.482242+00:00,564.202,0.88,0.87,0.89,0.125,0.11,0.14,,,,
2026-01-06 10:54:25.224000+00:00,2026-01-06 10:54:25.506455+00:00,565.224,0.875,0.87,0.88,0.125,0.12,0.13,,,,
2026-01-06 10:54:26.160000+00:00,2026-01-06 10:54:26.507767+00:00,566.16,0.885,0.88,0.89,0.1149999999999999,0.11,0.12,,,,
2026-01-06 10:54:27.215000+00:00,2026-01-06 10:54:27.518775+00:00,567.215,0.885,0.88,0.89,0.105,0.1,0.11,,,,
2026-01-06 10:54:28.269000+00:00,2026-01-06 10:54:28.531805+00:00,568.269,0.895,0.89,0.9,0.105,0.1,0.11,,,,
2026-01-06 10:54:29.271000+00:00,2026-01-06 10:54:29.539079+00:00,569.271,0.895,0.89,0.9,0.105,0.1,0.11,,,,
2026-01-06 10:54:30.277000+00:00,2026-01-06 10:54:30.553637+00:00,570.277,0.895,0.89,0.9,0.105,0.1,0.11,,,,
2026-01-06 10:54:31.264000+00:00,2026-01-06 10:54:31.555418+00:00,571.264,0.895,0.89,0.9,0.105,0.1,0.11,,,,
2026-01-06 10:54:32.300000+00:00,2026-01-06 10:54:32.563964+00:00,572.3,0.895,0.89,0.9,0.105,0.1,0.11,,,,
2026-01-06 10:54:33.220000+00:00,2026-01-06 10:54:33.571301+00:00,573.22,0.885,0.88,0.89,0.11,0.1,0.12,,,,
2026-01-06 10:54:34.270000+00:00,2026-01-06 10:54:34.580798+00:00,574.27,0.885,0.88,0.89,0.1149999999999999,0.11,0.12,,,,
2026-01-06 10:54:35.307000+00:00,2026-01-06 10:54:35.607011+00:00,575.307,0.885,0.88,0.89,0.1149999999999999,0.11,0.12,,,,
2026-01-06 10:54:36.358000+00:00,2026-01-06 10:54:36.619954+00:00,576.358,0.885,0.88,0.89,0.1149999999999999,0.11,0.12,,,,
2026-01-06 10:54:37.256000+00:00,2026-01-06 10:54:37.623151+00:00,577.256,0.885,0.88,0.89,0.12,0.11,0.13,,,,
2026-01-06 10:54:38.351000+00:00,2026-01-06 10:54:38.635137+00:00,578.351,0.88,0.87,0.89,0.12,0.11,0.13,,,,
2026-01-06 10:54:39.149000+00:00,2026-01-06 10:54:39.652750+00:00,579.149,0.88,0.87,0.89,0.12,0.11,0.13,,,,
2026-01-06 10:54:40.394000+00:00,2026-01-06 10:54:40.654460+00:00,580.394,0.835,0.83,0.84,0.165,0.16,0.17,,,,
2026-01-06 10:54:41.373000+00:00,2026-01-06 10:54:41.663749+00:00,581.373,0.835,0.83,0.84,0.165,0.16,0.17,,,,
2026-01-06 10:54:42.387000+00:00,2026-01-06 10:54:42.665884+00:00,582.387,0.835,0.83,0.84,0.165,0.16,0.17,,,,
2026-01-06 10:54:43.399000+00:00,2026-01-06 10:54:43.669005+00:00,583.399,0.835,0.82,0.85,0.1649999999999999,0.15,0.18,,,,
2026-01-06 10:54:44.384000+00:00,2026-01-06 10:54:44.670172+00:00,584.384,0.845,0.84,0.85,0.15,0.14,0.16,,,,
2026-01-06 10:54:45.262000+00:00,2026-01-06 10:54:45.663730+00:00,585.262,0.855,0.85,0.86,0.145,0.14,0.15,,,,
2026-01-06 10:54:46.376000+00:00,2026-01-06 10:54:46.679717+00:00,586.376,0.85,0.84,0.86,0.15,0.14,0.16,,,,
2026-01-06 10:54:47.236000+00:00,2026-01-06 10:54:47.697512+00:00,587.236,0.85,0.84,0.86,0.155,0.15,0.16,,,,
2026-01-06 10:54:48.406000+00:00,2026-01-06 10:54:48.695901+00:00,588.406,0.845,0.84,0.85,0.155,0.15,0.16,,,,
2026-01-06 10:54:49.436000+00:00,2026-01-06 10:54:49.712546+00:00,589.436,0.815,0.81,0.82,0.185,0.18,0.19,,,,
2026-01-06 10:54:50.449000+00:00,2026-01-06 10:54:50.729681+00:00,590.449,0.815,0.81,0.82,0.185,0.18,0.19,,,,
2026-01-06 10:54:51.412000+00:00,2026-01-06 10:54:51.730452+00:00,591.412,0.815,0.81,0.82,0.185,0.18,0.19,,,,
2026-01-06 10:54:52.444000+00:00,2026-01-06 10:54:52.728356+00:00,592.444,0.815,0.81,0.82,0.185,0.18,0.19,,,,
2026-01-06 10:54:53.276000+00:00,2026-01-06 10:54:53.729561+00:00,593.276,0.815,0.81,0.82,0.185,0.18,0.19,,,,
2026-01-06 10:54:54.131000+00:00,2026-01-06 10:54:54.746214+00:00,594.131,0.815,0.81,0.82,0.185,0.18,0.19,,,,
2026-01-06 10:54:55.357000+00:00,2026-01-06 10:54:55.756055+00:00,595.357,0.815,0.81,0.82,0.185,0.18,0.19,,,,
2026-01-06 10:54:56.397000+00:00,2026-01-06 10:54:56.761182+00:00,596.397,0.815,0.81,0.82,0.185,0.18,0.19,,,,
2026-01-06 10:54:57.406000+00:00,2026-01-06 10:54:57.779987+00:00,597.406,0.815,0.81,0.82,0.185,0.18,0.19,,,,
2026-01-06 10:54:58.522000+00:00,2026-01-06 10:54:58.780034+00:00,598.522,0.79,0.78,0.8,0.235,0.23,0.24,,,,
2026-01-06 10:54:59.520000+00:00,2026-01-06 10:54:59.781564+00:00,599.52,0.805,0.8,0.81,0.1699999999999999,0.16,0.18,,,,
2026-01-06 10:55:00.518000+00:00,2026-01-06 10:55:00.782538+00:00,600.518,0.825,0.82,0.83,0.195,0.19,0.2,,,,
2026-01-06 10:55:01.523000+00:00,2026-01-06 10:55:01.797607+00:00,601.523,0.775,0.77,0.78,0.225,0.22,0.23,,,,
2026-01-06 10:55:02.542000+00:00,2026-01-06 10:55:02.798644+00:00,602.542,0.775,0.77,0.78,0.225,0.22,0.23,,,,
2026-01-06 10:55:03.515000+00:00,2026-01-06 10:55:03.798340+00:00,603.515,0.775,0.77,0.78,0.225,0.22,0.23,,,,
2026-01-06 10:55:04.547000+00:00,2026-01-06 10:55:04.814336+00:00,604.547,0.785,0.78,0.79,0.215,0.21,0.22,,,,
2026-01-06 10:55:05.557000+00:00,2026-01-06 10:55:05.826020+00:00,605.557,0.785,0.78,0.79,0.215,0.21,0.22,,,,
2026-01-06 10:55:06.502000+00:00,2026-01-06 10:55:06.852093+00:00,606.502,0.785,0.78,0.79,0.21,0.2,0.22,,,,
2026-01-06 10:55:07.463000+00:00,2026-01-06 10:55:07.845748+00:00,607.463,0.79,0.78,0.8,0.21,0.2,0.22,,,,
2026-01-06 10:55:08.592000+00:00,2026-01-06 10:55:08.868536+00:00,608.592,0.785,0.78,0.79,0.215,0.21,0.22,,,,
2026-01-06 10:55:09.488000+00:00,2026-01-06 10:55:09.879655+00:00,609.488,0.785,0.78,0.79,0.215,0.21,0.22,,,,
2026-01-06 10:55:10.548000+00:00,2026-01-06 10:55:10.884822+00:00,610.548,0.785,0.78,0.79,0.215,0.21,0.22,,,,
2026-01-06 10:55:11.575000+00:00,2026-01-06 10:55:11.886816+00:00,611.575,0.785,0.78,0.79,0.215,0.21,0.22,,,,
2026-01-06 10:55:12.571000+00:00,2026-01-06 10:55:12.879760+00:00,612.571,0.785,0.78,0.79,0.215,0.21,0.22,,,,
2026-01-06 10:55:13.424000+00:00,2026-01-06 10:55:13.888154+00:00,613.424,0.785,0.78,0.79,0.215,0.21,0.22,,,,
2026-01-06 10:55:14.561000+00:00,2026-01-06 10:55:14.902172+00:00,614.561,0.785,0.78,0.79,0.215,0.21,0.22,,,,
2026-01-06 10:55:15.558000+00:00,2026-01-06 10:55:15.912674+00:00,615.558,0.785,0.78,0.79,0.215,0.21,0.22,,,,
2026-01-06 10:55:16.665000+00:00,2026-01-06 10:55:16.929590+00:00,616.665,0.785,0.78,0.79,0.215,0.21,0.22,,,,
2026-01-06 10:55:17.662000+00:00,2026-01-06 10:55:17.933936+00:00,617.662,0.795,0.79,0.8,0.205,0.2,0.21,,,,
2026-01-06 10:55:18.651000+00:00,2026-01-06 10:55:18.924354+00:00,618.651,0.815,0.81,0.82,0.185,0.18,0.19,,,,
2026-01-06 10:55:19.435000+00:00,2026-01-06 10:55:19.926830+00:00,619.435,0.815,0.81,0.82,0.185,0.18,0.19,,,,
2026-01-06 10:55:20.546000+00:00,2026-01-06 10:55:20.929403+00:00,620.546,0.815,0.81,0.82,0.185,0.18,0.19,,,,
2026-01-06 10:55:21.662000+00:00,2026-01-06 10:55:21.935726+00:00,621.662,0.815,0.81,0.82,0.18,0.17,0.19,,,,
2026-01-06 10:55:22.446000+00:00,2026-01-06 10:55:22.952319+00:00,622.446,0.825,0.82,0.83,0.175,0.17,0.18,,,,
2026-01-06 10:55:23.670000+00:00,2026-01-06 10:55:23.962168+00:00,623.67,0.8200000000000001,0.81,0.83,0.18,0.17,0.19,,,,
2026-01-06 10:55:24.708000+00:00,2026-01-06 10:55:24.971654+00:00,624.708,0.815,0.81,0.82,0.185,0.18,0.19,,,,
2026-01-06 10:55:25.571000+00:00,2026-01-06 10:55:25.984831+00:00,625.571,0.815,0.81,0.82,0.185,0.18,0.19,,,,
2026-01-06 10:55:26.729000+00:00,2026-01-06 10:55:26.989351+00:00,626.729,0.785,0.77,0.8,0.24,0.23,0.25,,,,
2026-01-06 10:55:27.747000+00:00,2026-01-06 10:55:28.004207+00:00,627.747,0.74,0.73,0.75,0.26,0.25,0.27,,,,
2026-01-06 10:55:28.708000+00:00,2026-01-06 10:55:29.019824+00:00,628.708,0.735,0.73,0.74,0.26,0.25,0.27,,,,
2026-01-06 10:55:29.771000+00:00,2026-01-06 10:55:30.037336+00:00,629.771,0.755,0.75,0.76,0.245,0.24,0.25,,,,
2026-01-06 10:55:30.770000+00:00,2026-01-06 10:55:31.052418+00:00,630.77,0.755,0.75,0.76,0.245,0.24,0.25,,,,
2026-01-06 10:55:31.794000+00:00,2026-01-06 10:55:32.061505+00:00,631.794,0.72,0.71,0.73,0.28,0.27,0.29,,,,
2026-01-06 10:55:32.802000+00:00,2026-01-06 10:55:33.079468+00:00,632.802,0.72,0.71,0.73,0.28,0.27,0.29,,,,
2026-01-06 10:55:33.705000+00:00,2026-01-06 10:55:34.082481+00:00,633.705,0.715,0.71,0.72,0.285,0.28,0.29,,,,
2026-01-06 10:55:35.872000+00:00,2026-01-06 10:55:36.115194+00:00,635.872,0.735,0.73,0.74,0.265,0.26,0.27,,,,
2026-01-06 10:55:36.852000+00:00,2026-01-06 10:55:37.120555+00:00,636.852,0.73,0.72,0.74,0.27,0.26,0.28,,,,
2026-01-06 10:55:37.838000+00:00,2026-01-06 10:55:38.143506+00:00,637.838,0.73,0.72,0.74,0.27,0.26,0.28,,,,
2026-01-06 10:55:38.886000+00:00,2026-01-06 10:55:39.145796+00:00,638.886,0.74,0.73,0.75,0.255,0.25,0.26,,,,
2026-01-06 10:55:39.905000+00:00,2026-01-06 10:55:40.161657+00:00,639.905,0.775,0.77,0.78,0.225,0.22,0.23,,,,
2026-01-06 10:55:40.901000+00:00,2026-01-06 10:55:41.169385+00:00,640.901,0.775,0.77,0.78,0.225,0.22,0.23,,,,
2026-01-06 10:55:41.787000+00:00,2026-01-06 10:55:42.176831+00:00,641.787,0.785,0.78,0.79,0.215,0.21,0.22,,,,
2026-01-06 10:55:42.904000+00:00,2026-01-06 10:55:43.186728+00:00,642.904,0.785,0.78,0.79,0.215,0.21,0.22,,,,
2026-01-06 10:55:43.920000+00:00,2026-01-06 10:55:44.191755+00:00,643.92,0.78,0.77,0.79,0.22,0.21,0.23,,,,
2026-01-06 10:55:44.931000+00:00,2026-01-06 10:55:45.192991+00:00,644.931,0.785,0.78,0.79,0.215,0.21,0.22,,,,
2026-01-06 10:55:45.931000+00:00,2026-01-06 10:55:46.195717+00:00,645.931,0.775,0.77,0.78,0.225,0.22,0.23,,,,
2026-01-06 10:55:46.936000+00:00,2026-01-06 10:55:47.210425+00:00,646.936,0.705,0.7,0.71,0.295,0.29,0.3,,,,
2026-01-06 10:55:47.945000+00:00,2026-01-06 10:55:48.214687+00:00,647.945,0.71,0.7,0.72,0.285,0.28,0.29,,,,
2026-01-06 10:55:48.963000+00:00,2026-01-06 10:55:49.226791+00:00,648.963,0.705,0.7,0.71,0.295,0.29,0.3,,,,
2026-01-06 10:55:49.965000+00:00,2026-01-06 10:55:50.243221+00:00,649.965,0.705,0.7,0.71,0.295,0.29,0.3,,,,
2026-01-06 10:55:50.859000+00:00,2026-01-06 10:55:51.243341+00:00,650.859,0.705,0.7,0.71,0.295,0.29,0.3,,,,
2026-01-06 10:55:51.981000+00:00,2026-01-06 10:55:52.246522+00:00,651.981,0.71,0.7,0.72,0.29,0.28,0.3,,,,
2026-01-06 10:55:52.990000+00:00,2026-01-06 10:55:53.261357+00:00,652.99,0.715,0.71,0.72,0.285,0.28,0.29,,,,
2026-01-06 10:55:54.961000+00:00,2026-01-06 10:55:55.265537+00:00,654.961,0.735,0.73,0.74,0.265,0.26,0.27,,,,
2026-01-06 10:55:55.989000+00:00,2026-01-06 10:55:56.271323+00:00,655.989,0.735,0.73,0.74,0.265,0.26,0.27,,,,
2026-01-06 10:55:56.879000+00:00,2026-01-06 10:55:57.283511+00:00,656.879,0.74,0.73,0.75,0.26,0.25,0.27,,,,
2026-01-06 10:55:58.955000+00:00,2026-01-06 10:55:59.294595+00:00,658.955,0.74,0.73,0.75,0.26,0.25,0.27,,,,
2026-01-06 10:56:00.044000+00:00,2026-01-06 10:56:00.310935+00:00,660.044,0.725,0.72,0.73,0.275,0.27,0.28,,,,
2026-01-06 10:56:01.037000+00:00,2026-01-06 10:56:01.317387+00:00,661.037,0.625,0.62,0.63,0.375,0.37,0.38,,,,
2026-01-06 10:56:02.042000+00:00,2026-01-06 10:56:02.318117+00:00,662.042,0.565,0.56,0.57,0.435,0.43,0.44,,,,
2026-01-06 10:56:03.063000+00:00,2026-01-06 10:56:03.327523+00:00,663.063,0.585,0.57,0.6,0.405,0.4,0.41,,,,
2026-01-06 10:56:04.075000+00:00,2026-01-06 10:56:04.344558+00:00,664.075,0.585,0.58,0.59,0.415,0.41,0.42,,,,
2026-01-06 10:56:05.078000+00:00,2026-01-06 10:56:05.343992+00:00,665.078,0.59,0.58,0.6,0.41,0.4,0.42,,,,
2026-01-06 10:56:06.093000+00:00,2026-01-06 10:56:06.344570+00:00,666.093,0.59,0.58,0.6,0.415,0.41,0.42,,,,
2026-01-06 10:56:07.834000+00:00,2026-01-06 10:56:08.366488+00:00,667.834,0.585,0.58,0.59,0.415,0.41,0.42,,,,
2026-01-06 10:56:09.113000+00:00,2026-01-06 10:56:09.374601+00:00,669.113,0.575,0.57,0.58,0.425,0.42,0.43,,,,
2026-01-06 10:56:10.142000+00:00,2026-01-06 10:56:10.381957+00:00,670.142,0.505,0.49,0.52,0.51,0.5,0.52,,,,
2026-01-06 10:56:11.104000+00:00,2026-01-06 10:56:11.398721+00:00,671.104,0.495,0.48,0.51,0.505,0.5,0.51,,,,
2026-01-06 10:56:12.130000+00:00,2026-01-06 10:56:12.394314+00:00,672.13,0.505,0.5,0.51,0.495,0.49,0.5,,,,
2026-01-06 10:56:13.143000+00:00,2026-01-06 10:56:13.407118+00:00,673.143,0.635,0.63,0.64,0.305,0.3,0.31,,,,
2026-01-06 10:56:14.177000+00:00,2026-01-06 10:56:14.415940+00:00,674.177,0.645,0.63,0.66,0.365,0.36,0.37,,,,
2026-01-06 10:56:15.126000+00:00,2026-01-06 10:56:15.431950+00:00,675.126,0.66,0.65,0.67,0.3399999999999999,0.33,0.35,,,,
2026-01-06 10:56:16.059000+00:00,2026-01-06 10:56:16.430301+00:00,676.059,0.64,0.63,0.65,0.36,0.35,0.37,,,,
2026-01-06 10:56:17.170000+00:00,2026-01-06 10:56:17.435470+00:00,677.17,0.625,0.62,0.63,0.375,0.37,0.38,,,,
2026-01-06 10:56:18.181000+00:00,2026-01-06 10:56:18.448459+00:00,678.181,0.595,0.58,0.61,0.405,0.39,0.42,,,,
2026-01-06 10:56:19.182000+00:00,2026-01-06 10:56:19.448316+00:00,679.182,0.5700000000000001,0.56,0.58,0.425,0.42,0.43,,,,
2026-01-06 10:56:20.179000+00:00,2026-01-06 10:56:20.465373+00:00,680.179,0.565,0.55,0.58,0.44,0.42,0.46,,,,
2026-01-06 10:56:21.196000+00:00,2026-01-06 10:56:21.465218+00:00,681.196,0.565,0.55,0.58,0.435,0.42,0.45,,,,
2026-01-06 10:56:22.179000+00:00,2026-01-06 10:56:22.459876+00:00,682.179,0.565,0.56,0.57,0.435,0.43,0.44,,,,
2026-01-06 10:56:23.203000+00:00,2026-01-06 10:56:23.481323+00:00,683.203,0.56,0.55,0.57,0.44,0.43,0.45,,,,
2026-01-06 10:56:24.232000+00:00,2026-01-06 10:56:24.498301+00:00,684.232,0.585,0.56,0.61,0.495,0.49,0.5,,,,
2026-01-06 10:56:25.247000+00:00,2026-01-06 10:56:25.512572+00:00,685.247,0.515,0.51,0.52,0.485,0.48,0.49,,,,
2026-01-06 10:56:26.239000+00:00,2026-01-06 10:56:26.526579+00:00,686.239,0.51,0.5,0.52,0.49,0.48,0.5,,,,
2026-01-06 10:56:27.263000+00:00,2026-01-06 10:56:27.526543+00:00,687.263,0.49,0.47,0.51,0.51,0.49,0.53,,,,
2026-01-06 10:56:28.167000+00:00,2026-01-06 10:56:28.517390+00:00,688.167,0.51,0.5,0.52,0.485,0.48,0.49,,,,
2026-01-06 10:56:29.249000+00:00,2026-01-06 10:56:29.529608+00:00,689.249,0.515,0.51,0.52,0.485,0.48,0.49,,,,
2026-01-06 10:56:30.261000+00:00,2026-01-06 10:56:30.542993+00:00,690.261,0.5,0.48,0.52,0.505,0.5,0.51,,,,
2026-01-06 10:56:31.209000+00:00,2026-01-06 10:56:31.542918+00:00,691.209,0.5,0.49,0.51,0.5,0.49,0.51,,,,
2026-01-06 10:56:32.133000+00:00,2026-01-06 10:56:32.549296+00:00,692.133,0.5,0.49,0.51,0.5,0.49,0.51,,,,
2026-01-06 10:56:33.234000+00:00,2026-01-06 10:56:33.563190+00:00,693.234,0.495,0.48,0.51,0.5,0.49,0.51,,,,
2026-01-06 10:56:34.339000+00:00,2026-01-06 10:56:34.574454+00:00,694.339,0.505,0.5,0.51,0.495,0.49,0.5,,,,
2026-01-06 10:56:35.315000+00:00,2026-01-06 10:56:35.579290+00:00,695.315,0.4549999999999999,0.44,0.47,0.54,0.53,0.55,,,,
2026-01-06 10:56:36.313000+00:00,2026-01-06 10:56:36.576274+00:00,696.313,0.455,0.45,0.46,0.55,0.53,0.57,,,,
2026-01-06 10:56:37.328000+00:00,2026-01-06 10:56:37.590452+00:00,697.328,0.44,0.43,0.45,0.56,0.55,0.57,,,,
2026-01-06 10:56:38.349000+00:00,2026-01-06 10:56:38.614642+00:00,698.349,0.435,0.43,0.44,0.565,0.56,0.57,,,,
2026-01-06 10:56:39.336000+00:00,2026-01-06 10:56:39.626734+00:00,699.336,0.43,0.42,0.44,0.58,0.57,0.59,,,,
2026-01-06 10:56:40.347000+00:00,2026-01-06 10:56:40.624493+00:00,700.347,0.375,0.37,0.38,0.625,0.62,0.63,,,,
2026-01-06 10:56:41.361000+00:00,2026-01-06 10:56:41.625668+00:00,701.361,0.38,0.37,0.39,0.62,0.61,0.63,,,,
2026-01-06 10:56:42.375000+00:00,2026-01-06 10:56:42.641461+00:00,702.375,0.375,0.37,0.38,0.63,0.62,0.64,,,,
2026-01-06 10:56:43.374000+00:00,2026-01-06 10:56:43.641797+00:00,703.374,0.37,0.36,0.38,0.625,0.62,0.63,,,,
2026-01-06 10:56:44.355000+00:00,2026-01-06 10:56:44.645927+00:00,704.355,0.345,0.34,0.35,0.655,0.65,0.66,,,,
2026-01-06 10:56:45.389000+00:00,2026-01-06 10:56:45.659339+00:00,705.389,0.355,0.35,0.36,0.645,0.64,0.65,,,,
2026-01-06 10:56:46.385000+00:00,2026-01-06 10:56:46.674816+00:00,706.385,0.345,0.34,0.35,0.655,0.65,0.66,,,,
2026-01-06 10:56:47.385000+00:00,2026-01-06 10:56:47.687240+00:00,707.385,0.35,0.34,0.36,0.65,0.64,0.66,,,,
2026-01-06 10:56:48.421000+00:00,2026-01-06 10:56:48.689486+00:00,708.421,0.355,0.35,0.36,0.65,0.64,0.66,,,,
2026-01-06 10:56:49.425000+00:00,2026-01-06 10:56:49.689282+00:00,709.425,0.335,0.33,0.34,0.665,0.66,0.67,,,,
2026-01-06 10:56:50.395000+00:00,2026-01-06 10:56:50.689650+00:00,710.395,0.33,0.32,0.34,0.67,0.66,0.68,,,,
2026-01-06 10:56:51.400000+00:00,2026-01-06 10:56:51.690436+00:00,711.4,0.33,0.32,0.34,0.67,0.66,0.68,,,,
2026-01-06 10:56:52.425000+00:00,2026-01-06 10:56:52.707250+00:00,712.425,0.335,0.33,0.34,0.665,0.66,0.67,,,,
2026-01-06 10:56:53.457000+00:00,2026-01-06 10:56:53.713344+00:00,713.457,0.345,0.34,0.35,0.655,0.65,0.66,,,,
2026-01-06 10:56:54.424000+00:00,2026-01-06 10:56:54.711746+00:00,714.424,0.37,0.36,0.38,0.63,0.62,0.64,,,,
2026-01-06 10:56:55.476000+00:00,2026-01-06 10:56:55.729830+00:00,715.476,0.4,0.39,0.41,0.6,0.59,0.61,,,,
2026-01-06 10:56:56.483000+00:00,2026-01-06 10:56:56.749065+00:00,716.483,0.485,0.48,0.49,0.495,0.49,0.5,,,,
2026-01-06 10:56:57.470000+00:00,2026-01-06 10:56:57.763528+00:00,717.47,0.485,0.47,0.5,0.505,0.48,0.53,,,,
2026-01-06 10:56:58.532000+00:00,2026-01-06 10:56:58.785598+00:00,718.532,0.48,0.46,0.5,0.52,0.5,0.54,,,,
2026-01-06 10:56:59.537000+00:00,2026-01-06 10:56:59.797261+00:00,719.537,0.4549999999999999,0.44,0.47,0.575,0.57,0.58,,,,
2026-01-06 10:57:00.530000+00:00,2026-01-06 10:57:00.801359+00:00,720.53,0.375,0.37,0.38,0.625,0.62,0.63,,,,
2026-01-06 10:57:01.551000+00:00,2026-01-06 10:57:01.813387+00:00,721.551,0.75,0.74,0.76,0.22,0.21,0.23,,,,
2026-01-06 10:57:02.547000+00:00,2026-01-06 10:57:02.811097+00:00,722.547,0.71,0.69,0.73,0.275,0.27,0.28,,,,
2026-01-06 10:57:03.555000+00:00,2026-01-06 10:57:03.808661+00:00,723.555,0.755,0.73,0.78,0.24,0.21,0.27,,,,
2026-01-06 10:57:04.554000+00:00,2026-01-06 10:57:04.814988+00:00,724.554,0.6799999999999999,0.67,0.69,0.32,0.31,0.33,,,,
2026-01-06 10:57:05.547000+00:00,2026-01-06 10:57:05.825416+00:00,725.547,0.6799999999999999,0.67,0.69,0.32,0.31,0.33,,,,
2026-01-06 10:57:06.552000+00:00,2026-01-06 10:57:06.830048+00:00,726.552,0.6799999999999999,0.66,0.7,0.315,0.3,0.33,,,,
2026-01-06 10:57:07.580000+00:00,2026-01-06 10:57:07.845568+00:00,727.58,0.705,0.69,0.72,0.295,0.27,0.32,,,,
2026-01-06 10:57:08.527000+00:00,2026-01-06 10:57:08.841424+00:00,728.527,0.705,0.7,0.71,0.295,0.29,0.3,,,,
2026-01-06 10:57:09.586000+00:00,2026-01-06 10:57:09.851190+00:00,729.586,0.71,0.69,0.73,0.28,0.26,0.3,,,,
2026-01-06 10:57:10.583000+00:00,2026-01-06 10:57:10.858310+00:00,730.583,0.685,0.68,0.69,0.305,0.29,0.32,,,,
2026-01-06 10:57:11.598000+00:00,2026-01-06 10:57:11.864775+00:00,731.598,0.6799999999999999,0.67,0.69,0.32,0.31,0.33,,,,
2026-01-06 10:57:12.592000+00:00,2026-01-06 10:57:12.865217+00:00,732.592,0.69,0.68,0.7,0.3,0.29,0.31,,,,
2026-01-06 10:57:13.439000+00:00,2026-01-06 10:57:13.874337+00:00,733.439,0.7,0.69,0.71,0.3,0.29,0.31,,,,
2026-01-06 10:57:14.631000+00:00,2026-01-06 10:57:14.896934+00:00,734.631,0.6950000000000001,0.68,0.71,0.305,0.29,0.32,,,,
2026-01-06 10:57:15.609000+00:00,2026-01-06 10:57:15.910468+00:00,735.609,0.685,0.67,0.7,0.315,0.3,0.33,,,,
2026-01-06 10:57:16.633000+00:00,2026-01-06 10:57:16.922459+00:00,736.633,0.6950000000000001,0.68,0.71,0.305,0.29,0.32,,,,
2026-01-06 10:57:17.664000+00:00,2026-01-06 10:57:17.928908+00:00,737.664,0.69,0.68,0.7,0.31,0.3,0.32,,,,
2026-01-06 10:57:18.669000+00:00,2026-01-06 10:57:18.936948+00:00,738.669,0.705,0.7,0.71,0.295,0.29,0.3,,,,
2026-01-06 10:57:19.685000+00:00,2026-01-06 10:57:19.953079+00:00,739.685,0.765,0.76,0.77,0.225,0.22,0.23,,,,
2026-01-06 10:57:20.668000+00:00,2026-01-06 10:57:20.966401+00:00,740.668,0.76,0.75,0.77,0.24,0.23,0.25,,,,
2026-01-06 10:57:21.606000+00:00,2026-01-06 10:57:21.980740+00:00,741.606,0.76,0.75,0.77,0.24,0.23,0.25,,,,
2026-01-06 10:57:22.729000+00:00,2026-01-06 10:57:22.995950+00:00,742.729,0.76,0.75,0.77,0.24,0.23,0.25,,,,
2026-01-06 10:57:23.748000+00:00,2026-01-06 10:57:23.997900+00:00,743.748,0.775,0.77,0.78,0.225,0.22,0.23,,,,
2026-01-06 10:57:24.734000+00:00,2026-01-06 10:57:24.995512+00:00,744.734,0.815,0.81,0.82,0.185,0.18,0.19,,,,
2026-01-06 10:57:25.698000+00:00,2026-01-06 10:57:25.998328+00:00,745.698,0.805,0.8,0.81,0.195,0.19,0.2,,,,
2026-01-06 10:57:26.713000+00:00,2026-01-06 10:57:26.998843+00:00,746.713,0.805,0.8,0.81,0.195,0.19,0.2,,,,
2026-01-06 10:57:27.747000+00:00,2026-01-06 10:57:28.012288+00:00,747.747,0.785,0.78,0.79,0.225,0.22,0.23,,,,
2026-01-06 10:57:28.747000+00:00,2026-01-06 10:57:29.012546+00:00,748.747,0.765,0.76,0.77,0.235,0.23,0.24,,,,
2026-01-06 10:57:29.663000+00:00,2026-01-06 10:57:30.020176+00:00,749.663,0.765,0.76,0.77,0.225,0.22,0.23,,,,
2026-01-06 10:57:30.746000+00:00,2026-01-06 10:57:31.029685+00:00,750.746,0.755,0.75,0.76,0.245,0.24,0.25,,,,
2026-01-06 10:57:31.699000+00:00,2026-01-06 10:57:32.046742+00:00,751.699,0.775,0.77,0.78,0.205,0.2,0.21,,,,
2026-01-06 10:57:32.777000+00:00,2026-01-06 10:57:33.053134+00:00,752.777,0.795,0.79,0.8,0.205,0.2,0.21,,,,
2026-01-06 10:57:33.668000+00:00,2026-01-06 10:57:34.065507+00:00,753.668,0.795,0.79,0.8,0.205,0.2,0.21,,,,
2026-01-06 10:57:34.799000+00:00,2026-01-06 10:57:35.060512+00:00,754.799,0.805,0.8,0.81,0.195,0.19,0.2,,,,
2026-01-06 10:57:35.795000+00:00,2026-01-06 10:57:36.062995+00:00,755.795,0.8,0.79,0.81,0.205,0.2,0.21,,,,
2026-01-06 10:57:36.788000+00:00,2026-01-06 10:57:37.072261+00:00,756.788,0.785,0.78,0.79,0.215,0.21,0.22,,,,
2026-01-06 10:57:37.808000+00:00,2026-01-06 10:57:38.092896+00:00,757.808,0.78,0.77,0.79,0.2249999999999999,0.21,0.24,,,,
2026-01-06 10:57:38.766000+00:00,2026-01-06 10:57:39.099657+00:00,758.766,0.785,0.78,0.79,0.215,0.21,0.22,,,,
2026-01-06 10:57:39.808000+00:00,2026-01-06 10:57:40.103603+00:00,759.808,0.785,0.78,0.79,0.215,0.21,0.22,,,,
2026-01-06 10:57:40.856000+00:00,2026-01-06 10:57:41.131248+00:00,760.856,0.815,0.81,0.82,0.185,0.18,0.19,,,,
2026-01-06 10:57:41.842000+00:00,2026-01-06 10:57:42.143157+00:00,761.842,0.8200000000000001,0.81,0.83,0.175,0.17,0.18,,,,
2026-01-06 10:57:42.878000+00:00,2026-01-06 10:57:43.146634+00:00,762.878,0.83,0.82,0.84,0.175,0.17,0.18,,,,
2026-01-06 10:57:43.858000+00:00,2026-01-06 10:57:44.134799+00:00,763.858,0.825,0.82,0.83,0.175,0.17,0.18,,,,
2026-01-06 10:57:44.801000+00:00,2026-01-06 10:57:45.133164+00:00,764.801,0.835,0.83,0.84,0.165,0.16,0.17,,,,
2026-01-06 10:57:45.868000+00:00,2026-01-06 10:57:46.146929+00:00,765.868,0.835,0.83,0.84,0.165,0.16,0.17,,,,
2026-01-06 10:57:46.813000+00:00,2026-01-06 10:57:47.144948+00:00,766.813,0.835,0.83,0.84,0.16,0.15,0.17,,,,
2026-01-06 10:57:47.880000+00:00,2026-01-06 10:57:48.164988+00:00,767.88,0.84,0.83,0.85,0.16,0.15,0.17,,,,
2026-01-06 10:57:48.806000+00:00,2026-01-06 10:57:49.178274+00:00,768.806,0.84,0.83,0.85,0.16,0.15,0.17,,,,
2026-01-06 10:57:49.798000+00:00,2026-01-06 10:57:50.183125+00:00,769.798,0.84,0.83,0.85,0.155,0.15,0.16,,,,
2026-01-06 10:57:50.884000+00:00,2026-01-06 10:57:51.193533+00:00,770.884,0.845,0.84,0.85,0.155,0.15,0.16,,,,
2026-01-06 10:57:51.884000+00:00,2026-01-06 10:57:52.191847+00:00,771.884,0.845,0.84,0.85,0.155,0.15,0.16,,,,
2026-01-06 10:57:52.798000+00:00,2026-01-06 10:57:53.197960+00:00,772.798,0.84,0.83,0.85,0.16,0.15,0.17,,,,
2026-01-06 10:57:53.887000+00:00,2026-01-06 10:57:54.207529+00:00,773.887,0.84,0.83,0.85,0.16,0.15,0.17,,,,
2026-01-06 10:57:54.946000+00:00,2026-01-06 10:57:55.222658+00:00,774.946,0.85,0.84,0.86,0.15,0.14,0.16,,,,
2026-01-06 10:57:55.955000+00:00,2026-01-06 10:57:56.222924+00:00,775.955,0.85,0.84,0.86,0.15,0.14,0.16,,,,
2026-01-06 10:57:56.924000+00:00,2026-01-06 10:57:57.234249+00:00,776.924,0.85,0.84,0.86,0.15,0.14,0.16,,,,
2026-01-06 10:57:57.960000+00:00,2026-01-06 10:57:58.237766+00:00,777.96,0.845,0.83,0.86,0.155,0.14,0.17,,,,
2026-01-06 10:57:58.968000+00:00,2026-01-06 10:57:59.240741+00:00,778.968,0.87,0.85,0.89,0.14,0.12,0.16,,,,
2026-01-06 10:57:59.942000+00:00,2026-01-06 10:58:00.253975+00:00,779.942,0.89,0.88,0.9,0.11,0.1,0.12,,,,
2026-01-06 10:58:00.964000+00:00,2026-01-06 10:58:01.255486+00:00,780.964,0.905,0.9,0.91,0.095,0.09,0.1,,,,
2026-01-06 10:58:01.988000+00:00,2026-01-06 10:58:02.255318+00:00,781.988,0.89,0.87,0.91,0.115,0.09,0.14,,,,
2026-01-06 10:58:02.991000+00:00,2026-01-06 10:58:03.259492+00:00,782.991,0.805,0.8,0.81,0.195,0.19,0.2,,,,
2026-01-06 10:58:04.002000+00:00,2026-01-06 10:58:04.271779+00:00,784.002,0.88,0.87,0.89,0.11,0.1,0.12,,,,
2026-01-06 10:58:05.012000+00:00,2026-01-06 10:58:05.290051+00:00,785.012,0.91,0.9,0.92,0.09,0.08,0.1,,,,
2026-01-06 10:58:06.006000+00:00,2026-01-06 10:58:06.295743+00:00,786.006,0.905,0.9,0.91,0.095,0.09,0.1,,,,
2026-01-06 10:58:07.031000+00:00,2026-01-06 10:58:07.303977+00:00,787.031,0.895,0.89,0.9,0.105,0.1,0.11,,,,
2026-01-06 10:58:08.036000+00:00,2026-01-06 10:58:08.303091+00:00,788.036,0.905,0.9,0.91,0.1,0.09,0.11,,,,
2026-01-06 10:58:09.050000+00:00,2026-01-06 10:58:09.312383+00:00,789.05,0.895,0.89,0.9,0.105,0.1,0.11,,,,
2026-01-06 10:58:10.043000+00:00,2026-01-06 10:58:10.312156+00:00,790.043,0.865,0.86,0.87,0.265,0.26,0.27,,,,
2026-01-06 10:58:11.067000+00:00,2026-01-06 10:58:11.333853+00:00,791.067,0.695,0.69,0.7,0.285,0.26,0.31,,,,
2026-01-06 10:58:12.067000+00:00,2026-01-06 10:58:12.347493+00:00,792.067,0.735,0.71,0.76,0.25,0.24,0.26,,,,
2026-01-06 10:58:13.083000+00:00,2026-01-06 10:58:13.347524+00:00,793.083,0.75,0.74,0.76,0.245,0.24,0.25,,,,
2026-01-06 10:58:14.067000+00:00,2026-01-06 10:58:14.351769+00:00,794.067,0.74,0.73,0.75,0.26,0.25,0.27,,,,
2026-01-06 10:58:15.087000+00:00,2026-01-06 10:58:15.359722+00:00,795.087,0.735,0.73,0.74,0.265,0.26,0.27,,,,
2026-01-06 10:58:16.091000+00:00,2026-01-06 10:58:16.362158+00:00,796.091,0.735,0.73,0.74,0.265,0.26,0.27,,,,
2026-01-06 10:58:17.056000+00:00,2026-01-06 10:58:17.380866+00:00,797.056,0.745,0.74,0.75,0.255,0.25,0.26,,,,
2026-01-06 10:58:18.082000+00:00,2026-01-06 10:58:18.397762+00:00,798.082,0.745,0.74,0.75,0.255,0.25,0.26,,,,
2026-01-06 10:58:19.116000+00:00,2026-01-06 10:58:19.394591+00:00,799.116,0.75,0.74,0.76,0.25,0.24,0.26,,,,
2026-01-06 10:58:20.108000+00:00,2026-01-06 10:58:20.392286+00:00,800.108,0.74,0.73,0.75,0.26,0.25,0.27,,,,
2026-01-06 10:58:21.094000+00:00,2026-01-06 10:58:21.396595+00:00,801.094,0.74,0.73,0.75,0.26,0.25,0.27,,,,
2026-01-06 10:58:22.120000+00:00,2026-01-06 10:58:22.399929+00:00,802.12,0.74,0.73,0.75,0.26,0.25,0.27,,,,
2026-01-06 10:58:23.099000+00:00,2026-01-06 10:58:23.397777+00:00,803.099,0.74,0.73,0.75,0.26,0.25,0.27,,,,
2026-01-06 10:58:24.801000+00:00,2026-01-06 10:58:25.394875+00:00,804.801,0.755,0.75,0.76,0.245,0.24,0.25,,,,
2026-01-06 10:58:26.129000+00:00,2026-01-06 10:58:26.395675+00:00,806.129,0.83,0.82,0.84,0.175,0.17,0.18,,,,
2026-01-06 10:58:27.136000+00:00,2026-01-06 10:58:27.409758+00:00,807.136,0.825,0.82,0.83,0.175,0.17,0.18,,,,
2026-01-06 10:58:28.833000+00:00,2026-01-06 10:58:29.443434+00:00,808.833,0.825,0.82,0.83,0.1699999999999999,0.16,0.18,,,,
2026-01-06 10:58:30.188000+00:00,2026-01-06 10:58:30.456685+00:00,810.188,0.825,0.82,0.83,0.175,0.17,0.18,,,,
2026-01-06 10:58:31.198000+00:00,2026-01-06 10:58:31.464928+00:00,811.198,0.825,0.82,0.83,0.175,0.17,0.18,,,,
2026-01-06 10:58:32.191000+00:00,2026-01-06 10:58:32.458026+00:00,812.191,0.815,0.81,0.82,0.185,0.18,0.19,,,,
2026-01-06 10:58:33.188000+00:00,2026-01-06 10:58:33.467073+00:00,813.188,0.8200000000000001,0.81,0.83,0.18,0.17,0.19,,,,
2026-01-06 10:58:34.155000+00:00,2026-01-06 10:58:34.476495+00:00,814.155,0.825,0.82,0.83,0.175,0.17,0.18,,,,
2026-01-06 10:58:35.195000+00:00,2026-01-06 10:58:35.493502+00:00,815.195,0.825,0.82,0.83,0.175,0.17,0.18,,,,
2026-01-06 10:58:36.245000+00:00,2026-01-06 10:58:36.507815+00:00,816.245,0.825,0.82,0.83,0.175,0.17,0.18,,,,
2026-01-06 10:58:37.205000+00:00,2026-01-06 10:58:37.507550+00:00,817.205,0.825,0.82,0.83,0.175,0.17,0.18,,,,
2026-01-06 10:58:38.166000+00:00,2026-01-06 10:58:38.521285+00:00,818.166,0.8200000000000001,0.81,0.83,0.18,0.17,0.19,,,,
2026-01-06 10:58:39.332000+00:00,2026-01-06 10:58:39.520418+00:00,819.332,0.8200000000000001,0.81,0.83,0.18,0.17,0.19,,,,
2026-01-06 10:58:40.076000+00:00,2026-01-06 10:58:40.521897+00:00,820.076,0.825,0.82,0.83,0.175,0.17,0.18,,,,
2026-01-06 10:58:41.235000+00:00,2026-01-06 10:58:41.524704+00:00,821.235,0.825,0.82,0.83,0.175,0.17,0.18,,,,
2026-01-06 10:58:42.245000+00:00,2026-01-06 10:58:42.539743+00:00,822.245,0.825,0.82,0.83,0.175,0.17,0.18,,,,
2026-01-06 10:58:43.293000+00:00,2026-01-06 10:58:43.560173+00:00,823.293,0.825,0.82,0.83,0.175,0.17,0.18,,,,
2026-01-06 10:58:44.309000+00:00,2026-01-06 10:58:44.574279+00:00,824.309,0.815,0.81,0.82,0.185,0.18,0.19,,,,
2026-01-06 10:58:45.321000+00:00,2026-01-06 10:58:45.589295+00:00,825.321,0.795,0.79,0.8,0.215,0.21,0.22,,,,
2026-01-06 10:58:46.319000+00:00,2026-01-06 10:58:46.591566+00:00,826.319,0.775,0.77,0.78,0.225,0.22,0.23,,,,
2026-01-06 10:58:47.346000+00:00,2026-01-06 10:58:47.607607+00:00,827.346,0.78,0.77,0.79,0.22,0.21,0.23,,,,
2026-01-06 10:58:48.362000+00:00,2026-01-06 10:58:48.627454+00:00,828.362,0.795,0.79,0.8,0.205,0.2,0.21,,,,
2026-01-06 10:58:49.046000+00:00,2026-01-06 10:58:49.646394+00:00,829.046,0.795,0.79,0.8,0.205,0.2,0.21,,,,
2026-01-06 10:58:50.377000+00:00,2026-01-06 10:58:50.638290+00:00,830.377,0.795,0.79,0.8,0.2,0.19,0.21,,,,
2026-01-06 10:58:51.366000+00:00,2026-01-06 10:58:51.653243+00:00,831.366,0.8,0.79,0.81,0.2,0.19,0.21,,,,
2026-01-06 10:58:52.390000+00:00,2026-01-06 10:58:52.657243+00:00,832.39,0.8,0.79,0.81,0.2,0.19,0.21,,,,
2026-01-06 10:58:53.348000+00:00,2026-01-06 10:58:53.674884+00:00,833.348,0.825,0.82,0.83,0.175,0.17,0.18,,,,
2026-01-06 10:58:54.279000+00:00,2026-01-06 10:58:54.681039+00:00,834.279,0.805,0.8,0.81,0.2,0.19,0.21,,,,
2026-01-06 10:58:55.416000+00:00,2026-01-06 10:58:55.684692+00:00,835.416,0.81,0.8,0.82,0.19,0.18,0.2,,,,
2026-01-06 10:58:56.384000+00:00,2026-01-06 10:58:56.696182+00:00,836.384,0.805,0.8,0.81,0.19,0.18,0.2,,,,
2026-01-06 10:58:57.386000+00:00,2026-01-06 10:58:57.718334+00:00,837.386,0.8049999999999999,0.79,0.82,0.195,0.18,0.21,,,,
2026-01-06 10:58:58.246000+00:00,2026-01-06 10:58:58.723542+00:00,838.246,0.8049999999999999,0.79,0.82,0.19,0.18,0.2,,,,
2026-01-06 10:58:59.439000+00:00,2026-01-06 10:58:59.729651+00:00,839.439,0.815,0.8,0.83,0.185,0.17,0.2,,,,
2026-01-06 10:59:00.674000+00:00,2026-01-06 10:59:00.964955+00:00,840.674,0.83,0.82,0.84,0.1699999999999999,0.16,0.18,,,,
2026-01-06 10:59:01.476000+00:00,2026-01-06 10:59:01.738684+00:00,841.476,0.83,0.82,0.84,0.1699999999999999,0.16,0.18,,,,
2026-01-06 10:59:02.458000+00:00,2026-01-06 10:59:02.755647+00:00,842.458,0.835,0.82,0.85,0.155,0.15,0.16,,,,
2026-01-06 10:59:03.497000+00:00,2026-01-06 10:59:03.773204+00:00,843.497,0.845,0.84,0.85,0.155,0.15,0.16,,,,
2026-01-06 10:59:04.504000+00:00,2026-01-06 10:59:04.769170+00:00,844.504,0.835,0.83,0.84,0.165,0.16,0.17,,,,
2026-01-06 10:59:05.504000+00:00,2026-01-06 10:59:05.778552+00:00,845.504,0.84,0.83,0.85,0.16,0.15,0.17,,,,
2026-01-06 10:59:06.420000+00:00,2026-01-06 10:59:06.793080+00:00,846.42,0.84,0.83,0.85,0.16,0.15,0.17,,,,
2026-01-06 10:59:07.545000+00:00,2026-01-06 10:59:07.806667+00:00,847.545,0.845,0.83,0.86,0.155,0.14,0.17,,,,
2026-01-06 10:59:08.452000+00:00,2026-01-06 10:59:08.820239+00:00,848.452,0.855,0.85,0.86,0.145,0.14,0.15,,,,
2026-01-06 10:59:09.445000+00:00,2026-01-06 10:59:09.820818+00:00,849.445,0.845,0.83,0.86,0.155,0.14,0.17,,,,
2026-01-06 10:59:10.460000+00:00,2026-01-06 10:59:10.828910+00:00,850.46,0.855,0.84,0.87,0.145,0.13,0.16,,,,
2026-01-06 10:59:11.566000+00:00,2026-01-06 10:59:11.836548+00:00,851.566,0.865,0.86,0.87,0.135,0.13,0.14,,,,
2026-01-06 10:59:12.345000+00:00,2026-01-06 10:59:12.845736+00:00,852.345,0.87,0.86,0.88,0.13,0.12,0.14,,,,
2026-01-06 10:59:13.558000+00:00,2026-01-06 10:59:13.841281+00:00,853.558,0.87,0.86,0.88,0.13,0.12,0.14,,,,
2026-01-06 10:59:14.391000+00:00,2026-01-06 10:59:14.858361+00:00,854.391,0.87,0.86,0.88,0.13,0.12,0.14,,,,
2026-01-06 10:59:15.586000+00:00,2026-01-06 10:59:15.859440+00:00,855.586,0.87,0.86,0.88,0.125,0.12,0.13,,,,
2026-01-06 10:59:16.572000+00:00,2026-01-06 10:59:16.853246+00:00,856.572,0.91,0.9,0.92,0.085,0.07,0.1,,,,
2026-01-06 10:59:17.581000+00:00,2026-01-06 10:59:17.862419+00:00,857.581,0.915,0.9,0.93,0.085,0.07,0.1,,,,
2026-01-06 10:59:18.591000+00:00,2026-01-06 10:59:18.868339+00:00,858.591,0.915,0.9,0.93,0.085,0.07,0.1,,,,
2026-01-06 10:59:19.584000+00:00,2026-01-06 10:59:19.871580+00:00,859.584,0.935,0.93,0.94,0.065,0.06,0.07,,,,
2026-01-06 10:59:20.622000+00:00,2026-01-06 10:59:20.877726+00:00,860.622,0.88,0.83,0.93,0.1,0.08,0.12,,,,
2026-01-06 10:59:21.607000+00:00,2026-01-06 10:59:21.892564+00:00,861.607,0.935,0.93,0.94,0.065,0.06,0.07,,,,
2026-01-06 10:59:22.574000+00:00,2026-01-06 10:59:22.889110+00:00,862.574,0.94,0.93,0.95,0.06,0.05,0.07,,,,
2026-01-06 10:59:23.642000+00:00,2026-01-06 10:59:23.909667+00:00,863.642,0.94,0.93,0.95,0.065,0.06,0.07,,,,
2026-01-06 10:59:24.585000+00:00,2026-01-06 10:59:24.915367+00:00,864.585,0.935,0.92,0.95,0.065,0.05,0.08,,,,
2026-01-06 10:59:25.521000+00:00,2026-01-06 10:59:25.920255+00:00,865.521,0.935,0.92,0.95,0.065,0.05,0.08,,,,
2026-01-06 10:59:26.664000+00:00,2026-01-06 10:59:26.937371+00:00,866.664,0.955,0.95,0.96,0.045,0.04,0.05,,,,
2026-01-06 10:59:27.669000+00:00,2026-01-06 10:59:27.941435+00:00,867.669,0.955,0.95,0.96,0.045,0.04,0.05,,,,
2026-01-06 10:59:28.624000+00:00,2026-01-06 10:59:28.953235+00:00,868.624,0.935,0.93,0.94,0.065,0.06,0.07,,,,
2026-01-06 10:59:29.607000+00:00,2026-01-06 10:59:29.975912+00:00,869.607,0.955,0.95,0.96,0.045,0.04,0.05,,,,
2026-01-06 10:59:30.697000+00:00,2026-01-06 10:59:30.969962+00:00,870.697,0.95,0.94,0.96,0.05,0.04,0.06,,,,
2026-01-06 10:59:31.692000+00:00,2026-01-06 10:59:31.986987+00:00,871.692,0.965,0.96,0.97,0.035,0.03,0.04,,,,
2026-01-06 10:59:32.714000+00:00,2026-01-06 10:59:33.003303+00:00,872.714,0.965,0.96,0.97,0.035,0.03,0.04,,,,
2026-01-06 10:59:33.714000+00:00,2026-01-06 10:59:34.022214+00:00,873.714,0.965,0.96,0.97,0.035,0.03,0.04,,,,
2026-01-06 10:59:34.742000+00:00,2026-01-06 10:59:35.023441+00:00,874.742,0.965,0.96,0.97,0.035,0.03,0.04,,,,
2026-01-06 10:59:35.693000+00:00,2026-01-06 10:59:36.022336+00:00,875.693,0.97,0.96,0.98,0.03,0.02,0.04,,,,
2026-01-06 10:59:36.732000+00:00,2026-01-06 10:59:37.033760+00:00,876.732,0.975,0.97,0.98,0.025,0.02,0.03,,,,
2026-01-06 10:59:37.672000+00:00,2026-01-06 10:59:38.042265+00:00,877.672,0.975,0.97,0.98,0.025,0.02,0.03,,,,
2026-01-06 10:59:38.475000+00:00,2026-01-06 10:59:39.048946+00:00,878.475,0.975,0.97,0.98,0.025,0.02,0.03,,,,
2026-01-06 10:59:39.745000+00:00,2026-01-06 10:59:40.052884+00:00,879.745,0.975,0.96,0.99,0.025,0.01,0.04,,,,
2026-01-06 10:59:40.810000+00:00,2026-01-06 10:59:41.072167+00:00,880.81,0.965,0.96,0.97,0.035,0.03,0.04,,,,
2026-01-06 10:59:41.750000+00:00,2026-01-06 10:59:42.076450+00:00,881.75,0.96,0.95,0.97,0.04,0.03,0.05,,,,
2026-01-06 10:59:42.758000+00:00,2026-01-06 10:59:43.088200+00:00,882.758,0.985,0.98,0.99,0.015,0.01,0.02,,,,
2026-01-06 10:59:43.825000+00:00,2026-01-06 10:59:44.097134+00:00,883.825,0.98,0.97,0.99,0.02,0.01,0.03,,,,
2026-01-06 10:59:44.672000+00:00,2026-01-06 10:59:45.102584+00:00,884.672,0.985,0.98,0.99,0.015,0.01,0.02,,,,
2026-01-06 10:59:45.837000+00:00,2026-01-06 10:59:46.119959+00:00,885.837,0.985,0.98,0.99,0.015,0.01,0.02,,,,
2026-01-06 10:59:46.764000+00:00,2026-01-06 10:59:47.118504+00:00,886.764,0.985,0.98,0.99,0.015,0.01,0.02,,,,
2026-01-06 10:59:47.835000+00:00,2026-01-06 10:59:48.144359+00:00,887.835,0.985,0.98,0.99,0.015,0.01,0.02,,,,
2026-01-06 10:59:48.826000+00:00,2026-01-06 10:59:49.156097+00:00,888.826,0.99,0.99,,0.01,,0.01,,,,
2026-01-06 10:59:49.829000+00:00,2026-01-06 10:59:50.170390+00:00,889.829,0.99,0.99,,0.01,,0.01,,,,
2026-01-06 10:59:50.857000+00:00,2026-01-06 10:59:51.186514+00:00,890.857,0.99,0.99,,0.01,,0.01,,,,
2026-01-06 10:59:51.902000+00:00,2026-01-06 10:59:52.187386+00:00,891.902,0.99,0.99,,0.01,,0.01,,,,
2026-01-06 10:59:52.817000+00:00,2026-01-06 10:59:53.199170+00:00,892.817,0.99,0.99,,0.01,,0.01,,,,
2026-01-06 10:59:53.933000+00:00,2026-01-06 10:59:54.202580+00:00,893.933,0.99,0.99,,0.01,,0.01,,,,
2026-01-06 10:59:54.950000+00:00,2026-01-06 10:59:55.219403+00:00,894.95,0.99,0.99,,0.01,,0.01,,,,
2026-01-06 10:59:55.931000+00:00,2026-01-06 10:59:56.221633+00:00,895.931,0.99,0.99,,0.01,,0.01,,,,
2026-01-06 10:59:56.781000+00:00,2026-01-06 10:59:57.225282+00:00,896.781,0.99,0.99,,0.01,,0.01,,,,
2026-01-06 10:59:57.666000+00:00,2026-01-06 10:59:58.224783+00:00,897.666,0.99,0.99,,0.01,,0.01,,,,
2026-01-06 10:59:58.914000+00:00,2026-01-06 10:59:59.226133+00:00,898.914,0.99,0.99,,0.01,,0.01,,,,
2026-01-06 10:59:59.803000+00:00,2026-01-06 11:00:00.235284+00:00,899.803,0.4649999999999999,0.46,0.47,0.535,0.53,0.54,,,,
