timestamp,collected_at,seconds,up_mid,up_best_bid,up_best_ask,down_mid,down_best_bid,down_best_ask,up_best_bid_size,up_best_ask_size,down_best_bid_size,down_best_ask_size
2026-01-06 03:12:39.766000+00:00,2026-01-06 03:12:38.627609+00:00,759.766,0.63,0.62,0.64,0.36,0.34,0.38,,,,
2026-01-06 03:12:40.065000+00:00,2026-01-06 03:12:40.166898+00:00,760.065,0.63,0.62,0.64,0.36,0.35,0.37,,,,
2026-01-06 03:12:41.676000+00:00,2026-01-06 03:12:41.688041+00:00,761.676,0.625,0.62,0.63,0.425,0.41,0.44,,,,
2026-01-06 03:12:44.144000+00:00,2026-01-06 03:12:44.151129+00:00,764.144,0.56,0.55,0.57,0.44,0.43,0.45,,,,
2026-01-06 03:12:46.001000+00:00,2026-01-06 03:12:46.012099+00:00,766.001,0.53,0.52,0.54,0.47,0.46,0.48,,,,
2026-01-06 03:12:47.003000+00:00,2026-01-06 03:12:47.021131+00:00,767.003,0.54,0.53,0.55,0.4599999999999999,0.45,0.47,,,,
2026-01-06 03:12:48.224000+00:00,2026-01-06 03:12:48.241940+00:00,768.224,0.54,0.53,0.55,0.4599999999999999,0.45,0.47,,,,
2026-01-06 03:12:49.216000+00:00,2026-01-06 03:12:49.238207+00:00,769.216,0.53,0.52,0.54,0.4649999999999999,0.46,0.47,,,,
2026-01-06 03:12:51.690000+00:00,2026-01-06 03:12:51.707170+00:00,771.69,0.595,0.59,0.6,0.405,0.4,0.41,,,,
2026-01-06 03:12:52.760000+00:00,2026-01-06 03:12:52.766569+00:00,772.76,0.585,0.58,0.59,0.435,0.43,0.44,,,,
2026-01-06 03:12:53.777000+00:00,2026-01-06 03:12:53.784406+00:00,773.777,0.525,0.52,0.53,0.475,0.47,0.48,,,,
2026-01-06 03:12:55.240000+00:00,2026-01-06 03:12:55.462113+00:00,775.24,0.53,0.52,0.54,0.47,0.46,0.48,,,,
2026-01-06 03:12:56.469000+00:00,2026-01-06 03:12:56.486088+00:00,776.469,0.54,0.53,0.55,0.4599999999999999,0.45,0.47,,,,
2026-01-06 03:12:57.696000+00:00,2026-01-06 03:12:57.700689+00:00,777.696,0.545,0.54,0.55,0.455,0.45,0.46,,,,
2026-01-06 03:12:59.094000+00:00,2026-01-06 03:12:59.151773+00:00,779.094,0.5800000000000001,0.56,0.6,0.42,0.4,0.44,,,,
2026-01-06 03:13:00.143000+00:00,2026-01-06 03:13:00.152149+00:00,780.143,0.5800000000000001,0.56,0.6,0.435,0.43,0.44,,,,
2026-01-06 03:13:01.105000+00:00,2026-01-06 03:13:01.142310+00:00,781.105,0.6,0.59,0.61,0.385,0.38,0.39,,,,
2026-01-06 03:13:02.138000+00:00,2026-01-06 03:13:02.144138+00:00,782.138,0.605,0.6,0.61,0.395,0.39,0.4,,,,
2026-01-06 03:13:03.082000+00:00,2026-01-06 03:13:03.144175+00:00,783.082,0.58,0.57,0.59,0.42,0.41,0.43,,,,
2026-01-06 03:13:04.263000+00:00,2026-01-06 03:13:04.349757+00:00,784.263,0.5700000000000001,0.56,0.58,0.43,0.42,0.44,,,,
2026-01-06 03:13:05.279000+00:00,2026-01-06 03:13:05.368067+00:00,785.279,0.515,0.51,0.52,0.4649999999999999,0.46,0.47,,,,
2026-01-06 03:13:06.229000+00:00,2026-01-06 03:13:06.382476+00:00,786.229,0.54,0.53,0.55,0.4599999999999999,0.45,0.47,,,,
2026-01-06 03:13:07.923000+00:00,2026-01-06 03:13:07.942602+00:00,787.923,0.54,0.53,0.55,0.4599999999999999,0.45,0.47,,,,
2026-01-06 03:13:08.958000+00:00,2026-01-06 03:13:08.964776+00:00,788.958,0.555,0.55,0.56,0.445,0.44,0.45,,,,
2026-01-06 03:13:09.877000+00:00,2026-01-06 03:13:09.959754+00:00,789.877,0.64,0.63,0.65,0.3399999999999999,0.31,0.37,,,,
2026-01-06 03:13:10.877000+00:00,2026-01-06 03:13:10.964120+00:00,790.877,0.66,0.65,0.67,0.3399999999999999,0.33,0.35,,,,
2026-01-06 03:13:11.992000+00:00,2026-01-06 03:13:11.983817+00:00,791.992,0.65,0.64,0.66,0.35,0.34,0.36,,,,
2026-01-06 03:13:13.061000+00:00,2026-01-06 03:13:13.065099+00:00,793.061,0.64,0.63,0.65,0.36,0.35,0.37,,,,
2026-01-06 03:13:14.063000+00:00,2026-01-06 03:13:14.075512+00:00,794.063,0.665,0.63,0.7,0.3399999999999999,0.31,0.37,,,,
2026-01-06 03:13:15.065000+00:00,2026-01-06 03:13:15.085370+00:00,795.065,0.6799999999999999,0.67,0.69,0.325,0.31,0.34,,,,
2026-01-06 03:13:16.130000+00:00,2026-01-06 03:13:16.184294+00:00,796.13,0.7050000000000001,0.67,0.74,0.295,0.26,0.33,,,,
2026-01-06 03:13:17.178000+00:00,2026-01-06 03:13:17.196310+00:00,797.178,0.67,0.66,0.68,0.33,0.32,0.34,,,,
2026-01-06 03:13:18.125000+00:00,2026-01-06 03:13:18.181925+00:00,798.125,0.61,0.58,0.64,0.45,0.44,0.46,,,,
2026-01-06 03:13:19.220000+00:00,2026-01-06 03:13:19.230261+00:00,799.22,0.51,0.5,0.52,0.49,0.48,0.5,,,,
2026-01-06 03:13:20.181000+00:00,2026-01-06 03:13:20.227193+00:00,800.181,0.505,0.5,0.51,0.505,0.5,0.51,,,,
2026-01-06 03:13:21.173000+00:00,2026-01-06 03:13:21.230983+00:00,801.173,0.495,0.49,0.5,0.505,0.5,0.51,,,,
2026-01-06 03:13:22.575000+00:00,2026-01-06 03:13:22.726542+00:00,802.575,0.495,0.49,0.5,0.505,0.5,0.51,,,,
2026-01-06 03:13:24.044000+00:00,2026-01-06 03:13:24.402562+00:00,804.044,0.515,0.51,0.52,0.485,0.48,0.49,,,,
2026-01-06 03:13:25.321000+00:00,2026-01-06 03:13:25.411950+00:00,805.321,0.515,0.51,0.52,0.485,0.48,0.49,,,,
2026-01-06 03:13:26.365000+00:00,2026-01-06 03:13:26.385994+00:00,806.365,0.6,0.59,0.61,0.4,0.39,0.41,,,,
2026-01-06 03:13:27.862000+00:00,2026-01-06 03:13:27.853124+00:00,807.862,0.655,0.65,0.66,0.345,0.34,0.35,,,,
2026-01-06 03:13:28.797000+00:00,2026-01-06 03:13:28.855525+00:00,808.797,0.65,0.64,0.66,0.35,0.34,0.36,,,,
2026-01-06 03:13:29.737000+00:00,2026-01-06 03:13:29.859021+00:00,809.737,0.65,0.64,0.66,0.35,0.34,0.36,,,,
2026-01-06 03:13:30.797000+00:00,2026-01-06 03:13:30.898406+00:00,810.797,0.635,0.63,0.64,0.365,0.36,0.37,,,,
2026-01-06 03:13:31.880000+00:00,2026-01-06 03:13:31.887979+00:00,811.88,0.62,0.61,0.63,0.38,0.37,0.39,,,,
2026-01-06 03:13:33.359000+00:00,2026-01-06 03:13:33.363171+00:00,813.359,0.715,0.69,0.74,0.275,0.27,0.28,,,,
2026-01-06 03:13:34.355000+00:00,2026-01-06 03:13:34.375930+00:00,814.355,0.735,0.7,0.77,0.265,0.23,0.3,,,,
2026-01-06 03:13:36.370000+00:00,2026-01-06 03:13:36.375788+00:00,816.37,0.73,0.69,0.77,0.27,0.23,0.31,,,,
2026-01-06 03:13:37.316000+00:00,2026-01-06 03:13:37.382694+00:00,817.316,0.725,0.69,0.76,0.28,0.24,0.32,,,,
2026-01-06 03:13:38.325000+00:00,2026-01-06 03:13:38.380243+00:00,818.325,0.7,0.68,0.72,0.3,0.28,0.32,,,,
2026-01-06 03:13:40.243000+00:00,2026-01-06 03:13:40.323950+00:00,820.243,0.665,0.64,0.69,0.3349999999999999,0.31,0.36,,,,
2026-01-06 03:13:41.418000+00:00,2026-01-06 03:13:41.411866+00:00,821.418,0.655,0.64,0.67,0.345,0.33,0.36,,,,
2026-01-06 03:13:42.426000+00:00,2026-01-06 03:13:42.430409+00:00,822.426,0.65,0.63,0.67,0.345,0.32,0.37,,,,
2026-01-06 03:13:44.167000+00:00,2026-01-06 03:13:44.249978+00:00,824.167,0.655,0.64,0.67,0.345,0.33,0.36,,,,
2026-01-06 03:13:45.200000+00:00,2026-01-06 03:13:45.434097+00:00,825.2,0.655,0.64,0.67,0.345,0.33,0.36,,,,
2026-01-06 03:13:46.239000+00:00,2026-01-06 03:13:46.445335+00:00,826.239,0.655,0.64,0.67,0.345,0.33,0.36,,,,
2026-01-06 03:13:47.455000+00:00,2026-01-06 03:13:47.939802+00:00,827.455,0.65,0.64,0.66,0.35,0.34,0.36,,,,
2026-01-06 03:13:48.797000+00:00,2026-01-06 03:13:48.953827+00:00,828.797,0.65,0.64,0.66,0.35,0.34,0.36,,,,
2026-01-06 03:13:49.833000+00:00,2026-01-06 03:13:49.977640+00:00,829.833,0.65,0.64,0.66,0.35,0.34,0.36,,,,
2026-01-06 03:13:50.464000+00:00,2026-01-06 03:13:51.006082+00:00,830.464,0.65,0.64,0.66,0.35,0.34,0.36,,,,
2026-01-06 03:13:52.004000+00:00,2026-01-06 03:13:52.083372+00:00,832.004,0.72,0.71,0.73,0.265,0.25,0.28,,,,
2026-01-06 03:13:53.067000+00:00,2026-01-06 03:13:53.088109+00:00,833.067,0.77,0.75,0.79,0.24,0.23,0.25,,,,
2026-01-06 03:13:54.724000+00:00,2026-01-06 03:13:55.198882+00:00,834.724,0.77,0.76,0.78,0.2299999999999999,0.22,0.24,,,,
2026-01-06 03:13:55.999000+00:00,2026-01-06 03:13:56.219112+00:00,835.999,0.765,0.76,0.77,0.2299999999999999,0.22,0.24,,,,
2026-01-06 03:13:57.001000+00:00,2026-01-06 03:13:57.232126+00:00,837.001,0.77,0.76,0.78,0.24,0.23,0.25,,,,
2026-01-06 03:13:58.145000+00:00,2026-01-06 03:13:58.249699+00:00,838.145,0.765,0.76,0.77,0.235,0.23,0.24,,,,
2026-01-06 03:13:59.395000+00:00,2026-01-06 03:13:59.390829+00:00,839.395,0.77,0.76,0.78,0.2299999999999999,0.22,0.24,,,,
2026-01-06 03:14:00.495000+00:00,2026-01-06 03:14:00.577678+00:00,840.495,0.785,0.76,0.81,0.195,0.19,0.2,,,,
2026-01-06 03:14:01.317000+00:00,2026-01-06 03:14:01.358828+00:00,841.317,0.8300000000000001,0.81,0.85,0.1699999999999999,0.15,0.19,,,,
2026-01-06 03:14:02.359000+00:00,2026-01-06 03:14:02.363088+00:00,842.359,0.87,0.84,0.9,0.095,0.08,0.11,,,,
2026-01-06 03:14:03.369000+00:00,2026-01-06 03:14:03.382612+00:00,843.369,0.935,0.9,0.97,0.065,0.03,0.1,,,,
2026-01-06 03:14:04.829000+00:00,2026-01-06 03:14:04.859807+00:00,844.829,0.935,0.92,0.95,0.04,0.03,0.05,,,,
2026-01-06 03:14:05.775000+00:00,2026-01-06 03:14:05.855518+00:00,845.775,0.96,0.95,0.97,0.04,0.03,0.05,,,,
2026-01-06 03:14:06.763000+00:00,2026-01-06 03:14:06.868225+00:00,846.763,0.975,0.97,0.98,0.025,0.02,0.03,,,,
2026-01-06 03:14:08.287000+00:00,2026-01-06 03:14:08.388905+00:00,848.287,0.975,0.97,0.98,0.025,0.02,0.03,,,,
2026-01-06 03:14:09.382000+00:00,2026-01-06 03:14:09.391218+00:00,849.382,0.975,0.97,0.98,0.025,0.02,0.03,,,,
2026-01-06 03:14:10.165000+00:00,2026-01-06 03:14:10.405518+00:00,850.165,0.985,0.98,0.99,0.015,0.01,0.02,,,,
2026-01-06 03:14:11.370000+00:00,2026-01-06 03:14:11.414044+00:00,851.37,0.985,0.98,0.99,0.015,0.01,0.02,,,,
2026-01-06 03:14:12.369000+00:00,2026-01-06 03:14:12.415166+00:00,852.369,0.985,0.98,0.99,0.015,0.01,0.02,,,,
2026-01-06 03:14:13.381000+00:00,2026-01-06 03:14:13.430909+00:00,853.381,0.985,0.98,0.99,0.015,0.01,0.02,,,,
2026-01-06 03:14:14.471000+00:00,2026-01-06 03:14:14.715272+00:00,854.471,0.985,0.98,0.99,0.015,0.01,0.02,,,,
2026-01-06 03:14:15.461000+00:00,2026-01-06 03:14:15.728870+00:00,855.461,0.98,0.97,0.99,0.02,0.01,0.03,,,,
2026-01-06 03:14:16.551000+00:00,2026-01-06 03:14:16.745304+00:00,856.551,0.985,0.98,0.99,0.015,0.01,0.02,,,,
2026-01-06 03:14:17.538000+00:00,2026-01-06 03:14:17.760136+00:00,857.538,0.985,0.98,0.99,0.015,0.01,0.02,,,,
2026-01-06 03:14:18.463000+00:00,2026-01-06 03:14:18.846742+00:00,858.463,0.985,0.98,0.99,0.015,0.01,0.02,,,,
2026-01-06 03:14:20.215000+00:00,2026-01-06 03:14:20.434440+00:00,860.215,0.985,0.98,0.99,0.015,0.01,0.02,,,,
2026-01-06 03:14:21.405000+00:00,2026-01-06 03:14:21.434122+00:00,861.405,0.985,0.98,0.99,0.015,0.01,0.02,,,,
2026-01-06 03:14:22.247000+00:00,2026-01-06 03:14:22.517547+00:00,862.247,0.985,0.98,0.99,0.015,0.01,0.02,,,,
2026-01-06 03:14:23.468000+00:00,2026-01-06 03:14:23.546087+00:00,863.468,0.985,0.98,0.99,0.015,0.01,0.02,,,,
2026-01-06 03:14:24.429000+00:00,2026-01-06 03:14:24.546407+00:00,864.429,0.985,0.98,0.99,0.015,0.01,0.02,,,,
2026-01-06 03:14:25.088000+00:00,2026-01-06 03:14:25.623312+00:00,865.088,0.985,0.98,0.99,0.015,0.01,0.02,,,,
2026-01-06 03:14:26.795000+00:00,2026-01-06 03:14:26.807573+00:00,866.795,0.985,0.98,0.99,0.015,0.01,0.02,,,,
2026-01-06 03:14:27.530000+00:00,2026-01-06 03:14:27.951527+00:00,867.53,0.985,0.98,0.99,0.015,0.01,0.02,,,,
2026-01-06 03:14:28.796000+00:00,2026-01-06 03:14:28.944196+00:00,868.796,0.985,0.98,0.99,0.015,0.01,0.02,,,,
2026-01-06 03:14:29.851000+00:00,2026-01-06 03:14:29.952430+00:00,869.851,0.985,0.98,0.99,0.015,0.01,0.02,,,,
2026-01-06 03:14:30.831000+00:00,2026-01-06 03:14:30.970095+00:00,870.831,0.985,0.98,0.99,0.015,0.01,0.02,,,,
2026-01-06 03:14:31.943000+00:00,2026-01-06 03:14:31.969209+00:00,871.943,0.99,0.99,,0.01,,0.01,,,,
2026-01-06 03:14:32.867000+00:00,2026-01-06 03:14:32.967422+00:00,872.867,0.99,0.99,,0.01,,0.01,,,,
2026-01-06 03:14:33.468000+00:00,2026-01-06 03:14:33.972528+00:00,873.468,0.99,0.99,,0.01,,0.01,,,,
2026-01-06 03:14:35.459000+00:00,2026-01-06 03:14:36.343547+00:00,875.459,0.99,0.99,,0.01,,0.01,,,,
2026-01-06 03:14:37.100000+00:00,2026-01-06 03:14:37.348709+00:00,877.1,0.99,0.99,,0.01,,0.01,,,,
2026-01-06 03:14:38.356000+00:00,2026-01-06 03:14:38.367014+00:00,878.356,0.985,0.98,0.99,0.015,0.01,0.02,,,,
2026-01-06 03:14:39.190000+00:00,2026-01-06 03:14:39.384171+00:00,879.19,0.98,0.98,,0.02,,0.02,,,,
2026-01-06 03:14:40.373000+00:00,2026-01-06 03:14:40.398949+00:00,880.373,0.98,0.98,,0.02,,0.02,,,,
2026-01-06 03:14:41.026000+00:00,2026-01-06 03:14:41.397176+00:00,881.026,0.99,0.99,,0.01,,0.01,,,,
2026-01-06 03:14:42.692000+00:00,2026-01-06 03:14:42.791133+00:00,882.692,0.99,0.99,,0.01,,0.01,,,,
2026-01-06 03:14:43.469000+00:00,2026-01-06 03:14:43.865163+00:00,883.469,0.99,0.99,,0.01,,0.01,,,,
2026-01-06 03:14:44.444000+00:00,2026-01-06 03:14:44.894214+00:00,884.444,0.99,0.99,,0.01,,0.01,,,,
2026-01-06 03:14:45.609000+00:00,2026-01-06 03:14:45.904968+00:00,885.609,0.99,0.99,,0.01,,0.01,,,,
2026-01-06 03:14:46.460000+00:00,2026-01-06 03:14:47.901831+00:00,886.46,0.99,0.99,,0.01,,0.01,,,,
2026-01-06 03:14:48.457000+00:00,2026-01-06 03:14:48.909106+00:00,888.457,0.99,0.99,,0.01,,0.01,,,,
2026-01-06 03:14:50.719000+00:00,2026-01-06 03:14:51.072405+00:00,890.719,0.99,0.99,,0.01,,0.01,,,,
2026-01-06 03:14:52.451000+00:00,2026-01-06 03:14:53.380444+00:00,892.451,0.99,0.99,,0.01,,0.01,,,,
2026-01-06 03:14:54.958000+00:00,2026-01-06 03:14:55.411130+00:00,894.958,0.99,0.99,,0.01,,0.01,,,,
2026-01-06 03:14:56.001000+00:00,2026-01-06 03:14:56.409202+00:00,896.001,0.99,0.99,,0.01,,0.01,,,,
2026-01-06 03:14:57.455000+00:00,2026-01-06 03:14:58.431945+00:00,897.455,0.99,0.99,,0.01,,0.01,,,,
2026-01-06 03:14:59.244000+00:00,2026-01-06 03:14:59.445559+00:00,899.244,0.99,0.99,,0.01,,0.01,,,,
