timestamp,collected_at,seconds,mid,bid,ask,asset
2026-01-06 03:15:00+00:00,2026-01-06 03:17:23.099719+00:00,0.0,2.399811,2.3995,2.4001,XRP
2026-01-06 03:15:01+00:00,2026-01-06 03:17:24.381036+00:00,1.0,2.399811,2.3995,2.4001,XRP
2026-01-06 03:15:02+00:00,2026-01-06 03:17:25.402672+00:00,2.0,2.399711,2.3994,2.4002,XRP
2026-01-06 03:15:03+00:00,2026-01-06 03:17:26.440023+00:00,3.0,2.399911,2.3995,2.4007,XRP
2026-01-06 03:15:04+00:00,2026-01-06 03:17:27.443492+00:00,4.0,2.400512,2.4001,2.4008,XRP
2026-01-06 03:15:05+00:00,2026-01-06 03:17:28.559251+00:00,5.0,2.400512,2.4002,2.4008,XRP
2026-01-06 03:15:06+00:00,2026-01-06 03:17:29.609350+00:00,6.0,2.400912,2.4006,2.4012,XRP
2026-01-06 03:15:07+00:00,2026-01-06 03:17:30.708653+00:00,7.0,2.401412,2.4011,2.4017,XRP
2026-01-06 03:15:09+00:00,2026-01-06 03:17:31.853893+00:00,9.0,2.401012,2.4009,2.4012,XRP
2026-01-06 03:15:10+00:00,2026-01-06 03:17:33.105652+00:00,10.0,2.400912,2.4007,2.4011,XRP
2026-01-06 03:15:11+00:00,2026-01-06 03:17:34.104460+00:00,11.0,2.400211,2.4,2.4004,XRP
2026-01-06 03:15:12+00:00,2026-01-06 03:17:35.181692+00:00,12.0,2.400011,2.3998,2.4002,XRP
2026-01-06 03:15:13+00:00,2026-01-06 03:17:36.189174+00:00,13.0,2.400011,2.3997,2.4002,XRP
2026-01-06 03:15:14+00:00,2026-01-06 03:17:37.338979+00:00,14.0,2.400011,2.3997,2.4002,XRP
2026-01-06 03:15:15+00:00,2026-01-06 03:17:38.512169+00:00,15.0,2.399411,2.3992,2.3995,XRP
2026-01-06 03:15:16+00:00,2026-01-06 03:17:39.652521+00:00,16.0,2.399111,2.3988,2.3992,XRP
2026-01-06 03:15:17+00:00,2026-01-06 03:17:40.768173+00:00,17.0,2.398811,2.3985,2.399,XRP
2026-01-06 03:15:18+00:00,2026-01-06 03:17:41.748687+00:00,18.0,2.398511,2.3982,2.3987,XRP
2026-01-06 03:15:19+00:00,2026-01-06 03:17:42.808168+00:00,19.0,2.398311,2.3981,2.3985,XRP
2026-01-06 03:15:20+00:00,2026-01-06 03:17:43.953703+00:00,20.0,2.397911,2.3977,2.3981,XRP
2026-01-06 03:15:22+00:00,2026-01-06 03:17:45.164483+00:00,22.0,2.397611,2.3973,2.3977,XRP
2026-01-06 03:15:23+00:00,2026-01-06 03:17:46.160937+00:00,23.0,2.397311,2.397,2.3975,XRP
2026-01-06 03:15:24+00:00,2026-01-06 03:17:47.193951+00:00,24.0,2.397311,2.397,2.3975,XRP
2026-01-06 03:15:25+00:00,2026-01-06 03:17:48.210916+00:00,25.0,2.398011,2.3977,2.3983,XRP
2026-01-06 03:15:26+00:00,2026-01-06 03:17:49.209439+00:00,26.0,2.398211,2.3979,2.3987,XRP
2026-01-06 03:15:27+00:00,2026-01-06 03:17:50.204781+00:00,27.0,2.398611,2.3984,2.399,XRP
2026-01-06 03:15:28+00:00,2026-01-06 03:17:51.232439+00:00,28.0,2.398511,2.3983,2.3986,XRP
2026-01-06 03:15:29+00:00,2026-01-06 03:17:52.654728+00:00,29.0,2.398211,2.398,2.3984,XRP
2026-01-06 03:15:30+00:00,2026-01-06 03:17:53.642959+00:00,30.0,2.398311,2.398,2.3985,XRP
2026-01-06 03:15:31+00:00,2026-01-06 03:17:54.650401+00:00,31.0,2.398311,2.3981,2.3986,XRP
2026-01-06 03:15:32+00:00,2026-01-06 03:17:55.695215+00:00,32.0,2.398411,2.3981,2.3986,XRP
2026-01-06 03:15:33+00:00,2026-01-06 03:17:56.708456+00:00,33.0,2.398811,2.3985,2.399,XRP
2026-01-06 03:15:34+00:00,2026-01-06 03:17:57.708236+00:00,34.0,2.399311,2.3989,2.3995,XRP
2026-01-06 03:15:35+00:00,2026-01-06 03:17:58.836129+00:00,35.0,2.399211,2.3989,2.3994,XRP
2026-01-06 03:15:36+00:00,2026-01-06 03:17:59.834454+00:00,36.0,2.399111,2.3988,2.3993,XRP
2026-01-06 03:15:38+00:00,2026-01-06 03:18:01.215097+00:00,38.0,2.399011,2.3987,2.3992,XRP
2026-01-06 03:15:39+00:00,2026-01-06 03:18:02.214038+00:00,39.0,2.398811,2.3986,2.399,XRP
2026-01-06 03:15:40+00:00,2026-01-06 03:18:03.207039+00:00,40.0,2.398611,2.3984,2.3989,XRP
2026-01-06 03:15:41+00:00,2026-01-06 03:18:04.247284+00:00,41.0,2.398611,2.3983,2.3988,XRP
2026-01-06 03:15:42+00:00,2026-01-06 03:18:06.049398+00:00,42.0,2.398511,2.3983,2.3986,XRP
2026-01-06 03:15:43+00:00,2026-01-06 03:18:07.238523+00:00,43.0,2.398511,2.3982,2.3986,XRP
2026-01-06 03:15:44+00:00,2026-01-06 03:18:08.020853+00:00,44.0,2.398711,2.3985,2.399,XRP
2026-01-06 03:15:45+00:00,2026-01-06 03:18:09.157599+00:00,45.0,2.398811,2.3986,2.3991,XRP
2026-01-06 03:15:46+00:00,2026-01-06 03:18:10.203009+00:00,46.0,2.399011,2.3987,2.3993,XRP
2026-01-06 03:15:47+00:00,2026-01-06 03:18:11.365433+00:00,47.0,2.399111,2.3988,2.3994,XRP
2026-01-06 03:15:48+00:00,2026-01-06 03:18:12.425668+00:00,48.0,2.399311,2.399,2.3997,XRP
2026-01-06 03:15:50+00:00,2026-01-06 03:18:13.569902+00:00,50.0,2.399511,2.3992,2.3996,XRP
2026-01-06 03:15:51+00:00,2026-01-06 03:18:14.731800+00:00,51.0,2.399111,2.3989,2.3994,XRP
2026-01-06 03:15:52+00:00,2026-01-06 03:18:15.619114+00:00,52.0,2.399111,2.3989,2.3994,XRP
2026-01-06 03:15:53+00:00,2026-01-06 03:18:16.676204+00:00,53.0,2.399111,2.3989,2.3994,XRP
2026-01-06 03:15:54+00:00,2026-01-06 03:18:17.833105+00:00,54.0,2.399111,2.3989,2.3994,XRP
2026-01-06 03:15:55+00:00,2026-01-06 03:18:18.761501+00:00,55.0,2.399111,2.3988,2.3992,XRP
2026-01-06 03:15:56+00:00,2026-01-06 03:18:19.886651+00:00,56.0,2.398411,2.3982,2.3986,XRP
2026-01-06 03:15:57+00:00,2026-01-06 03:18:21.008112+00:00,57.0,2.398311,2.3981,2.3986,XRP
2026-01-06 03:15:59+00:00,2026-01-06 03:18:22.333923+00:00,59.0,2.398311,2.398,2.3986,XRP
2026-01-06 03:16:00+00:00,2026-01-06 03:18:23.355136+00:00,60.0,2.398311,2.398,2.3987,XRP
2026-01-06 03:16:01+00:00,2026-01-06 03:18:24.332608+00:00,61.0,2.398411,2.3981,2.3987,XRP
2026-01-06 03:16:02+00:00,2026-01-06 03:18:25.313355+00:00,62.0,2.398411,2.3981,2.3988,XRP
2026-01-06 03:16:03+00:00,2026-01-06 03:18:26.331231+00:00,63.0,2.398611,2.3984,2.399,XRP
2026-01-06 03:16:04+00:00,2026-01-06 03:18:27.337863+00:00,64.0,2.398811,2.3986,2.3992,XRP
2026-01-06 03:16:05+00:00,2026-01-06 03:18:28.846324+00:00,65.0,2.398611,2.3983,2.3988,XRP
2026-01-06 03:16:06+00:00,2026-01-06 03:18:29.896625+00:00,66.0,2.398511,2.3982,2.3986,XRP
2026-01-06 03:16:07+00:00,2026-01-06 03:18:30.802005+00:00,67.0,2.398311,2.398,2.3986,XRP
2026-01-06 03:16:08+00:00,2026-01-06 03:18:31.763292+00:00,68.0,2.398311,2.3981,2.3986,XRP
2026-01-06 03:16:09+00:00,2026-01-06 03:18:32.754857+00:00,69.0,2.398411,2.3981,2.3986,XRP
2026-01-06 03:16:10+00:00,2026-01-06 03:18:33.821552+00:00,70.0,2.398411,2.3981,2.3986,XRP
2026-01-06 03:16:11+00:00,2026-01-06 03:18:34.961243+00:00,71.0,2.398411,2.3981,2.3986,XRP
2026-01-06 03:16:12+00:00,2026-01-06 03:18:35.813964+00:00,72.0,2.398311,2.3981,2.3986,XRP
2026-01-06 03:16:13+00:00,2026-01-06 03:18:36.828951+00:00,73.0,2.398311,2.3981,2.3986,XRP
2026-01-06 03:16:14+00:00,2026-01-06 03:18:37.845516+00:00,74.0,2.398311,2.3981,2.3986,XRP
2026-01-06 03:16:15+00:00,2026-01-06 03:18:38.985111+00:00,75.0,2.398211,2.3979,2.3984,XRP
2026-01-06 03:16:16+00:00,2026-01-06 03:18:39.907948+00:00,76.0,2.398011,2.3978,2.3981,XRP
2026-01-06 03:16:17+00:00,2026-01-06 03:18:40.971286+00:00,77.0,2.396311,2.396,2.3965,XRP
2026-01-06 03:16:18+00:00,2026-01-06 03:18:42.018375+00:00,78.0,2.396311,2.3962,2.3967,XRP
2026-01-06 03:16:19+00:00,2026-01-06 03:18:43.265744+00:00,79.0,2.397011,2.3967,2.3972,XRP
2026-01-06 03:16:20+00:00,2026-01-06 03:18:44.261378+00:00,80.0,2.397011,2.3967,2.3972,XRP
2026-01-06 03:16:21+00:00,2026-01-06 03:18:45.319383+00:00,81.0,2.397011,2.3967,2.3972,XRP
2026-01-06 03:16:22+00:00,2026-01-06 03:18:46.451456+00:00,82.0,2.397011,2.3967,2.3971,XRP
2026-01-06 03:16:23+00:00,2026-01-06 03:18:47.505583+00:00,83.0,2.396911,2.3964,2.397,XRP
2026-01-06 03:16:24+00:00,2026-01-06 03:18:48.557073+00:00,84.0,2.396811,2.3964,2.397,XRP
2026-01-06 03:16:26+00:00,2026-01-06 03:18:49.711901+00:00,86.0,2.396811,2.3965,2.397,XRP
2026-01-06 03:16:27+00:00,2026-01-06 03:18:50.880357+00:00,87.0,2.396711,2.3965,2.397,XRP
2026-01-06 03:16:28+00:00,2026-01-06 03:18:51.890932+00:00,88.0,2.396811,2.3964,2.3969,XRP
2026-01-06 03:16:29+00:00,2026-01-06 03:18:53.585818+00:00,89.0,2.396511,2.3963,2.3967,XRP
2026-01-06 03:16:30+00:00,2026-01-06 03:18:54.276802+00:00,90.0,2.396411,2.3961,2.3966,XRP
2026-01-06 03:16:31+00:00,2026-01-06 03:18:55.617996+00:00,91.0,2.396411,2.396,2.3966,XRP
2026-01-06 03:16:32+00:00,2026-01-06 03:18:56.672614+00:00,92.0,2.396311,2.396,2.3965,XRP
2026-01-06 03:16:33+00:00,2026-01-06 03:18:57.628546+00:00,93.0,2.396511,2.3961,2.3966,XRP
2026-01-06 03:16:34+00:00,2026-01-06 03:18:58.645824+00:00,94.0,2.396411,2.3961,2.3966,XRP
2026-01-06 03:16:35+00:00,2026-01-06 03:18:59.983231+00:00,95.0,2.396511,2.3961,2.3966,XRP
2026-01-06 03:16:36+00:00,2026-01-06 03:19:01.029915+00:00,96.0,2.396211,2.3959,2.3964,XRP
2026-01-06 03:16:37+00:00,2026-01-06 03:19:01.705398+00:00,97.0,2.396011,2.3957,2.3961,XRP
2026-01-06 03:16:38+00:00,2026-01-06 03:19:02.717761+00:00,98.0,2.395911,2.3957,2.3961,XRP
2026-01-06 03:16:39+00:00,2026-01-06 03:19:04.073509+00:00,99.0,2.395911,2.3956,2.396,XRP
2026-01-06 03:16:41+00:00,2026-01-06 03:19:05.712802+00:00,101.0,2.395711,2.3955,2.3958,XRP
2026-01-06 03:16:42+00:00,2026-01-06 03:19:06.303819+00:00,102.0,2.395311,2.3952,2.3954,XRP
2026-01-06 03:16:43+00:00,2026-01-06 03:19:07.250594+00:00,103.0,2.395311,2.395,2.3955,XRP
2026-01-06 03:16:44+00:00,2026-01-06 03:19:08.240567+00:00,104.0,2.395111,2.3947,2.3953,XRP
2026-01-06 03:16:45+00:00,2026-01-06 03:19:09.454939+00:00,105.0,2.395411,2.395,2.3956,XRP
2026-01-06 03:16:46+00:00,2026-01-06 03:19:10.754381+00:00,106.0,2.395711,2.3953,2.3959,XRP
2026-01-06 03:16:47+00:00,2026-01-06 03:19:11.772458+00:00,107.0,2.395611,2.3953,2.3957,XRP
2026-01-06 03:16:49+00:00,2026-01-06 03:19:13.168426+00:00,109.0,2.395411,2.3951,2.3956,XRP
2026-01-06 03:16:50+00:00,2026-01-06 03:19:14.256215+00:00,110.0,2.395311,2.395,2.3955,XRP
2026-01-06 03:16:51+00:00,2026-01-06 03:19:15.229035+00:00,111.0,2.395411,2.395,2.3955,XRP
2026-01-06 03:16:52+00:00,2026-01-06 03:19:16.280156+00:00,112.0,2.395311,2.3949,2.3955,XRP
2026-01-06 03:16:53+00:00,2026-01-06 03:19:17.354925+00:00,113.0,2.395611,2.395,2.396,XRP
2026-01-06 03:16:54+00:00,2026-01-06 03:19:18.685325+00:00,114.0,2.396011,2.3955,2.3961,XRP
2026-01-06 03:16:55+00:00,2026-01-06 03:19:19.898720+00:00,115.0,2.396011,2.3957,2.3961,XRP
2026-01-06 03:16:56+00:00,2026-01-06 03:19:21.346292+00:00,116.0,2.396011,2.3957,2.3961,XRP
2026-01-06 03:16:57+00:00,2026-01-06 03:19:22.168958+00:00,117.0,2.395911,2.3957,2.3961,XRP
2026-01-06 03:16:58+00:00,2026-01-06 03:19:23.191143+00:00,118.0,2.395811,2.3956,2.396,XRP
2026-01-06 03:17:00+00:00,2026-01-06 03:19:24.269899+00:00,120.0,2.396011,2.3954,2.3962,XRP
2026-01-06 03:17:01+00:00,2026-01-06 03:19:25.677059+00:00,121.0,2.396211,2.3957,2.3963,XRP
2026-01-06 03:17:02+00:00,2026-01-06 03:19:26.671300+00:00,122.0,2.396411,2.3961,2.397,XRP
2026-01-06 03:17:03+00:00,2026-01-06 03:19:27.890665+00:00,123.0,2.396811,2.3965,2.397,XRP
2026-01-06 03:17:04+00:00,2026-01-06 03:19:29.045849+00:00,124.0,2.396811,2.3965,2.397,XRP
2026-01-06 03:17:05+00:00,2026-01-06 03:19:30.024142+00:00,125.0,2.396711,2.3964,2.397,XRP
2026-01-06 03:17:06+00:00,2026-01-06 03:19:31.020098+00:00,126.0,2.396611,2.3964,2.397,XRP
2026-01-06 03:17:07+00:00,2026-01-06 03:19:32.105851+00:00,127.0,2.396711,2.3964,2.397,XRP
2026-01-06 03:17:09+00:00,2026-01-06 03:19:33.280399+00:00,129.0,2.396811,2.3964,2.3971,XRP
2026-01-06 03:17:10+00:00,2026-01-06 03:19:34.335912+00:00,130.0,2.396811,2.3964,2.397,XRP
2026-01-06 03:17:11+00:00,2026-01-06 03:19:35.536071+00:00,131.0,2.396711,2.3964,2.397,XRP
2026-01-06 03:17:12+00:00,2026-01-06 03:19:36.525857+00:00,132.0,2.396711,2.3964,2.3969,XRP
2026-01-06 03:17:13+00:00,2026-01-06 03:19:37.538530+00:00,133.0,2.396911,2.3964,2.397,XRP
2026-01-06 03:17:14+00:00,2026-01-06 03:19:38.566545+00:00,134.0,2.396811,2.3964,2.397,XRP
2026-01-06 03:17:15+00:00,2026-01-06 03:19:39.615179+00:00,135.0,2.396611,2.3964,2.3969,XRP
2026-01-06 03:17:16+00:00,2026-01-06 03:19:40.742941+00:00,136.0,2.396911,2.3966,2.3974,XRP
2026-01-06 03:17:17+00:00,2026-01-06 03:19:41.552973+00:00,137.0,2.397111,2.3968,2.3976,XRP
2026-01-06 03:17:18+00:00,2026-01-06 03:19:43.053981+00:00,138.0,2.397711,2.3975,2.3982,XRP
2026-01-06 03:17:19+00:00,2026-01-06 03:19:44.133236+00:00,139.0,2.397911,2.3976,2.3982,XRP
2026-01-06 03:17:20+00:00,2026-01-06 03:19:45.252093+00:00,140.0,2.397611,2.3974,2.3979,XRP
2026-01-06 03:17:21+00:00,2026-01-06 03:19:46.355136+00:00,141.0,2.397311,2.397,2.3975,XRP
2026-01-06 03:17:22+00:00,2026-01-06 03:19:47.392604+00:00,142.0,2.397111,2.3967,2.3973,XRP
2026-01-06 03:17:23+00:00,2026-01-06 03:19:48.633954+00:00,143.0,2.397011,2.3966,2.3972,XRP
2026-01-06 03:17:25+00:00,2026-01-06 03:19:49.815660+00:00,145.0,2.397911,2.3978,2.3984,XRP
2026-01-06 03:17:26+00:00,2026-01-06 03:19:50.814137+00:00,146.0,2.397911,2.3978,2.3984,XRP
2026-01-06 03:17:27+00:00,2026-01-06 03:19:51.849978+00:00,147.0,2.397511,2.3973,2.3977,XRP
2026-01-06 03:17:28+00:00,2026-01-06 03:19:53.169030+00:00,148.0,2.397311,2.3969,2.3975,XRP
2026-01-06 03:17:29+00:00,2026-01-06 03:19:54.203034+00:00,149.0,2.397311,2.3968,2.3974,XRP
2026-01-06 03:17:30+00:00,2026-01-06 03:19:55.208094+00:00,150.0,2.397311,2.3968,2.3974,XRP
2026-01-06 03:17:31+00:00,2026-01-06 03:19:56.195928+00:00,151.0,2.397111,2.3968,2.3973,XRP
2026-01-06 03:17:32+00:00,2026-01-06 03:19:57.225454+00:00,152.0,2.396711,2.3964,2.3969,XRP
2026-01-06 03:17:33+00:00,2026-01-06 03:19:58.257077+00:00,153.0,2.396611,2.3963,2.3968,XRP
2026-01-06 03:17:34+00:00,2026-01-06 03:19:59.465779+00:00,154.0,2.396511,2.3963,2.3967,XRP
2026-01-06 03:17:35+00:00,2026-01-06 03:20:00.600909+00:00,155.0,2.396711,2.3963,2.3968,XRP
2026-01-06 03:17:36+00:00,2026-01-06 03:20:01.673555+00:00,156.0,2.396911,2.3964,2.397,XRP
2026-01-06 03:17:37+00:00,2026-01-06 03:20:02.666291+00:00,157.0,2.396911,2.3965,2.397,XRP
2026-01-06 03:17:38+00:00,2026-01-06 03:20:03.688499+00:00,158.0,2.396811,2.3965,2.397,XRP
2026-01-06 03:17:40+00:00,2026-01-06 03:20:04.852174+00:00,160.0,2.396811,2.3965,2.397,XRP
2026-01-06 03:17:41+00:00,2026-01-06 03:20:05.855783+00:00,161.0,2.396811,2.3965,2.397,XRP
2026-01-06 03:17:42+00:00,2026-01-06 03:20:07.891803+00:00,162.0,2.396811,2.3965,2.397,XRP
2026-01-06 03:17:43+00:00,2026-01-06 03:20:08.892056+00:00,163.0,2.396811,2.3965,2.397,XRP
2026-01-06 03:17:44+00:00,2026-01-06 03:20:09.904758+00:00,164.0,2.396711,2.3965,2.397,XRP
2026-01-06 03:17:45+00:00,2026-01-06 03:20:10.926076+00:00,165.0,2.396711,2.3965,2.3969,XRP
2026-01-06 03:17:46+00:00,2026-01-06 03:20:11.984812+00:00,166.0,2.396711,2.3964,2.3969,XRP
2026-01-06 03:17:47+00:00,2026-01-06 03:20:13.002117+00:00,167.0,2.396611,2.3964,2.3968,XRP
2026-01-06 03:17:48+00:00,2026-01-06 03:20:13.990686+00:00,168.0,2.396611,2.3964,2.3968,XRP
2026-01-06 03:17:49+00:00,2026-01-06 03:20:15.034135+00:00,169.0,2.396711,2.3964,2.3968,XRP
2026-01-06 03:17:50+00:00,2026-01-06 03:20:16.080932+00:00,170.0,2.396711,2.3964,2.3968,XRP
2026-01-06 03:17:51+00:00,2026-01-06 03:20:17.084796+00:00,171.0,2.396711,2.3964,2.3969,XRP
2026-01-06 03:17:52+00:00,2026-01-06 03:20:18.099033+00:00,172.0,2.397011,2.3967,2.3972,XRP
2026-01-06 03:17:53+00:00,2026-01-06 03:20:19.076939+00:00,173.0,2.397311,2.3969,2.3975,XRP
2026-01-06 03:17:54+00:00,2026-01-06 03:20:20.080785+00:00,174.0,2.397311,2.397,2.3975,XRP
2026-01-06 03:17:55+00:00,2026-01-06 03:20:21.098832+00:00,175.0,2.397411,2.3971,2.3976,XRP
2026-01-06 03:17:56+00:00,2026-01-06 03:20:22.117703+00:00,176.0,2.397411,2.3971,2.3977,XRP
2026-01-06 03:17:57+00:00,2026-01-06 03:20:23.133276+00:00,177.0,2.397411,2.3971,2.3977,XRP
2026-01-06 03:17:58+00:00,2026-01-06 03:20:24.313596+00:00,178.0,2.397511,2.3973,2.3978,XRP
2026-01-06 03:17:59+00:00,2026-01-06 03:20:25.175899+00:00,179.0,2.397611,2.3974,2.3978,XRP
2026-01-06 03:18:01+00:00,2026-01-06 03:20:26.535124+00:00,181.0,2.397611,2.3973,2.3979,XRP
2026-01-06 03:18:02+00:00,2026-01-06 03:20:27.641744+00:00,182.0,2.397711,2.3975,2.3982,XRP
2026-01-06 03:18:03+00:00,2026-01-06 03:20:28.637340+00:00,183.0,2.398011,2.3978,2.3984,XRP
2026-01-06 03:18:04+00:00,2026-01-06 03:20:29.798958+00:00,184.0,2.398311,2.398,2.3986,XRP
2026-01-06 03:18:05+00:00,2026-01-06 03:20:30.914964+00:00,185.0,2.398311,2.3981,2.3986,XRP
2026-01-06 03:18:06+00:00,2026-01-06 03:20:32.018202+00:00,186.0,2.398311,2.398,2.3986,XRP
2026-01-06 03:18:07+00:00,2026-01-06 03:20:33.049967+00:00,187.0,2.398311,2.398,2.3986,XRP
2026-01-06 03:18:08+00:00,2026-01-06 03:20:34.031913+00:00,188.0,2.398211,2.3979,2.3985,XRP
2026-01-06 03:18:09+00:00,2026-01-06 03:20:35.038861+00:00,189.0,2.398011,2.3978,2.3983,XRP
2026-01-06 03:18:10+00:00,2026-01-06 03:20:36.246029+00:00,190.0,2.397911,2.3977,2.3981,XRP
2026-01-06 03:18:11+00:00,2026-01-06 03:20:37.218127+00:00,191.0,2.397711,2.3975,2.3981,XRP
2026-01-06 03:18:12+00:00,2026-01-06 03:20:38.267284+00:00,192.0,2.397711,2.3975,2.3981,XRP
2026-01-06 03:18:14+00:00,2026-01-06 03:20:39.569318+00:00,194.0,2.397811,2.3975,2.3981,XRP
2026-01-06 03:18:15+00:00,2026-01-06 03:20:40.564623+00:00,195.0,2.397711,2.3976,2.398,XRP
2026-01-06 03:18:16+00:00,2026-01-06 03:20:41.632544+00:00,196.0,2.397711,2.3975,2.398,XRP
2026-01-06 03:18:17+00:00,2026-01-06 03:20:42.618176+00:00,197.0,2.397711,2.3975,2.398,XRP
2026-01-06 03:18:18+00:00,2026-01-06 03:20:43.824330+00:00,198.0,2.397711,2.3975,2.398,XRP
2026-01-06 03:18:19+00:00,2026-01-06 03:20:44.730365+00:00,199.0,2.396811,2.3964,2.3969,XRP
2026-01-06 03:18:20+00:00,2026-01-06 03:20:46.011429+00:00,200.0,2.397111,2.3967,2.3973,XRP
2026-01-06 03:18:21+00:00,2026-01-06 03:20:47.246741+00:00,201.0,2.397311,2.397,2.3976,XRP
2026-01-06 03:18:22+00:00,2026-01-06 03:20:48.258931+00:00,202.0,2.397311,2.397,2.3977,XRP
2026-01-06 03:18:23+00:00,2026-01-06 03:20:49.284582+00:00,203.0,2.397311,2.3971,2.3978,XRP
2026-01-06 03:18:25+00:00,2026-01-06 03:20:50.379341+00:00,205.0,2.398011,2.3977,2.3985,XRP
2026-01-06 03:18:26+00:00,2026-01-06 03:20:51.403136+00:00,206.0,2.398011,2.3977,2.3985,XRP
2026-01-06 03:18:27+00:00,2026-01-06 03:20:52.923694+00:00,207.0,2.398011,2.3977,2.3984,XRP
2026-01-06 03:18:28+00:00,2026-01-06 03:20:53.761047+00:00,208.0,2.398011,2.3977,2.3982,XRP
2026-01-06 03:18:29+00:00,2026-01-06 03:20:55.855409+00:00,209.0,2.397811,2.3976,2.3981,XRP
2026-01-06 03:18:30+00:00,2026-01-06 03:20:56.830149+00:00,210.0,2.397811,2.3976,2.3981,XRP
2026-01-06 03:18:31+00:00,2026-01-06 03:20:57.929569+00:00,211.0,2.397811,2.3976,2.3981,XRP
2026-01-06 03:18:32+00:00,2026-01-06 03:20:59.109274+00:00,212.0,2.397811,2.3975,2.3981,XRP
2026-01-06 03:18:34+00:00,2026-01-06 03:21:00.198270+00:00,214.0,2.397611,2.3973,2.398,XRP
2026-01-06 03:18:35+00:00,2026-01-06 03:21:01.238199+00:00,215.0,2.397611,2.3973,2.3978,XRP
2026-01-06 03:18:36+00:00,2026-01-06 03:21:02.587237+00:00,216.0,2.397611,2.3973,2.3978,XRP
2026-01-06 03:18:37+00:00,2026-01-06 03:21:03.286895+00:00,217.0,2.397611,2.3973,2.3979,XRP
2026-01-06 03:18:39+00:00,2026-01-06 03:21:04.852419+00:00,219.0,2.398111,2.3978,2.3985,XRP
2026-01-06 03:18:40+00:00,2026-01-06 03:21:05.838391+00:00,220.0,2.397611,2.3972,2.3978,XRP
2026-01-06 03:18:41+00:00,2026-01-06 03:21:07.354007+00:00,221.0,2.397511,2.3972,2.3978,XRP
2026-01-06 03:18:42+00:00,2026-01-06 03:21:08.384769+00:00,222.0,2.397411,2.3971,2.3976,XRP
2026-01-06 03:18:43+00:00,2026-01-06 03:21:09.435386+00:00,223.0,2.397311,2.3971,2.3977,XRP
2026-01-06 03:18:44+00:00,2026-01-06 03:21:10.565943+00:00,224.0,2.397311,2.397,2.3977,XRP
2026-01-06 03:18:45+00:00,2026-01-06 03:21:11.627875+00:00,225.0,2.397311,2.397,2.3976,XRP
2026-01-06 03:18:46+00:00,2026-01-06 03:21:12.754274+00:00,226.0,2.397311,2.397,2.3976,XRP
2026-01-06 03:18:48+00:00,2026-01-06 03:21:13.821768+00:00,228.0,2.397111,2.3968,2.3973,XRP
2026-01-06 03:18:49+00:00,2026-01-06 03:21:14.876539+00:00,229.0,2.396811,2.3966,2.3969,XRP
2026-01-06 03:18:50+00:00,2026-01-06 03:21:15.947158+00:00,230.0,2.397111,2.3969,2.3975,XRP
2026-01-06 03:18:51+00:00,2026-01-06 03:21:17.491706+00:00,231.0,2.397511,2.3972,2.3979,XRP
2026-01-06 03:18:52+00:00,2026-01-06 03:21:18.497775+00:00,232.0,2.397511,2.3972,2.3979,XRP
2026-01-06 03:18:53+00:00,2026-01-06 03:21:19.499154+00:00,233.0,2.397511,2.3973,2.3978,XRP
2026-01-06 03:18:54+00:00,2026-01-06 03:21:20.933803+00:00,234.0,2.397311,2.397,2.3978,XRP
2026-01-06 03:18:55+00:00,2026-01-06 03:21:21.938870+00:00,235.0,2.397411,2.3971,2.3978,XRP
2026-01-06 03:18:56+00:00,2026-01-06 03:21:23.013054+00:00,236.0,2.397411,2.3971,2.3978,XRP
2026-01-06 03:18:57+00:00,2026-01-06 03:21:24.016703+00:00,237.0,2.397411,2.3971,2.3978,XRP
2026-01-06 03:18:58+00:00,2026-01-06 03:21:25.163602+00:00,238.0,2.397411,2.3971,2.3978,XRP
2026-01-06 03:18:59+00:00,2026-01-06 03:21:25.812915+00:00,239.0,2.397411,2.3971,2.3978,XRP
2026-01-06 03:19:00+00:00,2026-01-06 03:21:26.831100+00:00,240.0,2.397511,2.3971,2.3978,XRP
2026-01-06 03:19:01+00:00,2026-01-06 03:21:27.871228+00:00,241.0,2.397511,2.3971,2.3977,XRP
2026-01-06 03:19:02+00:00,2026-01-06 03:21:29.287624+00:00,242.0,2.397111,2.3969,2.3973,XRP
2026-01-06 03:19:03+00:00,2026-01-06 03:21:29.897602+00:00,243.0,2.396811,2.3966,2.3969,XRP
2026-01-06 03:19:04+00:00,2026-01-06 03:21:30.896474+00:00,244.0,2.396711,2.3964,2.3969,XRP
2026-01-06 03:19:05+00:00,2026-01-06 03:21:31.898351+00:00,245.0,2.396711,2.3963,2.3969,XRP
2026-01-06 03:19:06+00:00,2026-01-06 03:21:32.909091+00:00,246.0,2.396611,2.3963,2.3968,XRP
2026-01-06 03:19:07+00:00,2026-01-06 03:21:33.901697+00:00,247.0,2.396611,2.3963,2.3968,XRP
2026-01-06 03:19:08+00:00,2026-01-06 03:21:35.264803+00:00,248.0,2.396411,2.3962,2.3966,XRP
2026-01-06 03:19:09+00:00,2026-01-06 03:21:35.905247+00:00,249.0,2.396211,2.3959,2.3963,XRP
2026-01-06 03:19:10+00:00,2026-01-06 03:21:37.260696+00:00,250.0,2.396111,2.3957,2.3962,XRP
2026-01-06 03:19:11+00:00,2026-01-06 03:21:38.242452+00:00,251.0,2.396011,2.3957,2.3962,XRP
2026-01-06 03:19:12+00:00,2026-01-06 03:21:39.844944+00:00,252.0,2.396011,2.3957,2.3962,XRP
2026-01-06 03:19:13+00:00,2026-01-06 03:21:40.222798+00:00,253.0,2.396111,2.3957,2.3962,XRP
2026-01-06 03:19:14+00:00,2026-01-06 03:21:41.298506+00:00,254.0,2.396211,2.3958,2.3963,XRP
2026-01-06 03:19:15+00:00,2026-01-06 03:21:42.218080+00:00,255.0,2.396211,2.3958,2.3964,XRP
2026-01-06 03:19:16+00:00,2026-01-06 03:21:43.335602+00:00,256.0,2.396211,2.3958,2.3964,XRP
2026-01-06 03:19:17+00:00,2026-01-06 03:21:44.337242+00:00,257.0,2.396211,2.3958,2.3964,XRP
2026-01-06 03:19:18+00:00,2026-01-06 03:21:45.336238+00:00,258.0,2.396111,2.3959,2.3964,XRP
2026-01-06 03:19:19+00:00,2026-01-06 03:21:46.424018+00:00,259.0,2.396111,2.3959,2.3964,XRP
2026-01-06 03:19:20+00:00,2026-01-06 03:21:48.012079+00:00,260.0,2.395811,2.3956,2.396,XRP
2026-01-06 03:19:21+00:00,2026-01-06 03:21:48.351129+00:00,261.0,2.395411,2.3953,2.3956,XRP
2026-01-06 03:19:22+00:00,2026-01-06 03:21:49.844684+00:00,262.0,2.395211,2.395,2.3954,XRP
2026-01-06 03:19:23+00:00,2026-01-06 03:21:50.880318+00:00,263.0,2.395111,2.3948,2.3954,XRP
2026-01-06 03:19:24+00:00,2026-01-06 03:21:51.464073+00:00,264.0,2.395211,2.3948,2.3953,XRP
2026-01-06 03:19:25+00:00,2026-01-06 03:21:52.447897+00:00,265.0,2.395211,2.3948,2.3953,XRP
2026-01-06 03:19:26+00:00,2026-01-06 03:21:53.485873+00:00,266.0,2.395111,2.3948,2.3953,XRP
2026-01-06 03:19:27+00:00,2026-01-06 03:21:54.476234+00:00,267.0,2.395211,2.3948,2.3953,XRP
2026-01-06 03:19:28+00:00,2026-01-06 03:21:55.741752+00:00,268.0,2.395311,2.3948,2.3954,XRP
2026-01-06 03:19:29+00:00,2026-01-06 03:21:56.872666+00:00,269.0,2.395511,2.395,2.3956,XRP
2026-01-06 03:19:30+00:00,2026-01-06 03:21:57.694391+00:00,270.0,2.395411,2.395,2.3956,XRP
2026-01-06 03:19:32+00:00,2026-01-06 03:21:58.563892+00:00,272.0,2.395011,2.3947,2.3951,XRP
2026-01-06 03:19:33+00:00,2026-01-06 03:21:59.613876+00:00,273.0,2.394911,2.3946,2.3951,XRP
2026-01-06 03:19:34+00:00,2026-01-06 03:22:00.596529+00:00,274.0,2.395011,2.3947,2.3952,XRP
2026-01-06 03:19:35+00:00,2026-01-06 03:22:01.706876+00:00,275.0,2.395011,2.3946,2.3951,XRP
2026-01-06 03:19:36+00:00,2026-01-06 03:22:02.864366+00:00,276.0,2.394211,2.394,2.3945,XRP
2026-01-06 03:19:37+00:00,2026-01-06 03:22:04.049499+00:00,277.0,2.394211,2.3939,2.3944,XRP
2026-01-06 03:19:38+00:00,2026-01-06 03:22:05.110733+00:00,278.0,2.394211,2.3939,2.3944,XRP
2026-01-06 03:19:39+00:00,2026-01-06 03:22:06.128831+00:00,279.0,2.394111,2.3938,2.3942,XRP
2026-01-06 03:19:40+00:00,2026-01-06 03:22:07.145953+00:00,280.0,2.393811,2.3935,2.3939,XRP
2026-01-06 03:19:41+00:00,2026-01-06 03:22:08.158437+00:00,281.0,2.393611,2.3934,2.3937,XRP
2026-01-06 03:19:42+00:00,2026-01-06 03:22:09.385400+00:00,282.0,2.393211,2.393,2.3933,XRP
2026-01-06 03:19:43+00:00,2026-01-06 03:22:10.263855+00:00,283.0,2.392811,2.3924,2.393,XRP
2026-01-06 03:19:44+00:00,2026-01-06 03:22:11.565591+00:00,284.0,2.392611,2.3922,2.3928,XRP
2026-01-06 03:19:45+00:00,2026-01-06 03:22:12.604871+00:00,285.0,2.392611,2.3923,2.3929,XRP
2026-01-06 03:19:46+00:00,2026-01-06 03:22:13.612207+00:00,286.0,2.392911,2.3926,2.3931,XRP
2026-01-06 03:19:48+00:00,2026-01-06 03:22:15.117415+00:00,288.0,2.393311,2.3929,2.3934,XRP
2026-01-06 03:19:49+00:00,2026-01-06 03:22:16.259191+00:00,289.0,2.393311,2.3929,2.3935,XRP
2026-01-06 03:19:50+00:00,2026-01-06 03:22:17.164478+00:00,290.0,2.393311,2.3929,2.3935,XRP
2026-01-06 03:19:51+00:00,2026-01-06 03:22:18.170750+00:00,291.0,2.393811,2.393,2.394,XRP
2026-01-06 03:19:52+00:00,2026-01-06 03:22:19.269538+00:00,292.0,2.393911,2.3934,2.3941,XRP
2026-01-06 03:19:53+00:00,2026-01-06 03:22:20.245394+00:00,293.0,2.393811,2.3935,2.394,XRP
2026-01-06 03:19:54+00:00,2026-01-06 03:22:21.331632+00:00,294.0,2.393711,2.3934,2.3939,XRP
2026-01-06 03:19:55+00:00,2026-01-06 03:22:22.620759+00:00,295.0,2.393711,2.3933,2.3938,XRP
2026-01-06 03:19:57+00:00,2026-01-06 03:22:23.988543+00:00,297.0,2.393411,2.3932,2.3936,XRP
2026-01-06 03:19:58+00:00,2026-01-06 03:22:25.074554+00:00,298.0,2.393611,2.3933,2.3939,XRP
2026-01-06 03:19:59+00:00,2026-01-06 03:22:26.075995+00:00,299.0,2.394411,2.3934,2.3947,XRP
2026-01-06 03:20:00+00:00,2026-01-06 03:22:27.220186+00:00,300.0,2.395211,2.3949,2.3959,XRP
2026-01-06 03:20:01+00:00,2026-01-06 03:22:28.281600+00:00,301.0,2.395711,2.3955,2.3962,XRP
2026-01-06 03:20:02+00:00,2026-01-06 03:22:29.577711+00:00,302.0,2.395811,2.3956,2.396,XRP
2026-01-06 03:20:03+00:00,2026-01-06 03:22:30.572704+00:00,303.0,2.395711,2.3955,2.3959,XRP
2026-01-06 03:20:04+00:00,2026-01-06 03:22:31.595555+00:00,304.0,2.395711,2.3955,2.396,XRP
2026-01-06 03:20:05+00:00,2026-01-06 03:22:32.608062+00:00,305.0,2.395811,2.3956,2.396,XRP
2026-01-06 03:20:06+00:00,2026-01-06 03:22:33.625164+00:00,306.0,2.396211,2.396,2.3966,XRP
2026-01-06 03:20:07+00:00,2026-01-06 03:22:34.689659+00:00,307.0,2.396711,2.3964,2.3972,XRP
2026-01-06 03:20:09+00:00,2026-01-06 03:22:35.943979+00:00,309.0,2.396711,2.3965,2.397,XRP
2026-01-06 03:20:10+00:00,2026-01-06 03:22:37.199272+00:00,310.0,2.397211,2.3969,2.3974,XRP
2026-01-06 03:20:11+00:00,2026-01-06 03:22:38.416488+00:00,311.0,2.397211,2.3968,2.3974,XRP
2026-01-06 03:20:12+00:00,2026-01-06 03:22:39.490500+00:00,312.0,2.397211,2.3969,2.3974,XRP
2026-01-06 03:20:13+00:00,2026-01-06 03:22:40.400176+00:00,313.0,2.397211,2.3968,2.3974,XRP
2026-01-06 03:20:14+00:00,2026-01-06 03:22:41.432173+00:00,314.0,2.397111,2.3968,2.3974,XRP
2026-01-06 03:20:15+00:00,2026-01-06 03:22:42.492614+00:00,315.0,2.397111,2.3968,2.3974,XRP
2026-01-06 03:20:17+00:00,2026-01-06 03:22:43.974679+00:00,317.0,2.397011,2.3967,2.3972,XRP
2026-01-06 03:20:18+00:00,2026-01-06 03:22:45.163021+00:00,318.0,2.396811,2.3965,2.3969,XRP
2026-01-06 03:20:19+00:00,2026-01-06 03:22:46.611353+00:00,319.0,2.396711,2.3965,2.3969,XRP
2026-01-06 03:20:20+00:00,2026-01-06 03:22:47.625379+00:00,320.0,2.396911,2.3966,2.3973,XRP
2026-01-06 03:20:21+00:00,2026-01-06 03:22:48.646789+00:00,321.0,2.397211,2.3969,2.3977,XRP
2026-01-06 03:20:23+00:00,2026-01-06 03:22:49.843237+00:00,323.0,2.397511,2.3972,2.3978,XRP
2026-01-06 03:20:24+00:00,2026-01-06 03:22:50.821624+00:00,324.0,2.397511,2.3972,2.3978,XRP
2026-01-06 03:20:25+00:00,2026-01-06 03:22:51.875101+00:00,325.0,2.397511,2.3972,2.3978,XRP
2026-01-06 03:20:26+00:00,2026-01-06 03:22:53.309434+00:00,326.0,2.397511,2.3972,2.3978,XRP
2026-01-06 03:20:27+00:00,2026-01-06 03:22:53.825824+00:00,327.0,2.397411,2.3971,2.3976,XRP
2026-01-06 03:20:28+00:00,2026-01-06 03:22:54.846042+00:00,328.0,2.396811,2.3967,2.397,XRP
2026-01-06 03:20:29+00:00,2026-01-06 03:22:55.841848+00:00,329.0,2.395811,2.3956,2.3959,XRP
2026-01-06 03:20:30+00:00,2026-01-06 03:22:56.869724+00:00,330.0,2.395611,2.3954,2.3957,XRP
2026-01-06 03:20:31+00:00,2026-01-06 03:22:57.870906+00:00,331.0,2.395411,2.3952,2.3956,XRP
2026-01-06 03:20:32+00:00,2026-01-06 03:22:59.979369+00:00,332.0,2.394611,2.3944,2.3948,XRP
2026-01-06 03:20:33+00:00,2026-01-06 03:23:01.077365+00:00,333.0,2.394311,2.394,2.3945,XRP
2026-01-06 03:20:34+00:00,2026-01-06 03:23:02.078408+00:00,334.0,2.394211,2.3939,2.3944,XRP
2026-01-06 03:20:35+00:00,2026-01-06 03:23:03.156946+00:00,335.0,2.394211,2.3939,2.3944,XRP
2026-01-06 03:20:36+00:00,2026-01-06 03:23:04.328917+00:00,336.0,2.394311,2.3939,2.3944,XRP
2026-01-06 03:20:37+00:00,2026-01-06 03:23:05.327516+00:00,337.0,2.394111,2.3938,2.3943,XRP
2026-01-06 03:20:38+00:00,2026-01-06 03:23:06.208979+00:00,338.0,2.394011,2.3937,2.3942,XRP
2026-01-06 03:20:40+00:00,2026-01-06 03:23:07.329744+00:00,340.0,2.394211,2.3939,2.3945,XRP
2026-01-06 03:20:41+00:00,2026-01-06 03:23:08.321729+00:00,341.0,2.394511,2.394,2.3947,XRP
2026-01-06 03:20:42+00:00,2026-01-06 03:23:09.342964+00:00,342.0,2.394711,2.3944,2.3951,XRP
2026-01-06 03:20:43+00:00,2026-01-06 03:23:10.349819+00:00,343.0,2.394911,2.3946,2.3951,XRP
2026-01-06 03:20:44+00:00,2026-01-06 03:23:11.359547+00:00,344.0,2.395011,2.3946,2.3951,XRP
2026-01-06 03:20:45+00:00,2026-01-06 03:23:12.438107+00:00,345.0,2.395011,2.3947,2.3952,XRP
2026-01-06 03:20:46+00:00,2026-01-06 03:23:13.460551+00:00,346.0,2.395111,2.3947,2.3954,XRP
2026-01-06 03:20:47+00:00,2026-01-06 03:23:15.127244+00:00,347.0,2.395211,2.3949,2.3954,XRP
2026-01-06 03:20:48+00:00,2026-01-06 03:23:16.108552+00:00,348.0,2.395511,2.3953,2.396,XRP
2026-01-06 03:20:49+00:00,2026-01-06 03:23:17.125889+00:00,349.0,2.396111,2.3959,2.3967,XRP
2026-01-06 03:20:51+00:00,2026-01-06 03:23:18.966343+00:00,351.0,2.396511,2.3961,2.3967,XRP
2026-01-06 03:20:52+00:00,2026-01-06 03:23:20.251746+00:00,352.0,2.396511,2.3961,2.3967,XRP
2026-01-06 03:20:54+00:00,2026-01-06 03:23:21.634034+00:00,354.0,2.396411,2.3961,2.3966,XRP
2026-01-06 03:20:55+00:00,2026-01-06 03:23:22.635500+00:00,355.0,2.396311,2.396,2.3965,XRP
2026-01-06 03:20:56+00:00,2026-01-06 03:23:23.690111+00:00,356.0,2.396111,2.3958,2.3963,XRP
2026-01-06 03:20:57+00:00,2026-01-06 03:23:24.779772+00:00,357.0,2.396011,2.3957,2.3963,XRP
2026-01-06 03:20:58+00:00,2026-01-06 03:23:26.345402+00:00,358.0,2.396011,2.3957,2.3963,XRP
2026-01-06 03:20:59+00:00,2026-01-06 03:23:26.964556+00:00,359.0,2.396011,2.3958,2.3963,XRP
2026-01-06 03:21:00+00:00,2026-01-06 03:23:28.000521+00:00,360.0,2.396011,2.3958,2.3963,XRP
2026-01-06 03:21:01+00:00,2026-01-06 03:23:29.071851+00:00,361.0,2.396011,2.3958,2.3963,XRP
2026-01-06 03:21:02+00:00,2026-01-06 03:23:30.066782+00:00,362.0,2.396011,2.3957,2.3963,XRP
2026-01-06 03:21:03+00:00,2026-01-06 03:23:31.082548+00:00,363.0,2.396011,2.3957,2.3963,XRP
2026-01-06 03:21:04+00:00,2026-01-06 03:23:32.256626+00:00,364.0,2.396011,2.3957,2.3963,XRP
2026-01-06 03:21:05+00:00,2026-01-06 03:23:33.233912+00:00,365.0,2.396011,2.3957,2.3963,XRP
2026-01-06 03:21:06+00:00,2026-01-06 03:23:34.269475+00:00,366.0,2.396011,2.3957,2.3963,XRP
2026-01-06 03:21:08+00:00,2026-01-06 03:23:35.462777+00:00,368.0,2.396011,2.3957,2.3962,XRP
2026-01-06 03:21:09+00:00,2026-01-06 03:23:36.428843+00:00,369.0,2.396111,2.3959,2.3965,XRP
2026-01-06 03:21:10+00:00,2026-01-06 03:23:37.454835+00:00,370.0,2.396311,2.396,2.3966,XRP
2026-01-06 03:21:11+00:00,2026-01-06 03:23:38.470347+00:00,371.0,2.396511,2.3962,2.3969,XRP
2026-01-06 03:21:12+00:00,2026-01-06 03:23:39.802276+00:00,372.0,2.396611,2.3963,2.3969,XRP
2026-01-06 03:21:13+00:00,2026-01-06 03:23:41.633395+00:00,373.0,2.396011,2.3957,2.3961,XRP
2026-01-06 03:21:14+00:00,2026-01-06 03:23:42.620800+00:00,374.0,2.395511,2.3951,2.3956,XRP
2026-01-06 03:21:16+00:00,2026-01-06 03:23:43.731958+00:00,376.0,2.395411,2.395,2.3955,XRP
2026-01-06 03:21:17+00:00,2026-01-06 03:23:44.731602+00:00,377.0,2.395311,2.395,2.3955,XRP
2026-01-06 03:21:18+00:00,2026-01-06 03:23:45.860508+00:00,378.0,2.395111,2.3948,2.3954,XRP
2026-01-06 03:21:19+00:00,2026-01-06 03:23:47.602478+00:00,379.0,2.395211,2.3948,2.3954,XRP
2026-01-06 03:21:20+00:00,2026-01-06 03:23:48.321254+00:00,380.0,2.395011,2.3947,2.3952,XRP
2026-01-06 03:21:21+00:00,2026-01-06 03:23:49.291897+00:00,381.0,2.394611,2.3943,2.3948,XRP
2026-01-06 03:21:22+00:00,2026-01-06 03:23:50.284507+00:00,382.0,2.394411,2.3941,2.3946,XRP
2026-01-06 03:21:23+00:00,2026-01-06 03:23:51.277963+00:00,383.0,2.394411,2.3941,2.3946,XRP
2026-01-06 03:21:24+00:00,2026-01-06 03:23:52.317103+00:00,384.0,2.394311,2.394,2.3945,XRP
2026-01-06 03:21:25+00:00,2026-01-06 03:23:53.428175+00:00,385.0,2.394211,2.3939,2.3944,XRP
2026-01-06 03:21:26+00:00,2026-01-06 03:23:54.530641+00:00,386.0,2.394111,2.3938,2.3943,XRP
2026-01-06 03:21:27+00:00,2026-01-06 03:23:55.640607+00:00,387.0,2.394011,2.3937,2.3942,XRP
2026-01-06 03:21:28+00:00,2026-01-06 03:23:56.678792+00:00,388.0,2.394011,2.3937,2.3942,XRP
2026-01-06 03:21:30+00:00,2026-01-06 03:23:57.777906+00:00,390.0,2.394111,2.3938,2.3942,XRP
2026-01-06 03:21:31+00:00,2026-01-06 03:23:58.781088+00:00,391.0,2.394111,2.3938,2.3943,XRP
2026-01-06 03:21:32+00:00,2026-01-06 03:23:59.870243+00:00,392.0,2.394411,2.394,2.3948,XRP
2026-01-06 03:21:33+00:00,2026-01-06 03:24:01.069757+00:00,393.0,2.394511,2.3945,2.3951,XRP
2026-01-06 03:21:34+00:00,2026-01-06 03:24:02.222703+00:00,394.0,2.395511,2.3952,2.3959,XRP
2026-01-06 03:21:35+00:00,2026-01-06 03:24:03.577200+00:00,395.0,2.395711,2.3954,2.3959,XRP
2026-01-06 03:21:36+00:00,2026-01-06 03:24:04.609409+00:00,396.0,2.395711,2.3954,2.3959,XRP
2026-01-06 03:21:37+00:00,2026-01-06 03:24:05.595456+00:00,397.0,2.395711,2.3953,2.3958,XRP
2026-01-06 03:21:38+00:00,2026-01-06 03:24:06.655690+00:00,398.0,2.395411,2.3952,2.3955,XRP
2026-01-06 03:21:39+00:00,2026-01-06 03:24:07.704103+00:00,399.0,2.395111,2.3949,2.3952,XRP
2026-01-06 03:21:41+00:00,2026-01-06 03:24:08.857775+00:00,401.0,2.395011,2.3947,2.3951,XRP
2026-01-06 03:21:42+00:00,2026-01-06 03:24:09.875858+00:00,402.0,2.394211,2.394,2.3943,XRP
2026-01-06 03:21:43+00:00,2026-01-06 03:24:10.922118+00:00,403.0,2.394111,2.3937,2.3943,XRP
2026-01-06 03:21:44+00:00,2026-01-06 03:24:12.942124+00:00,404.0,2.393711,2.3934,2.3938,XRP
2026-01-06 03:21:45+00:00,2026-01-06 03:24:14.158595+00:00,405.0,2.393311,2.3929,2.3934,XRP
2026-01-06 03:21:46+00:00,2026-01-06 03:24:15.176130+00:00,406.0,2.392811,2.3925,2.393,XRP
2026-01-06 03:21:47+00:00,2026-01-06 03:24:16.190974+00:00,407.0,2.392511,2.3922,2.3926,XRP
2026-01-06 03:21:49+00:00,2026-01-06 03:24:17.414347+00:00,409.0,2.393111,2.3927,2.3932,XRP
2026-01-06 03:21:50+00:00,2026-01-06 03:24:18.390723+00:00,410.0,2.393111,2.3927,2.3932,XRP
2026-01-06 03:21:51+00:00,2026-01-06 03:24:19.404412+00:00,411.0,2.393111,2.3927,2.3932,XRP
2026-01-06 03:21:52+00:00,2026-01-06 03:24:20.409699+00:00,412.0,2.393111,2.3927,2.3932,XRP
2026-01-06 03:21:53+00:00,2026-01-06 03:24:21.448128+00:00,413.0,2.393111,2.3927,2.3933,XRP
2026-01-06 03:21:54+00:00,2026-01-06 03:24:22.489166+00:00,414.0,2.393011,2.3928,2.3932,XRP
2026-01-06 03:21:55+00:00,2026-01-06 03:24:23.510206+00:00,415.0,2.392811,2.3925,2.393,XRP
2026-01-06 03:21:56+00:00,2026-01-06 03:24:24.588170+00:00,416.0,2.392811,2.3925,2.393,XRP
2026-01-06 03:21:57+00:00,2026-01-06 03:24:25.633051+00:00,417.0,2.392811,2.3925,2.393,XRP
2026-01-06 03:21:58+00:00,2026-01-06 03:24:26.630062+00:00,418.0,2.392811,2.3925,2.393,XRP
2026-01-06 03:21:59+00:00,2026-01-06 03:24:27.780312+00:00,419.0,2.392711,2.3924,2.3928,XRP
2026-01-06 03:22:00+00:00,2026-01-06 03:24:28.905274+00:00,420.0,2.392711,2.3923,2.3929,XRP
2026-01-06 03:22:02+00:00,2026-01-06 03:24:30.491610+00:00,422.0,2.392911,2.3925,2.3931,XRP
2026-01-06 03:22:03+00:00,2026-01-06 03:24:31.506451+00:00,423.0,2.393111,2.3927,2.3932,XRP
2026-01-06 03:22:04+00:00,2026-01-06 03:24:32.526052+00:00,424.0,2.392811,2.3925,2.3929,XRP
2026-01-06 03:22:05+00:00,2026-01-06 03:24:33.772681+00:00,425.0,2.392511,2.392,2.3927,XRP
2026-01-06 03:22:06+00:00,2026-01-06 03:24:34.934734+00:00,426.0,2.392311,2.3919,2.3925,XRP
2026-01-06 03:22:07+00:00,2026-01-06 03:24:35.906708+00:00,427.0,2.392311,2.3919,2.3925,XRP
2026-01-06 03:22:08+00:00,2026-01-06 03:24:36.922734+00:00,428.0,2.392411,2.3919,2.3925,XRP
2026-01-06 03:22:09+00:00,2026-01-06 03:24:37.956618+00:00,429.0,2.392511,2.3919,2.3926,XRP
2026-01-06 03:22:10+00:00,2026-01-06 03:24:38.992490+00:00,430.0,2.392511,2.392,2.3926,XRP
2026-01-06 03:22:11+00:00,2026-01-06 03:24:39.989838+00:00,431.0,2.392411,2.392,2.3926,XRP
2026-01-06 03:22:12+00:00,2026-01-06 03:24:41.014484+00:00,432.0,2.392511,2.3921,2.3926,XRP
2026-01-06 03:22:13+00:00,2026-01-06 03:24:42.168729+00:00,433.0,2.392411,2.3921,2.3926,XRP
2026-01-06 03:22:14+00:00,2026-01-06 03:24:43.182468+00:00,434.0,2.392411,2.3921,2.3926,XRP
2026-01-06 03:22:15+00:00,2026-01-06 03:24:44.251428+00:00,435.0,2.392411,2.3921,2.3926,XRP
2026-01-06 03:22:17+00:00,2026-01-06 03:24:45.360518+00:00,437.0,2.392311,2.3919,2.3925,XRP
2026-01-06 03:22:18+00:00,2026-01-06 03:24:46.353833+00:00,438.0,2.392311,2.3919,2.3924,XRP
2026-01-06 03:22:19+00:00,2026-01-06 03:24:47.600755+00:00,439.0,2.391611,2.3914,2.3918,XRP
2026-01-06 03:22:20+00:00,2026-01-06 03:24:48.910443+00:00,440.0,2.391811,2.3914,2.392,XRP
2026-01-06 03:22:21+00:00,2026-01-06 03:24:50.668610+00:00,441.0,2.392111,2.3917,2.3923,XRP
2026-01-06 03:22:22+00:00,2026-01-06 03:24:50.918472+00:00,442.0,2.392111,2.3917,2.3923,XRP
2026-01-06 03:22:23+00:00,2026-01-06 03:24:51.938389+00:00,443.0,2.392311,2.3918,2.3924,XRP
2026-01-06 03:22:24+00:00,2026-01-06 03:24:52.944374+00:00,444.0,2.392211,2.3919,2.3924,XRP
2026-01-06 03:22:25+00:00,2026-01-06 03:24:53.948669+00:00,445.0,2.392211,2.3918,2.3924,XRP
2026-01-06 03:22:27+00:00,2026-01-06 03:24:55.670475+00:00,447.0,2.392111,2.3918,2.3924,XRP
2026-01-06 03:22:28+00:00,2026-01-06 03:24:56.828263+00:00,448.0,2.392211,2.3919,2.3924,XRP
2026-01-06 03:22:29+00:00,2026-01-06 03:24:57.398137+00:00,449.0,2.392211,2.3919,2.3924,XRP
2026-01-06 03:22:30+00:00,2026-01-06 03:24:58.358815+00:00,450.0,2.392611,2.3924,2.3928,XRP
2026-01-06 03:22:31+00:00,2026-01-06 03:24:59.378644+00:00,451.0,2.392411,2.3921,2.3925,XRP
2026-01-06 03:22:32+00:00,2026-01-06 03:25:01.397249+00:00,452.0,2.392311,2.3919,2.3925,XRP
2026-01-06 03:22:33+00:00,2026-01-06 03:25:02.448367+00:00,453.0,2.392311,2.392,2.3925,XRP
2026-01-06 03:22:34+00:00,2026-01-06 03:25:03.434844+00:00,454.0,2.392311,2.392,2.3925,XRP
2026-01-06 03:22:35+00:00,2026-01-06 03:25:04.502813+00:00,455.0,2.392311,2.392,2.3925,XRP
2026-01-06 03:22:36+00:00,2026-01-06 03:25:05.444542+00:00,456.0,2.392311,2.392,2.3925,XRP
2026-01-06 03:22:37+00:00,2026-01-06 03:25:06.436909+00:00,457.0,2.392311,2.392,2.3925,XRP
2026-01-06 03:22:38+00:00,2026-01-06 03:25:07.456051+00:00,458.0,2.392511,2.3921,2.3926,XRP
2026-01-06 03:22:39+00:00,2026-01-06 03:25:08.527287+00:00,459.0,2.392611,2.3922,2.3928,XRP
2026-01-06 03:22:41+00:00,2026-01-06 03:25:09.749522+00:00,461.0,2.392611,2.3923,2.3928,XRP
2026-01-06 03:22:42+00:00,2026-01-06 03:25:10.851205+00:00,462.0,2.392611,2.3923,2.3928,XRP
2026-01-06 03:22:43+00:00,2026-01-06 03:25:11.922105+00:00,463.0,2.392611,2.3923,2.3928,XRP
2026-01-06 03:22:44+00:00,2026-01-06 03:25:12.796514+00:00,464.0,2.392211,2.392,2.3924,XRP
2026-01-06 03:22:45+00:00,2026-01-06 03:25:13.771076+00:00,465.0,2.392711,2.3923,2.3929,XRP
2026-01-06 03:22:46+00:00,2026-01-06 03:25:14.767924+00:00,466.0,2.392711,2.3923,2.3928,XRP
2026-01-06 03:22:47+00:00,2026-01-06 03:25:15.787030+00:00,467.0,2.392711,2.3923,2.3929,XRP
2026-01-06 03:22:48+00:00,2026-01-06 03:25:16.787136+00:00,468.0,2.392711,2.3923,2.3928,XRP
2026-01-06 03:22:49+00:00,2026-01-06 03:25:17.809078+00:00,469.0,2.392711,2.3923,2.3929,XRP
2026-01-06 03:22:50+00:00,2026-01-06 03:25:19.180901+00:00,470.0,2.392711,2.3923,2.3929,XRP
2026-01-06 03:22:51+00:00,2026-01-06 03:25:19.821955+00:00,471.0,2.392311,2.3922,2.3924,XRP
2026-01-06 03:22:52+00:00,2026-01-06 03:25:20.836374+00:00,472.0,2.392111,2.392,2.3924,XRP
2026-01-06 03:22:53+00:00,2026-01-06 03:25:21.839852+00:00,473.0,2.391711,2.3914,2.3919,XRP
2026-01-06 03:22:54+00:00,2026-01-06 03:25:22.868915+00:00,474.0,2.391611,2.3912,2.3917,XRP
2026-01-06 03:22:55+00:00,2026-01-06 03:25:23.862936+00:00,475.0,2.391411,2.3911,2.3916,XRP
2026-01-06 03:22:56+00:00,2026-01-06 03:25:25.263746+00:00,476.0,2.391111,2.3907,2.3912,XRP
2026-01-06 03:22:57+00:00,2026-01-06 03:25:26.170968+00:00,477.0,2.391111,2.3906,2.3913,XRP
2026-01-06 03:22:58+00:00,2026-01-06 03:25:27.189824+00:00,478.0,2.391411,2.391,2.3915,XRP
2026-01-06 03:22:59+00:00,2026-01-06 03:25:28.187443+00:00,479.0,2.391311,2.391,2.3915,XRP
2026-01-06 03:23:00+00:00,2026-01-06 03:25:29.314332+00:00,480.0,2.391411,2.391,2.3915,XRP
2026-01-06 03:23:01+00:00,2026-01-06 03:25:30.232103+00:00,481.0,2.391811,2.391,2.392,XRP
2026-01-06 03:23:02+00:00,2026-01-06 03:25:31.359724+00:00,482.0,2.391911,2.3915,2.3921,XRP
2026-01-06 03:23:03+00:00,2026-01-06 03:25:32.358395+00:00,483.0,2.391911,2.3917,2.3921,XRP
2026-01-06 03:23:04+00:00,2026-01-06 03:25:33.335032+00:00,484.0,2.392011,2.3917,2.3921,XRP
2026-01-06 03:23:05+00:00,2026-01-06 03:25:34.341011+00:00,485.0,2.392011,2.3917,2.3922,XRP
2026-01-06 03:23:06+00:00,2026-01-06 03:25:35.351417+00:00,486.0,2.392111,2.3917,2.3922,XRP
2026-01-06 03:23:07+00:00,2026-01-06 03:25:36.374766+00:00,487.0,2.392011,2.3917,2.3922,XRP
2026-01-06 03:23:08+00:00,2026-01-06 03:25:37.362363+00:00,488.0,2.391411,2.3912,2.3915,XRP
2026-01-06 03:23:09+00:00,2026-01-06 03:25:38.463587+00:00,489.0,2.391011,2.3906,2.3912,XRP
2026-01-06 03:23:10+00:00,2026-01-06 03:25:39.374770+00:00,490.0,2.391011,2.3906,2.3912,XRP
2026-01-06 03:23:11+00:00,2026-01-06 03:25:40.499128+00:00,491.0,2.391011,2.3906,2.3911,XRP
2026-01-06 03:23:12+00:00,2026-01-06 03:25:41.496221+00:00,492.0,2.391011,2.3906,2.3911,XRP
2026-01-06 03:23:13+00:00,2026-01-06 03:25:42.518454+00:00,493.0,2.391011,2.3905,2.3911,XRP
2026-01-06 03:23:14+00:00,2026-01-06 03:25:43.529183+00:00,494.0,2.391011,2.3906,2.3911,XRP
2026-01-06 03:23:15+00:00,2026-01-06 03:25:44.544679+00:00,495.0,2.391011,2.3905,2.3911,XRP
2026-01-06 03:23:16+00:00,2026-01-06 03:25:45.571484+00:00,496.0,2.390911,2.3905,2.391,XRP
2026-01-06 03:23:17+00:00,2026-01-06 03:25:46.704046+00:00,497.0,2.390711,2.3904,2.3908,XRP
2026-01-06 03:23:18+00:00,2026-01-06 03:25:47.727627+00:00,498.0,2.390611,2.3903,2.3907,XRP
2026-01-06 03:23:19+00:00,2026-01-06 03:25:48.794569+00:00,499.0,2.390611,2.3903,2.3908,XRP
2026-01-06 03:23:20+00:00,2026-01-06 03:25:49.869955+00:00,500.0,2.390611,2.3903,2.3908,XRP
2026-01-06 03:23:21+00:00,2026-01-06 03:25:50.914234+00:00,501.0,2.390611,2.3903,2.3908,XRP
2026-01-06 03:23:23+00:00,2026-01-06 03:25:52.257394+00:00,503.0,2.390811,2.3904,2.3909,XRP
2026-01-06 03:23:24+00:00,2026-01-06 03:25:53.320261+00:00,504.0,2.390811,2.3904,2.3909,XRP
2026-01-06 03:23:25+00:00,2026-01-06 03:25:54.264966+00:00,505.0,2.390811,2.3904,2.3909,XRP
2026-01-06 03:23:26+00:00,2026-01-06 03:25:55.246927+00:00,506.0,2.390811,2.3904,2.3909,XRP
2026-01-06 03:23:27+00:00,2026-01-06 03:25:56.250874+00:00,507.0,2.390611,2.3903,2.3908,XRP
2026-01-06 03:23:28+00:00,2026-01-06 03:25:57.292026+00:00,508.0,2.390611,2.3903,2.3908,XRP
2026-01-06 03:23:29+00:00,2026-01-06 03:25:58.912964+00:00,509.0,2.390911,2.3905,2.391,XRP
2026-01-06 03:23:30+00:00,2026-01-06 03:25:59.899336+00:00,510.0,2.390911,2.3905,2.391,XRP
2026-01-06 03:23:31+00:00,2026-01-06 03:26:01.043789+00:00,511.0,2.390911,2.3905,2.391,XRP
2026-01-06 03:23:32+00:00,2026-01-06 03:26:01.988434+00:00,512.0,2.390511,2.3902,2.3907,XRP
2026-01-06 03:23:33+00:00,2026-01-06 03:26:03.052859+00:00,513.0,2.390211,2.3899,2.3903,XRP
2026-01-06 03:23:34+00:00,2026-01-06 03:26:03.981384+00:00,514.0,2.390111,2.3898,2.3903,XRP
2026-01-06 03:23:35+00:00,2026-01-06 03:26:05.036615+00:00,515.0,2.390011,2.3897,2.3902,XRP
2026-01-06 03:23:36+00:00,2026-01-06 03:26:06.040925+00:00,516.0,2.390011,2.3897,2.3902,XRP
2026-01-06 03:23:37+00:00,2026-01-06 03:26:07.013944+00:00,517.0,2.390111,2.3898,2.3903,XRP
2026-01-06 03:23:38+00:00,2026-01-06 03:26:08.043666+00:00,518.0,2.390211,2.3899,2.3904,XRP
2026-01-06 03:23:39+00:00,2026-01-06 03:26:09.036121+00:00,519.0,2.390211,2.3899,2.3903,XRP
2026-01-06 03:23:40+00:00,2026-01-06 03:26:10.241523+00:00,520.0,2.390211,2.3898,2.3903,XRP
2026-01-06 03:23:41+00:00,2026-01-06 03:26:11.048757+00:00,521.0,2.390211,2.3898,2.3903,XRP
2026-01-06 03:23:42+00:00,2026-01-06 03:26:12.070124+00:00,522.0,2.390211,2.3898,2.3903,XRP
2026-01-06 03:23:43+00:00,2026-01-06 03:26:13.085818+00:00,523.0,2.390411,2.39,2.3906,XRP
2026-01-06 03:23:44+00:00,2026-01-06 03:26:14.108604+00:00,524.0,2.390611,2.3902,2.3908,XRP
2026-01-06 03:23:45+00:00,2026-01-06 03:26:15.300955+00:00,525.0,2.390511,2.3902,2.3908,XRP
2026-01-06 03:23:46+00:00,2026-01-06 03:26:16.110251+00:00,526.0,2.390711,2.3903,2.3908,XRP
2026-01-06 03:23:47+00:00,2026-01-06 03:26:17.196250+00:00,527.0,2.390911,2.3905,2.391,XRP
2026-01-06 03:23:48+00:00,2026-01-06 03:26:18.146773+00:00,528.0,2.390911,2.3905,2.391,XRP
2026-01-06 03:23:49+00:00,2026-01-06 03:26:19.127362+00:00,529.0,2.390711,2.3904,2.3909,XRP
2026-01-06 03:23:50+00:00,2026-01-06 03:26:20.798661+00:00,530.0,2.390511,2.3903,2.3907,XRP
2026-01-06 03:23:52+00:00,2026-01-06 03:26:22.056272+00:00,532.0,2.390511,2.3903,2.3907,XRP
2026-01-06 03:23:53+00:00,2026-01-06 03:26:23.118374+00:00,533.0,2.390511,2.3902,2.3907,XRP
2026-01-06 03:23:54+00:00,2026-01-06 03:26:24.106056+00:00,534.0,2.390611,2.3902,2.3907,XRP
2026-01-06 03:23:55+00:00,2026-01-06 03:26:25.207106+00:00,535.0,2.390611,2.3902,2.3907,XRP
2026-01-06 03:23:57+00:00,2026-01-06 03:26:26.453360+00:00,537.0,2.390611,2.3902,2.3907,XRP
2026-01-06 03:23:58+00:00,2026-01-06 03:26:27.938006+00:00,538.0,2.390611,2.3902,2.3907,XRP
2026-01-06 03:23:59+00:00,2026-01-06 03:26:28.777613+00:00,539.0,2.390611,2.3902,2.3907,XRP
2026-01-06 03:24:00+00:00,2026-01-06 03:26:30.402428+00:00,540.0,2.390911,2.3903,2.391,XRP
2026-01-06 03:24:01+00:00,2026-01-06 03:26:30.917806+00:00,541.0,2.391011,2.3905,2.3912,XRP
2026-01-06 03:24:02+00:00,2026-01-06 03:26:32.435374+00:00,542.0,2.390911,2.3905,2.3911,XRP
2026-01-06 03:24:04+00:00,2026-01-06 03:26:33.684134+00:00,544.0,2.390511,2.3903,2.3906,XRP
2026-01-06 03:24:05+00:00,2026-01-06 03:26:34.722070+00:00,545.0,2.390211,2.3898,2.3903,XRP
2026-01-06 03:24:06+00:00,2026-01-06 03:26:35.689309+00:00,546.0,2.390311,2.3899,2.3905,XRP
2026-01-06 03:24:07+00:00,2026-01-06 03:26:37.103586+00:00,547.0,2.390211,2.3899,2.3905,XRP
2026-01-06 03:24:08+00:00,2026-01-06 03:26:37.746606+00:00,548.0,2.390011,2.3898,2.3902,XRP
2026-01-06 03:24:09+00:00,2026-01-06 03:26:40.194663+00:00,549.0,2.390011,2.3896,2.3901,XRP
2026-01-06 03:24:11+00:00,2026-01-06 03:26:40.822608+00:00,551.0,2.390011,2.3896,2.3901,XRP
2026-01-06 03:24:12+00:00,2026-01-06 03:26:41.964953+00:00,552.0,2.389911,2.3896,2.3901,XRP
2026-01-06 03:24:13+00:00,2026-01-06 03:26:43.108529+00:00,553.0,2.390011,2.3896,2.3902,XRP
2026-01-06 03:24:14+00:00,2026-01-06 03:26:44.238425+00:00,554.0,2.389911,2.3896,2.3901,XRP
2026-01-06 03:24:15+00:00,2026-01-06 03:26:45.225537+00:00,555.0,2.389911,2.3896,2.3901,XRP
2026-01-06 03:24:16+00:00,2026-01-06 03:26:46.187528+00:00,556.0,2.389911,2.3895,2.3901,XRP
2026-01-06 03:24:17+00:00,2026-01-06 03:26:47.304959+00:00,557.0,2.389911,2.3896,2.3901,XRP
2026-01-06 03:24:18+00:00,2026-01-06 03:26:48.553853+00:00,558.0,2.389911,2.3896,2.3901,XRP
2026-01-06 03:24:19+00:00,2026-01-06 03:26:49.675693+00:00,559.0,2.389911,2.3896,2.3901,XRP
2026-01-06 03:24:20+00:00,2026-01-06 03:26:50.667777+00:00,560.0,2.389911,2.3896,2.3901,XRP
2026-01-06 03:24:21+00:00,2026-01-06 03:26:51.693201+00:00,561.0,2.389911,2.3896,2.3901,XRP
2026-01-06 03:24:22+00:00,2026-01-06 03:26:52.665019+00:00,562.0,2.390011,2.3896,2.3901,XRP
2026-01-06 03:24:23+00:00,2026-01-06 03:26:53.669202+00:00,563.0,2.390011,2.3896,2.3901,XRP
2026-01-06 03:24:25+00:00,2026-01-06 03:26:54.782694+00:00,565.0,2.390011,2.3896,2.3901,XRP
2026-01-06 03:24:26+00:00,2026-01-06 03:26:57.340444+00:00,566.0,2.389911,2.3896,2.3901,XRP
2026-01-06 03:24:27+00:00,2026-01-06 03:26:57.453642+00:00,567.0,2.390011,2.3896,2.3901,XRP
2026-01-06 03:24:28+00:00,2026-01-06 03:26:58.438251+00:00,568.0,2.390011,2.3896,2.3901,XRP
2026-01-06 03:24:29+00:00,2026-01-06 03:26:59.449175+00:00,569.0,2.390011,2.3896,2.3901,XRP
2026-01-06 03:24:30+00:00,2026-01-06 03:27:00.453429+00:00,570.0,2.389111,2.3888,2.3894,XRP
2026-01-06 03:24:31+00:00,2026-01-06 03:27:01.501706+00:00,571.0,2.387711,2.3876,2.388,XRP
2026-01-06 03:24:32+00:00,2026-01-06 03:27:02.539629+00:00,572.0,2.387111,2.3869,2.3872,XRP
2026-01-06 03:24:33+00:00,2026-01-06 03:27:03.498877+00:00,573.0,2.386911,2.3866,2.387,XRP
2026-01-06 03:24:34+00:00,2026-01-06 03:27:04.571656+00:00,574.0,2.386811,2.3866,2.387,XRP
2026-01-06 03:24:35+00:00,2026-01-06 03:27:05.581242+00:00,575.0,2.386811,2.3866,2.387,XRP
2026-01-06 03:24:36+00:00,2026-01-06 03:27:06.524532+00:00,576.0,2.386811,2.3865,2.387,XRP
2026-01-06 03:24:37+00:00,2026-01-06 03:27:07.550721+00:00,577.0,2.386911,2.3865,2.387,XRP
2026-01-06 03:24:38+00:00,2026-01-06 03:27:08.554053+00:00,578.0,2.386811,2.3865,2.3869,XRP
2026-01-06 03:24:39+00:00,2026-01-06 03:27:09.572723+00:00,579.0,2.386711,2.3864,2.3868,XRP
2026-01-06 03:24:40+00:00,2026-01-06 03:27:10.730064+00:00,580.0,2.386611,2.3862,2.3869,XRP
2026-01-06 03:24:42+00:00,2026-01-06 03:27:12.680912+00:00,582.0,2.386611,2.3861,2.3867,XRP
2026-01-06 03:24:43+00:00,2026-01-06 03:27:13.697962+00:00,583.0,2.386511,2.3861,2.3866,XRP
2026-01-06 03:24:44+00:00,2026-01-06 03:27:14.689631+00:00,584.0,2.386511,2.386,2.3866,XRP
