timestamp,collected_at,seconds,up_mid,up_best_bid,up_best_ask,down_mid,down_best_bid,down_best_ask,up_best_bid_size,up_best_ask_size,down_best_bid_size,down_best_ask_size
2026-01-06 03:15:00.040000+00:00,2026-01-06 03:15:00.446991+00:00,0.04,0.49,0.48,0.5,0.51,0.5,0.52,,,,
2026-01-06 03:15:01.095000+00:00,2026-01-06 03:15:01.461608+00:00,1.095,0.49,0.48,0.5,0.51,0.5,0.52,,,,
2026-01-06 03:15:02.436000+00:00,2026-01-06 03:15:02.477632+00:00,2.436,0.4649999999999999,0.43,0.5,0.5349999999999999,0.5,0.57,,,,
2026-01-06 03:15:03.480000+00:00,2026-01-06 03:15:03.487676+00:00,3.48,0.4649999999999999,0.43,0.5,0.5349999999999999,0.5,0.57,,,,
2026-01-06 03:15:04.781000+00:00,2026-01-06 03:15:04.802996+00:00,4.781,0.475,0.47,0.48,0.55,0.54,0.56,,,,
2026-01-06 03:15:05.984000+00:00,2026-01-06 03:15:06.033453+00:00,5.984,0.435,0.43,0.44,0.565,0.56,0.57,,,,
2026-01-06 03:15:07.990000+00:00,2026-01-06 03:15:08.061876+00:00,7.99,0.435,0.43,0.44,0.565,0.56,0.57,,,,
2026-01-06 03:15:09.018000+00:00,2026-01-06 03:15:09.069686+00:00,9.018,0.435,0.43,0.44,0.565,0.56,0.57,,,,
2026-01-06 03:15:10.064000+00:00,2026-01-06 03:15:10.073321+00:00,10.064,0.425,0.41,0.44,0.565,0.56,0.57,,,,
2026-01-06 03:15:11.382000+00:00,2026-01-06 03:15:11.344840+00:00,11.382,0.425,0.42,0.43,0.575,0.57,0.58,,,,
2026-01-06 03:15:12.331000+00:00,2026-01-06 03:15:12.368287+00:00,12.331,0.425,0.42,0.43,0.575,0.57,0.58,,,,
2026-01-06 03:15:13.258000+00:00,2026-01-06 03:15:13.360592+00:00,13.258,0.43,0.42,0.44,0.56,0.55,0.57,,,,
2026-01-06 03:15:14.453000+00:00,2026-01-06 03:15:14.380111+00:00,14.453,0.425,0.42,0.43,0.575,0.57,0.58,,,,
2026-01-06 03:15:15.358000+00:00,2026-01-06 03:15:15.380574+00:00,15.358,0.425,0.42,0.43,0.575,0.57,0.58,,,,
2026-01-06 03:15:16.405000+00:00,2026-01-06 03:15:16.399223+00:00,16.405,0.385,0.38,0.39,0.61,0.6,0.62,,,,
2026-01-06 03:15:17.285000+00:00,2026-01-06 03:15:17.408732+00:00,17.285,0.36,0.35,0.37,0.64,0.63,0.65,,,,
2026-01-06 03:15:18.343000+00:00,2026-01-06 03:15:18.413965+00:00,18.343,0.36,0.35,0.37,0.64,0.63,0.65,,,,
2026-01-06 03:15:19.453000+00:00,2026-01-06 03:15:19.461569+00:00,19.453,0.36,0.35,0.37,0.64,0.63,0.65,,,,
2026-01-06 03:15:20.406000+00:00,2026-01-06 03:15:20.454658+00:00,20.406,0.36,0.35,0.37,0.635,0.63,0.64,,,,
2026-01-06 03:15:21.471000+00:00,2026-01-06 03:15:21.494821+00:00,21.471,0.38,0.37,0.39,0.62,0.61,0.63,,,,
2026-01-06 03:15:22.480000+00:00,2026-01-06 03:15:22.511772+00:00,22.48,0.39,0.38,0.4,0.61,0.6,0.62,,,,
2026-01-06 03:15:23.341000+00:00,2026-01-06 03:15:23.519084+00:00,23.341,0.39,0.38,0.4,0.61,0.6,0.62,,,,
2026-01-06 03:15:24.474000+00:00,2026-01-06 03:15:24.528130+00:00,24.474,0.39,0.38,0.4,0.61,0.6,0.62,,,,
2026-01-06 03:15:25.583000+00:00,2026-01-06 03:15:25.574097+00:00,25.583,0.38,0.37,0.39,0.62,0.61,0.63,,,,
2026-01-06 03:15:26.723000+00:00,2026-01-06 03:15:26.741004+00:00,26.723,0.385,0.38,0.39,0.615,0.61,0.62,,,,
2026-01-06 03:15:28.097000+00:00,2026-01-06 03:15:28.113103+00:00,28.097,0.38,0.37,0.39,0.615,0.61,0.62,,,,
2026-01-06 03:15:29.077000+00:00,2026-01-06 03:15:29.108054+00:00,29.077,0.39,0.38,0.4,0.61,0.6,0.62,,,,
2026-01-06 03:15:30.116000+00:00,2026-01-06 03:15:30.127167+00:00,30.116,0.385,0.38,0.39,0.62,0.61,0.63,,,,
2026-01-06 03:15:31.001000+00:00,2026-01-06 03:15:31.146845+00:00,31.001,0.38,0.37,0.39,0.62,0.61,0.63,,,,
2026-01-06 03:15:32.298000+00:00,2026-01-06 03:15:32.308938+00:00,32.298,0.38,0.37,0.39,0.62,0.61,0.63,,,,
2026-01-06 03:15:33.304000+00:00,2026-01-06 03:15:33.363809+00:00,33.304,0.38,0.37,0.39,0.62,0.61,0.63,,,,
2026-01-06 03:15:34.749000+00:00,2026-01-06 03:15:35.366345+00:00,34.749,0.39,0.38,0.4,0.61,0.6,0.62,,,,
2026-01-06 03:15:35.468000+00:00,2026-01-06 03:15:36.363629+00:00,35.468,0.39,0.38,0.4,0.61,0.6,0.62,,,,
2026-01-06 03:15:37.474000+00:00,2026-01-06 03:15:38.372853+00:00,37.474,0.39,0.38,0.4,0.61,0.6,0.62,,,,
2026-01-06 03:15:39.003000+00:00,2026-01-06 03:15:39.389184+00:00,39.003,0.39,0.38,0.4,0.61,0.6,0.62,,,,
2026-01-06 03:15:40.209000+00:00,2026-01-06 03:15:40.400989+00:00,40.209,0.39,0.38,0.4,0.61,0.6,0.62,,,,
2026-01-06 03:15:41.383000+00:00,2026-01-06 03:15:41.404945+00:00,41.383,0.395,0.39,0.4,0.605,0.6,0.61,,,,
2026-01-06 03:15:42.241000+00:00,2026-01-06 03:15:42.413277+00:00,42.241,0.425,0.42,0.43,0.575,0.57,0.58,,,,
2026-01-06 03:15:43.403000+00:00,2026-01-06 03:15:43.436116+00:00,43.403,0.44,0.43,0.45,0.56,0.55,0.57,,,,
2026-01-06 03:15:44.361000+00:00,2026-01-06 03:15:44.427872+00:00,44.361,0.44,0.43,0.45,0.56,0.55,0.57,,,,
2026-01-06 03:15:45.171000+00:00,2026-01-06 03:15:45.443168+00:00,45.171,0.44,0.43,0.45,0.56,0.55,0.57,,,,
2026-01-06 03:15:46.463000+00:00,2026-01-06 03:15:46.479539+00:00,46.463,0.445,0.44,0.45,0.555,0.55,0.56,,,,
2026-01-06 03:15:47.453000+00:00,2026-01-06 03:15:47.486439+00:00,47.453,0.48,0.47,0.49,0.51,0.5,0.52,,,,
2026-01-06 03:15:48.512000+00:00,2026-01-06 03:15:48.512841+00:00,48.512,0.4599999999999999,0.45,0.47,0.54,0.53,0.55,,,,
2026-01-06 03:15:49.560000+00:00,2026-01-06 03:15:49.609803+00:00,49.56,0.475,0.47,0.48,0.525,0.52,0.53,,,,
2026-01-06 03:15:50.533000+00:00,2026-01-06 03:15:50.618181+00:00,50.533,0.47,0.46,0.48,0.53,0.52,0.54,,,,
2026-01-06 03:15:51.630000+00:00,2026-01-06 03:15:51.640318+00:00,51.63,0.485,0.47,0.5,0.52,0.51,0.53,,,,
2026-01-06 03:15:52.560000+00:00,2026-01-06 03:15:52.671774+00:00,52.56,0.48,0.47,0.49,0.52,0.51,0.53,,,,
2026-01-06 03:15:53.728000+00:00,2026-01-06 03:15:53.823395+00:00,53.728,0.49,0.48,0.5,0.51,0.5,0.52,,,,
2026-01-06 03:15:54.808000+00:00,2026-01-06 03:15:54.872599+00:00,54.808,0.49,0.48,0.5,0.49,0.48,0.5,,,,
2026-01-06 03:15:55.903000+00:00,2026-01-06 03:15:55.917530+00:00,55.903,0.515,0.51,0.52,0.485,0.48,0.49,,,,
2026-01-06 03:15:56.895000+00:00,2026-01-06 03:15:56.929079+00:00,56.895,0.53,0.52,0.54,0.47,0.46,0.48,,,,
2026-01-06 03:15:57.902000+00:00,2026-01-06 03:15:57.946239+00:00,57.902,0.535,0.53,0.54,0.4499999999999999,0.43,0.47,,,,
2026-01-06 03:15:58.934000+00:00,2026-01-06 03:15:58.951164+00:00,58.934,0.55,0.54,0.56,0.45,0.44,0.46,,,,
2026-01-06 03:15:59.830000+00:00,2026-01-06 03:15:59.961800+00:00,59.83,0.545,0.54,0.55,0.455,0.45,0.46,,,,
2026-01-06 03:16:00.902000+00:00,2026-01-06 03:16:00.977458+00:00,60.902,0.545,0.54,0.55,0.4599999999999999,0.45,0.47,,,,
2026-01-06 03:16:02.325000+00:00,2026-01-06 03:16:02.328388+00:00,62.325,0.555,0.55,0.56,0.445,0.44,0.45,,,,
2026-01-06 03:16:03.234000+00:00,2026-01-06 03:16:03.344657+00:00,63.234,0.58,0.57,0.59,0.42,0.41,0.43,,,,
2026-01-06 03:16:04.440000+00:00,2026-01-06 03:16:04.363698+00:00,64.44,0.58,0.57,0.59,0.42,0.41,0.43,,,,
2026-01-06 03:16:05.363000+00:00,2026-01-06 03:16:05.378193+00:00,65.363,0.585,0.58,0.59,0.42,0.41,0.43,,,,
2026-01-06 03:16:06.364000+00:00,2026-01-06 03:16:06.385149+00:00,66.364,0.585,0.58,0.59,0.415,0.41,0.42,,,,
2026-01-06 03:16:07.364000+00:00,2026-01-06 03:16:07.399263+00:00,67.364,0.615,0.61,0.62,0.385,0.38,0.39,,,,
2026-01-06 03:16:08.467000+00:00,2026-01-06 03:16:08.496294+00:00,68.467,0.625,0.62,0.63,0.375,0.37,0.38,,,,
2026-01-06 03:16:09.557000+00:00,2026-01-06 03:16:09.555553+00:00,69.557,0.595,0.58,0.61,0.41,0.4,0.42,,,,
2026-01-06 03:16:10.554000+00:00,2026-01-06 03:16:10.562684+00:00,70.554,0.55,0.54,0.56,0.45,0.44,0.46,,,,
2026-01-06 03:16:11.534000+00:00,2026-01-06 03:16:11.567767+00:00,71.534,0.55,0.54,0.56,0.45,0.44,0.46,,,,
2026-01-06 03:16:12.374000+00:00,2026-01-06 03:16:12.588408+00:00,72.374,0.55,0.54,0.56,0.445,0.44,0.45,,,,
2026-01-06 03:16:13.488000+00:00,2026-01-06 03:16:13.605422+00:00,73.488,0.56,0.55,0.57,0.44,0.43,0.45,,,,
2026-01-06 03:16:14.667000+00:00,2026-01-06 03:16:14.621171+00:00,74.667,0.535,0.52,0.55,0.47,0.46,0.48,,,,
2026-01-06 03:16:16.020000+00:00,2026-01-06 03:16:16.159344+00:00,76.02,0.51,0.5,0.52,0.49,0.48,0.5,,,,
2026-01-06 03:16:17.582000+00:00,2026-01-06 03:16:17.576182+00:00,77.582,0.505,0.5,0.51,0.505,0.49,0.52,,,,
2026-01-06 03:16:18.508000+00:00,2026-01-06 03:16:18.601281+00:00,78.508,0.51,0.49,0.53,0.49,0.47,0.51,,,,
2026-01-06 03:16:19.589000+00:00,2026-01-06 03:16:19.600738+00:00,79.589,0.495,0.49,0.5,0.505,0.5,0.51,,,,
2026-01-06 03:16:20.653000+00:00,2026-01-06 03:16:20.668669+00:00,80.653,0.47,0.46,0.48,0.525,0.52,0.53,,,,
2026-01-06 03:16:21.656000+00:00,2026-01-06 03:16:21.692873+00:00,81.656,0.4649999999999999,0.45,0.48,0.535,0.52,0.55,,,,
2026-01-06 03:16:22.662000+00:00,2026-01-06 03:16:22.711580+00:00,82.662,0.45,0.44,0.46,0.545,0.54,0.55,,,,
2026-01-06 03:16:23.620000+00:00,2026-01-06 03:16:23.727474+00:00,83.62,0.45,0.44,0.46,0.53,0.52,0.54,,,,
2026-01-06 03:16:24.676000+00:00,2026-01-06 03:16:24.729190+00:00,84.676,0.475,0.47,0.48,0.5,0.49,0.51,,,,
2026-01-06 03:16:25.725000+00:00,2026-01-06 03:16:25.742860+00:00,85.725,0.51,0.5,0.52,0.49,0.48,0.5,,,,
2026-01-06 03:16:26.772000+00:00,2026-01-06 03:16:26.807713+00:00,86.772,0.515,0.51,0.52,0.485,0.48,0.49,,,,
2026-01-06 03:16:27.634000+00:00,2026-01-06 03:16:27.837075+00:00,87.634,0.495,0.49,0.5,0.505,0.5,0.51,,,,
2026-01-06 03:16:28.826000+00:00,2026-01-06 03:16:28.839289+00:00,88.826,0.495,0.49,0.5,0.505,0.5,0.51,,,,
2026-01-06 03:16:29.838000+00:00,2026-01-06 03:16:29.839045+00:00,89.838,0.495,0.49,0.5,0.505,0.5,0.51,,,,
2026-01-06 03:16:31.179000+00:00,2026-01-06 03:16:31.280801+00:00,91.179,0.505,0.49,0.52,0.495,0.48,0.51,,,,
2026-01-06 03:16:32.202000+00:00,2026-01-06 03:16:32.284221+00:00,92.202,0.51,0.5,0.52,0.49,0.48,0.5,,,,
2026-01-06 03:16:33.284000+00:00,2026-01-06 03:16:33.302029+00:00,93.284,0.515,0.51,0.52,0.485,0.48,0.49,,,,
2026-01-06 03:16:34.275000+00:00,2026-01-06 03:16:34.294736+00:00,94.275,0.54,0.53,0.55,0.4599999999999999,0.45,0.47,,,,
2026-01-06 03:16:35.310000+00:00,2026-01-06 03:16:35.378357+00:00,95.31,0.53,0.52,0.54,0.47,0.46,0.48,,,,
2026-01-06 03:16:36.355000+00:00,2026-01-06 03:16:36.386229+00:00,96.355,0.51,0.5,0.52,0.49,0.48,0.5,,,,
2026-01-06 03:16:37.283000+00:00,2026-01-06 03:16:37.410695+00:00,97.283,0.51,0.5,0.52,0.49,0.48,0.5,,,,
2026-01-06 03:16:38.346000+00:00,2026-01-06 03:16:38.412527+00:00,98.346,0.505,0.5,0.51,0.495,0.49,0.5,,,,
2026-01-06 03:16:39.367000+00:00,2026-01-06 03:16:39.423844+00:00,99.367,0.505,0.5,0.51,0.495,0.49,0.5,,,,
2026-01-06 03:16:40.359000+00:00,2026-01-06 03:16:40.432485+00:00,100.359,0.51,0.5,0.52,0.495,0.49,0.5,,,,
2026-01-06 03:16:41.410000+00:00,2026-01-06 03:16:41.426384+00:00,101.41,0.51,0.5,0.52,0.495,0.49,0.5,,,,
2026-01-06 03:16:42.440000+00:00,2026-01-06 03:16:42.455230+00:00,102.44,0.5,0.49,0.51,0.5,0.49,0.51,,,,
2026-01-06 03:16:43.784000+00:00,2026-01-06 03:16:43.882566+00:00,103.784,0.515,0.51,0.52,0.485,0.48,0.49,,,,
2026-01-06 03:16:44.720000+00:00,2026-01-06 03:16:44.899151+00:00,104.72,0.52,0.51,0.53,0.475,0.46,0.49,,,,
2026-01-06 03:16:45.681000+00:00,2026-01-06 03:16:45.910953+00:00,105.681,0.52,0.51,0.53,0.48,0.47,0.49,,,,
2026-01-06 03:16:46.890000+00:00,2026-01-06 03:16:46.898829+00:00,106.89,0.535,0.52,0.55,0.4649999999999999,0.45,0.48,,,,
2026-01-06 03:16:47.842000+00:00,2026-01-06 03:16:47.899706+00:00,107.842,0.54,0.53,0.55,0.455,0.45,0.46,,,,
2026-01-06 03:16:48.833000+00:00,2026-01-06 03:16:48.909489+00:00,108.833,0.545,0.54,0.55,0.455,0.45,0.46,,,,
2026-01-06 03:16:50.219000+00:00,2026-01-06 03:16:50.274027+00:00,110.219,0.53,0.52,0.54,0.47,0.46,0.48,,,,
2026-01-06 03:16:51.165000+00:00,2026-01-06 03:16:51.287006+00:00,111.165,0.53,0.51,0.55,0.4649999999999999,0.45,0.48,,,,
2026-01-06 03:16:52.160000+00:00,2026-01-06 03:16:52.285939+00:00,112.16,0.535,0.52,0.55,0.4649999999999999,0.45,0.48,,,,
2026-01-06 03:16:53.232000+00:00,2026-01-06 03:16:53.276623+00:00,113.232,0.535,0.52,0.55,0.4649999999999999,0.45,0.48,,,,
2026-01-06 03:16:54.288000+00:00,2026-01-06 03:16:54.353857+00:00,114.288,0.53,0.52,0.54,0.475,0.46,0.49,,,,
2026-01-06 03:16:55.339000+00:00,2026-01-06 03:16:55.359572+00:00,115.339,0.51,0.5,0.52,0.49,0.48,0.5,,,,
2026-01-06 03:16:56.325000+00:00,2026-01-06 03:16:56.372404+00:00,116.325,0.505,0.49,0.52,0.495,0.48,0.51,,,,
2026-01-06 03:16:57.239000+00:00,2026-01-06 03:16:57.383306+00:00,117.239,0.495,0.48,0.51,0.505,0.49,0.52,,,,
2026-01-06 03:16:58.326000+00:00,2026-01-06 03:16:58.384490+00:00,118.326,0.495,0.48,0.51,0.5,0.49,0.51,,,,
2026-01-06 03:16:59.171000+00:00,2026-01-06 03:16:59.395228+00:00,119.171,0.495,0.48,0.51,0.505,0.49,0.52,,,,
2026-01-06 03:17:00.355000+00:00,2026-01-06 03:17:00.421606+00:00,120.355,0.52,0.5,0.54,0.49,0.47,0.51,,,,
2026-01-06 03:17:01.594000+00:00,2026-01-06 03:17:01.736641+00:00,121.594,0.51,0.49,0.53,0.49,0.47,0.51,,,,
2026-01-06 03:17:02.535000+00:00,2026-01-06 03:17:02.742515+00:00,122.535,0.51,0.49,0.53,0.49,0.47,0.51,,,,
2026-01-06 03:17:03.748000+00:00,2026-01-06 03:17:03.760928+00:00,123.748,0.515,0.5,0.53,0.485,0.47,0.5,,,,
2026-01-06 03:17:04.599000+00:00,2026-01-06 03:17:04.767949+00:00,124.599,0.54,0.52,0.56,0.4599999999999999,0.44,0.48,,,,
2026-01-06 03:17:05.863000+00:00,2026-01-06 03:17:05.824472+00:00,125.863,0.505,0.49,0.52,0.49,0.47,0.51,,,,
2026-01-06 03:17:07.889000+00:00,2026-01-06 03:17:08.059449+00:00,127.889,0.515,0.5,0.53,0.485,0.47,0.5,,,,
2026-01-06 03:17:09.597000+00:00,2026-01-06 03:17:10.094512+00:00,129.597,0.515,0.49,0.54,0.485,0.46,0.51,,,,
2026-01-06 03:17:11.868000+00:00,2026-01-06 03:17:12.092775+00:00,131.868,0.52,0.5,0.54,0.48,0.46,0.5,,,,
2026-01-06 03:17:13.990000+00:00,2026-01-06 03:17:14.108411+00:00,133.99,0.52,0.5,0.54,0.48,0.46,0.5,,,,
2026-01-06 03:17:14.693000+00:00,2026-01-06 03:17:15.109633+00:00,134.693,0.52,0.5,0.54,0.485,0.46,0.51,,,,
2026-01-06 03:17:16.311000+00:00,2026-01-06 03:17:16.326080+00:00,136.311,0.4649999999999999,0.46,0.47,0.535,0.53,0.54,,,,
2026-01-06 03:17:17.311000+00:00,2026-01-06 03:17:17.339306+00:00,137.311,0.435,0.43,0.44,0.6,0.58,0.62,,,,
2026-01-06 03:17:18.330000+00:00,2026-01-06 03:17:18.339118+00:00,138.33,0.435,0.43,0.44,0.565,0.56,0.57,,,,
2026-01-06 03:17:19.293000+00:00,2026-01-06 03:17:19.350779+00:00,139.293,0.4599999999999999,0.45,0.47,0.54,0.53,0.55,,,,
2026-01-06 03:17:20.346000+00:00,2026-01-06 03:17:20.360086+00:00,140.346,0.4599999999999999,0.45,0.47,0.54,0.53,0.55,,,,
2026-01-06 03:17:21.041000+00:00,2026-01-06 03:17:21.373312+00:00,141.041,0.4599999999999999,0.45,0.47,0.54,0.53,0.55,,,,
2026-01-06 03:17:22.811000+00:00,2026-01-06 03:17:22.818223+00:00,142.811,0.435,0.43,0.44,0.565,0.56,0.57,,,,
2026-01-06 03:17:24.002000+00:00,2026-01-06 03:17:24.052633+00:00,144.002,0.45,0.44,0.46,0.55,0.54,0.56,,,,
2026-01-06 03:17:25.525000+00:00,2026-01-06 03:17:26.083733+00:00,145.525,0.45,0.44,0.46,0.55,0.54,0.56,,,,
2026-01-06 03:17:26.463000+00:00,2026-01-06 03:17:27.092802+00:00,146.463,0.45,0.44,0.46,0.55,0.54,0.56,,,,
2026-01-06 03:17:28.002000+00:00,2026-01-06 03:17:28.098227+00:00,148.002,0.45,0.44,0.46,0.56,0.55,0.57,,,,
2026-01-06 03:17:29.243000+00:00,2026-01-06 03:17:29.271438+00:00,149.243,0.435,0.43,0.44,0.56,0.55,0.57,,,,
2026-01-06 03:17:30.391000+00:00,2026-01-06 03:17:31.287811+00:00,150.391,0.43,0.42,0.44,0.5700000000000001,0.56,0.58,,,,
2026-01-06 03:17:32.784000+00:00,2026-01-06 03:17:32.803326+00:00,152.784,0.44,0.43,0.45,0.565,0.56,0.57,,,,
2026-01-06 03:17:33.782000+00:00,2026-01-06 03:17:33.801485+00:00,153.782,0.43,0.42,0.44,0.5700000000000001,0.56,0.58,,,,
2026-01-06 03:17:34.711000+00:00,2026-01-06 03:17:34.829082+00:00,154.711,0.43,0.42,0.44,0.5700000000000001,0.56,0.58,,,,
2026-01-06 03:17:35.666000+00:00,2026-01-06 03:17:35.847736+00:00,155.666,0.43,0.42,0.44,0.5700000000000001,0.56,0.58,,,,
2026-01-06 03:17:36.848000+00:00,2026-01-06 03:17:36.871905+00:00,156.848,0.41,0.4,0.42,0.59,0.58,0.6,,,,
2026-01-06 03:17:38.995000+00:00,2026-01-06 03:17:39.134397+00:00,158.995,0.4,0.39,0.41,0.59,0.58,0.6,,,,
2026-01-06 03:17:40.402000+00:00,2026-01-06 03:17:40.434359+00:00,160.402,0.4,0.39,0.41,0.6,0.59,0.61,,,,
2026-01-06 03:17:41.402000+00:00,2026-01-06 03:17:41.438647+00:00,161.402,0.39,0.38,0.4,0.62,0.61,0.63,,,,
2026-01-06 03:17:42.253000+00:00,2026-01-06 03:17:42.462418+00:00,162.253,0.38,0.37,0.39,0.62,0.61,0.63,,,,
2026-01-06 03:17:43.468000+00:00,2026-01-06 03:17:43.482037+00:00,163.468,0.38,0.37,0.39,0.62,0.61,0.63,,,,
2026-01-06 03:17:44.469000+00:00,2026-01-06 03:17:44.481575+00:00,164.469,0.4,0.39,0.41,0.59,0.58,0.6,,,,
2026-01-06 03:17:45.405000+00:00,2026-01-06 03:17:45.497185+00:00,165.405,0.4,0.39,0.41,0.6,0.59,0.61,,,,
2026-01-06 03:17:46.498000+00:00,2026-01-06 03:17:46.508488+00:00,166.498,0.395,0.38,0.41,0.6,0.59,0.61,,,,
2026-01-06 03:17:47.526000+00:00,2026-01-06 03:17:47.542572+00:00,167.526,0.385,0.38,0.39,0.615,0.61,0.62,,,,
2026-01-06 03:17:48.535000+00:00,2026-01-06 03:17:48.564029+00:00,168.535,0.385,0.38,0.39,0.62,0.61,0.63,,,,
2026-01-06 03:17:49.487000+00:00,2026-01-06 03:17:49.579838+00:00,169.487,0.39,0.38,0.4,0.61,0.6,0.62,,,,
2026-01-06 03:17:50.389000+00:00,2026-01-06 03:17:50.584275+00:00,170.389,0.38,0.37,0.39,0.62,0.61,0.63,,,,
2026-01-06 03:17:51.759000+00:00,2026-01-06 03:17:51.897375+00:00,171.759,0.38,0.37,0.39,0.62,0.61,0.63,,,,
2026-01-06 03:17:52.951000+00:00,2026-01-06 03:17:52.908011+00:00,172.951,0.42,0.41,0.43,0.58,0.57,0.59,,,,
2026-01-06 03:17:53.992000+00:00,2026-01-06 03:17:53.916147+00:00,173.992,0.42,0.41,0.43,0.58,0.57,0.59,,,,
2026-01-06 03:17:55.002000+00:00,2026-01-06 03:17:55.308354+00:00,175.002,0.42,0.41,0.43,0.58,0.57,0.59,,,,
2026-01-06 03:17:56.303000+00:00,2026-01-06 03:17:56.315198+00:00,176.303,0.42,0.41,0.43,0.58,0.57,0.59,,,,
2026-01-06 03:17:57.286000+00:00,2026-01-06 03:17:57.309049+00:00,177.286,0.42,0.41,0.43,0.58,0.57,0.59,,,,
2026-01-06 03:17:58.231000+00:00,2026-01-06 03:17:58.310233+00:00,178.231,0.395,0.39,0.4,0.605,0.6,0.61,,,,
2026-01-06 03:17:59.457000+00:00,2026-01-06 03:17:59.467570+00:00,179.457,0.4,0.39,0.41,0.595,0.59,0.6,,,,
2026-01-06 03:18:00.494000+00:00,2026-01-06 03:18:00.474460+00:00,180.494,0.41,0.4,0.42,0.595,0.59,0.6,,,,
2026-01-06 03:18:01.472000+00:00,2026-01-06 03:18:01.499729+00:00,181.472,0.43,0.42,0.44,0.5700000000000001,0.56,0.58,,,,
2026-01-06 03:18:02.606000+00:00,2026-01-06 03:18:02.634814+00:00,182.606,0.45,0.44,0.46,0.5700000000000001,0.56,0.58,,,,
2026-01-06 03:18:03.424000+00:00,2026-01-06 03:18:03.629595+00:00,183.424,0.44,0.43,0.45,0.5700000000000001,0.56,0.58,,,,
2026-01-06 03:18:04.497000+00:00,2026-01-06 03:18:04.669281+00:00,184.497,0.43,0.42,0.44,0.5700000000000001,0.56,0.58,,,,
2026-01-06 03:18:05.498000+00:00,2026-01-06 03:18:05.690864+00:00,185.498,0.43,0.42,0.44,0.5700000000000001,0.56,0.58,,,,
2026-01-06 03:18:06.472000+00:00,2026-01-06 03:18:06.718612+00:00,186.472,0.43,0.42,0.44,0.5700000000000001,0.56,0.58,,,,
2026-01-06 03:18:07.728000+00:00,2026-01-06 03:18:07.733141+00:00,187.728,0.43,0.42,0.44,0.5700000000000001,0.56,0.58,,,,
2026-01-06 03:18:08.646000+00:00,2026-01-06 03:18:08.855346+00:00,188.646,0.435,0.43,0.44,0.565,0.56,0.57,,,,
2026-01-06 03:18:09.483000+00:00,2026-01-06 03:18:09.922981+00:00,189.483,0.43,0.42,0.44,0.5700000000000001,0.56,0.58,,,,
2026-01-06 03:18:11.467000+00:00,2026-01-06 03:18:12.017428+00:00,191.467,0.43,0.42,0.44,0.5700000000000001,0.56,0.58,,,,
2026-01-06 03:18:13.795000+00:00,2026-01-06 03:18:14.255169+00:00,193.795,0.43,0.42,0.44,0.5700000000000001,0.56,0.58,,,,
2026-01-06 03:18:15.310000+00:00,2026-01-06 03:18:15.326770+00:00,195.31,0.425,0.42,0.43,0.575,0.57,0.58,,,,
2026-01-06 03:18:16.368000+00:00,2026-01-06 03:18:16.375170+00:00,196.368,0.4649999999999999,0.46,0.47,0.535,0.53,0.54,,,,
2026-01-06 03:18:17.356000+00:00,2026-01-06 03:18:17.386114+00:00,197.356,0.4649999999999999,0.46,0.47,0.535,0.53,0.54,,,,
2026-01-06 03:18:18.385000+00:00,2026-01-06 03:18:18.407007+00:00,198.385,0.49,0.48,0.5,0.51,0.5,0.52,,,,
2026-01-06 03:18:19.414000+00:00,2026-01-06 03:18:19.414303+00:00,199.414,0.49,0.48,0.5,0.51,0.5,0.52,,,,
2026-01-06 03:18:20.674000+00:00,2026-01-06 03:18:20.673309+00:00,200.674,0.45,0.44,0.46,0.56,0.55,0.57,,,,
2026-01-06 03:18:21.575000+00:00,2026-01-06 03:18:21.683469+00:00,201.575,0.44,0.43,0.45,0.565,0.56,0.57,,,,
2026-01-06 03:18:22.763000+00:00,2026-01-06 03:18:22.756466+00:00,202.763,0.43,0.42,0.44,0.5700000000000001,0.56,0.58,,,,
2026-01-06 03:18:23.795000+00:00,2026-01-06 03:18:23.805763+00:00,203.795,0.47,0.44,0.5,0.505,0.5,0.51,,,,
2026-01-06 03:18:24.955000+00:00,2026-01-06 03:18:24.955823+00:00,204.955,0.49,0.48,0.5,0.505,0.5,0.51,,,,
2026-01-06 03:18:25.947000+00:00,2026-01-06 03:18:25.973606+00:00,205.947,0.49,0.48,0.5,0.515,0.51,0.52,,,,
2026-01-06 03:18:26.911000+00:00,2026-01-06 03:18:26.975448+00:00,206.911,0.44,0.43,0.45,0.56,0.55,0.57,,,,
2026-01-06 03:18:27.892000+00:00,2026-01-06 03:18:27.990445+00:00,207.892,0.44,0.43,0.45,0.56,0.55,0.57,,,,
2026-01-06 03:18:28.769000+00:00,2026-01-06 03:18:28.996776+00:00,208.769,0.44,0.43,0.45,0.56,0.55,0.57,,,,
2026-01-06 03:18:30+00:00,2026-01-06 03:18:30.018129+00:00,210.0,0.435,0.43,0.44,0.565,0.56,0.57,,,,
2026-01-06 03:18:31.847000+00:00,2026-01-06 03:18:32.042417+00:00,211.847,0.435,0.43,0.44,0.565,0.56,0.57,,,,
2026-01-06 03:18:32.509000+00:00,2026-01-06 03:18:33.058727+00:00,212.509,0.435,0.43,0.44,0.565,0.56,0.57,,,,
2026-01-06 03:18:34.973000+00:00,2026-01-06 03:18:35.063825+00:00,214.973,0.42,0.41,0.43,0.58,0.57,0.59,,,,
2026-01-06 03:18:36.827000+00:00,2026-01-06 03:18:37.172852+00:00,216.827,0.44,0.43,0.45,0.56,0.55,0.57,,,,
2026-01-06 03:18:38.308000+00:00,2026-01-06 03:18:38.610427+00:00,218.308,0.43,0.42,0.44,0.5700000000000001,0.56,0.58,,,,
2026-01-06 03:18:39.575000+00:00,2026-01-06 03:18:39.622769+00:00,219.575,0.425,0.42,0.43,0.575,0.57,0.58,,,,
2026-01-06 03:18:40.268000+00:00,2026-01-06 03:18:40.632165+00:00,220.268,0.43,0.42,0.44,0.5700000000000001,0.56,0.58,,,,
2026-01-06 03:18:41.614000+00:00,2026-01-06 03:18:41.637152+00:00,221.614,0.42,0.41,0.43,0.58,0.57,0.59,,,,
2026-01-06 03:18:42.473000+00:00,2026-01-06 03:18:42.745969+00:00,222.473,0.43,0.42,0.44,0.5700000000000001,0.56,0.58,,,,
2026-01-06 03:18:43.745000+00:00,2026-01-06 03:18:43.799997+00:00,223.745,0.43,0.42,0.44,0.5700000000000001,0.56,0.58,,,,
2026-01-06 03:18:44.519000+00:00,2026-01-06 03:18:44.797738+00:00,224.519,0.43,0.42,0.44,0.575,0.57,0.58,,,,
2026-01-06 03:18:46.086000+00:00,2026-01-06 03:18:46.134236+00:00,226.086,0.42,0.41,0.43,0.58,0.57,0.59,,,,
2026-01-06 03:18:47.085000+00:00,2026-01-06 03:18:47.136180+00:00,227.085,0.42,0.41,0.43,0.585,0.57,0.6,,,,
2026-01-06 03:18:48.997000+00:00,2026-01-06 03:18:49.148361+00:00,228.997,0.42,0.41,0.43,0.58,0.57,0.59,,,,
2026-01-06 03:18:50.213000+00:00,2026-01-06 03:18:50.218120+00:00,230.213,0.425,0.42,0.43,0.58,0.57,0.59,,,,
2026-01-06 03:18:51.186000+00:00,2026-01-06 03:18:51.231789+00:00,231.186,0.42,0.41,0.43,0.58,0.57,0.59,,,,
2026-01-06 03:18:52.020000+00:00,2026-01-06 03:18:52.263677+00:00,232.02,0.42,0.41,0.43,0.575,0.57,0.58,,,,
2026-01-06 03:18:53.203000+00:00,2026-01-06 03:18:53.289562+00:00,233.203,0.445,0.43,0.46,0.5549999999999999,0.54,0.57,,,,
2026-01-06 03:18:54.175000+00:00,2026-01-06 03:18:54.278799+00:00,234.175,0.445,0.43,0.46,0.5549999999999999,0.54,0.57,,,,
2026-01-06 03:18:55.261000+00:00,2026-01-06 03:18:55.279772+00:00,235.261,0.4499999999999999,0.43,0.47,0.55,0.53,0.57,,,,
2026-01-06 03:18:56.595000+00:00,2026-01-06 03:18:57.352651+00:00,236.595,0.4599999999999999,0.45,0.47,0.54,0.53,0.55,,,,
2026-01-06 03:18:58.195000+00:00,2026-01-06 03:18:58.359376+00:00,238.195,0.4649999999999999,0.46,0.47,0.535,0.53,0.54,,,,
2026-01-06 03:18:59.601000+00:00,2026-01-06 03:18:59.672212+00:00,239.601,0.47,0.46,0.48,0.53,0.52,0.54,,,,
2026-01-06 03:19:00.734000+00:00,2026-01-06 03:19:00.750513+00:00,240.734,0.47,0.46,0.48,0.53,0.52,0.54,,,,
2026-01-06 03:19:01.757000+00:00,2026-01-06 03:19:01.760080+00:00,241.757,0.485,0.48,0.49,0.515,0.51,0.52,,,,
2026-01-06 03:19:02.525000+00:00,2026-01-06 03:19:02.773417+00:00,242.525,0.49,0.48,0.5,0.51,0.5,0.52,,,,
2026-01-06 03:19:03.771000+00:00,2026-01-06 03:19:03.787603+00:00,243.771,0.495,0.49,0.5,0.505,0.5,0.51,,,,
2026-01-06 03:19:04.740000+00:00,2026-01-06 03:19:04.795770+00:00,244.74,0.5,0.49,0.51,0.5,0.49,0.51,,,,
2026-01-06 03:19:05.637000+00:00,2026-01-06 03:19:05.810601+00:00,245.637,0.5,0.49,0.51,0.5,0.49,0.51,,,,
2026-01-06 03:19:06.853000+00:00,2026-01-06 03:19:06.944675+00:00,246.853,0.49,0.48,0.5,0.51,0.5,0.52,,,,
2026-01-06 03:19:07.759000+00:00,2026-01-06 03:19:07.941299+00:00,247.759,0.495,0.49,0.5,0.5,0.49,0.51,,,,
2026-01-06 03:19:08.876000+00:00,2026-01-06 03:19:08.946609+00:00,248.876,0.485,0.48,0.49,0.515,0.51,0.52,,,,
2026-01-06 03:19:10.450000+00:00,2026-01-06 03:19:10.453346+00:00,250.45,0.475,0.47,0.48,0.53,0.52,0.54,,,,
2026-01-06 03:19:11.405000+00:00,2026-01-06 03:19:11.471666+00:00,251.405,0.48,0.47,0.49,0.52,0.51,0.53,,,,
2026-01-06 03:19:12.485000+00:00,2026-01-06 03:19:12.786625+00:00,252.485,0.48,0.47,0.49,0.52,0.51,0.53,,,,
2026-01-06 03:19:13.856000+00:00,2026-01-06 03:19:13.914300+00:00,253.856,0.48,0.47,0.49,0.52,0.51,0.53,,,,
2026-01-06 03:19:14.838000+00:00,2026-01-06 03:19:14.914400+00:00,254.838,0.4599999999999999,0.45,0.47,0.54,0.53,0.55,,,,
2026-01-06 03:19:15.921000+00:00,2026-01-06 03:19:15.935095+00:00,255.921,0.48,0.47,0.49,0.52,0.51,0.53,,,,
2026-01-06 03:19:16.610000+00:00,2026-01-06 03:19:16.930469+00:00,256.61,0.48,0.47,0.49,0.52,0.51,0.53,,,,
2026-01-06 03:19:18.343000+00:00,2026-01-06 03:19:18.354551+00:00,258.343,0.435,0.42,0.45,0.5700000000000001,0.56,0.58,,,,
2026-01-06 03:19:19.349000+00:00,2026-01-06 03:19:19.369915+00:00,259.349,0.43,0.42,0.44,0.56,0.55,0.57,,,,
2026-01-06 03:19:20.690000+00:00,2026-01-06 03:19:20.695594+00:00,260.69,0.4599999999999999,0.45,0.47,0.54,0.53,0.55,,,,
2026-01-06 03:19:21.512000+00:00,2026-01-06 03:19:21.700809+00:00,261.512,0.4599999999999999,0.45,0.47,0.54,0.53,0.55,,,,
2026-01-06 03:19:22.585000+00:00,2026-01-06 03:19:22.709428+00:00,262.585,0.4599999999999999,0.45,0.47,0.54,0.53,0.55,,,,
2026-01-06 03:19:23.693000+00:00,2026-01-06 03:19:23.708164+00:00,263.693,0.4649999999999999,0.46,0.47,0.535,0.53,0.54,,,,
2026-01-06 03:19:25.285000+00:00,2026-01-06 03:19:25.330251+00:00,265.285,0.495,0.49,0.5,0.505,0.5,0.51,,,,
2026-01-06 03:19:26.089000+00:00,2026-01-06 03:19:26.343756+00:00,266.089,0.49,0.48,0.5,0.51,0.5,0.52,,,,
2026-01-06 03:19:27.536000+00:00,2026-01-06 03:19:27.556351+00:00,267.536,0.48,0.47,0.49,0.525,0.52,0.53,,,,
2026-01-06 03:19:28.459000+00:00,2026-01-06 03:19:28.555016+00:00,268.459,0.475,0.47,0.48,0.525,0.52,0.53,,,,
2026-01-06 03:19:29.568000+00:00,2026-01-06 03:19:29.720741+00:00,269.568,0.48,0.47,0.49,0.52,0.51,0.53,,,,
2026-01-06 03:19:30.491000+00:00,2026-01-06 03:19:30.725438+00:00,270.491,0.48,0.47,0.49,0.52,0.51,0.53,,,,
2026-01-06 03:19:31.710000+00:00,2026-01-06 03:19:31.787341+00:00,271.71,0.48,0.47,0.49,0.52,0.51,0.53,,,,
2026-01-06 03:19:32.582000+00:00,2026-01-06 03:19:32.803253+00:00,272.582,0.475,0.47,0.48,0.525,0.52,0.53,,,,
2026-01-06 03:19:33.756000+00:00,2026-01-06 03:19:33.815046+00:00,273.756,0.47,0.46,0.48,0.53,0.52,0.54,,,,
2026-01-06 03:19:34.972000+00:00,2026-01-06 03:19:34.902702+00:00,274.972,0.47,0.46,0.48,0.53,0.52,0.54,,,,
2026-01-06 03:19:35.764000+00:00,2026-01-06 03:19:35.923895+00:00,275.764,0.47,0.46,0.48,0.53,0.52,0.54,,,,
2026-01-06 03:19:36.826000+00:00,2026-01-06 03:19:36.942363+00:00,276.826,0.5,0.49,0.51,0.5,0.49,0.51,,,,
2026-01-06 03:19:37.692000+00:00,2026-01-06 03:19:37.954779+00:00,277.692,0.5,0.49,0.51,0.5,0.49,0.51,,,,
2026-01-06 03:19:38.939000+00:00,2026-01-06 03:19:38.952454+00:00,278.939,0.475,0.47,0.48,0.525,0.52,0.53,,,,
2026-01-06 03:19:39.910000+00:00,2026-01-06 03:19:40.185855+00:00,279.91,0.47,0.46,0.48,0.53,0.52,0.54,,,,
2026-01-06 03:19:40.862000+00:00,2026-01-06 03:19:41.245844+00:00,280.862,0.4649999999999999,0.46,0.47,0.535,0.53,0.54,,,,
2026-01-06 03:19:42.518000+00:00,2026-01-06 03:19:42.763095+00:00,282.518,0.4649999999999999,0.46,0.47,0.535,0.53,0.54,,,,
2026-01-06 03:19:43.231000+00:00,2026-01-06 03:19:43.769861+00:00,283.231,0.4599999999999999,0.45,0.47,0.54,0.53,0.55,,,,
2026-01-06 03:19:44.696000+00:00,2026-01-06 03:19:44.780610+00:00,284.696,0.4599999999999999,0.45,0.47,0.54,0.53,0.55,,,,
2026-01-06 03:19:45.800000+00:00,2026-01-06 03:19:45.809436+00:00,285.8,0.435,0.43,0.44,0.555,0.55,0.56,,,,
2026-01-06 03:19:46.863000+00:00,2026-01-06 03:19:46.869571+00:00,286.863,0.445,0.44,0.45,0.55,0.54,0.56,,,,
2026-01-06 03:19:48.258000+00:00,2026-01-06 03:19:48.265062+00:00,288.258,0.41,0.4,0.42,0.59,0.58,0.6,,,,
2026-01-06 03:19:49.490000+00:00,2026-01-06 03:19:49.520452+00:00,289.49,0.43,0.42,0.44,0.565,0.56,0.57,,,,
2026-01-06 03:19:50.487000+00:00,2026-01-06 03:19:50.538149+00:00,290.487,0.455,0.45,0.46,0.545,0.54,0.55,,,,
2026-01-06 03:19:51.535000+00:00,2026-01-06 03:19:51.539086+00:00,291.535,0.47,0.46,0.48,0.53,0.52,0.54,,,,
2026-01-06 03:19:52.441000+00:00,2026-01-06 03:19:52.534352+00:00,292.441,0.47,0.46,0.48,0.53,0.52,0.54,,,,
2026-01-06 03:19:53.531000+00:00,2026-01-06 03:19:53.547285+00:00,293.531,0.44,0.43,0.45,0.565,0.56,0.57,,,,
2026-01-06 03:19:54.534000+00:00,2026-01-06 03:19:54.553545+00:00,294.534,0.4599999999999999,0.45,0.47,0.54,0.53,0.55,,,,
2026-01-06 03:19:55.504000+00:00,2026-01-06 03:19:55.556210+00:00,295.504,0.4599999999999999,0.45,0.47,0.54,0.53,0.55,,,,
2026-01-06 03:19:56.758000+00:00,2026-01-06 03:19:56.762741+00:00,296.758,0.4599999999999999,0.45,0.47,0.54,0.53,0.55,,,,
2026-01-06 03:19:57.552000+00:00,2026-01-06 03:19:57.762921+00:00,297.552,0.4599999999999999,0.45,0.47,0.54,0.53,0.55,,,,
2026-01-06 03:19:58.332000+00:00,2026-01-06 03:19:58.769018+00:00,298.332,0.4599999999999999,0.45,0.47,0.54,0.53,0.55,,,,
2026-01-06 03:19:59.682000+00:00,2026-01-06 03:19:59.785971+00:00,299.682,0.4599999999999999,0.45,0.47,0.54,0.53,0.55,,,,
2026-01-06 03:20:00.783000+00:00,2026-01-06 03:20:00.803640+00:00,300.783,0.4599999999999999,0.45,0.47,0.54,0.53,0.55,,,,
2026-01-06 03:20:01.725000+00:00,2026-01-06 03:20:01.813694+00:00,301.725,0.445,0.44,0.45,0.555,0.55,0.56,,,,
2026-01-06 03:20:02.989000+00:00,2026-01-06 03:20:03.102902+00:00,302.989,0.425,0.42,0.43,0.575,0.57,0.58,,,,
2026-01-06 03:20:04.090000+00:00,2026-01-06 03:20:04.180861+00:00,304.09,0.415,0.4,0.43,0.585,0.57,0.6,,,,
2026-01-06 03:20:05.180000+00:00,2026-01-06 03:20:05.211098+00:00,305.18,0.41,0.4,0.42,0.59,0.58,0.6,,,,
2026-01-06 03:20:06.170000+00:00,2026-01-06 03:20:06.202115+00:00,306.17,0.42,0.41,0.43,0.585,0.58,0.59,,,,
2026-01-06 03:20:07.165000+00:00,2026-01-06 03:20:07.219548+00:00,307.165,0.41,0.4,0.42,0.59,0.58,0.6,,,,
2026-01-06 03:20:08.176000+00:00,2026-01-06 03:20:08.296284+00:00,308.176,0.42,0.41,0.43,0.59,0.58,0.6,,,,
2026-01-06 03:20:09.256000+00:00,2026-01-06 03:20:09.316732+00:00,309.256,0.39,0.38,0.4,0.61,0.6,0.62,,,,
2026-01-06 03:20:10.278000+00:00,2026-01-06 03:20:10.331970+00:00,310.278,0.39,0.38,0.4,0.61,0.6,0.62,,,,
2026-01-06 03:20:11.260000+00:00,2026-01-06 03:20:11.333215+00:00,311.26,0.39,0.38,0.4,0.61,0.6,0.62,,,,
2026-01-06 03:20:12.285000+00:00,2026-01-06 03:20:12.335296+00:00,312.285,0.385,0.38,0.39,0.615,0.61,0.62,,,,
2026-01-06 03:20:13.002000+00:00,2026-01-06 03:20:13.336194+00:00,313.002,0.385,0.38,0.39,0.615,0.61,0.62,,,,
2026-01-06 03:20:14.323000+00:00,2026-01-06 03:20:14.343967+00:00,314.323,0.385,0.38,0.39,0.615,0.61,0.62,,,,
2026-01-06 03:20:15.335000+00:00,2026-01-06 03:20:15.354920+00:00,315.335,0.39,0.38,0.4,0.61,0.6,0.62,,,,
2026-01-06 03:20:16.328000+00:00,2026-01-06 03:20:16.369934+00:00,316.328,0.39,0.38,0.4,0.61,0.6,0.62,,,,
2026-01-06 03:20:17.224000+00:00,2026-01-06 03:20:17.378344+00:00,317.224,0.39,0.38,0.4,0.61,0.6,0.62,,,,
2026-01-06 03:20:18.066000+00:00,2026-01-06 03:20:18.397816+00:00,318.066,0.39,0.38,0.4,0.61,0.6,0.62,,,,
2026-01-06 03:20:19.388000+00:00,2026-01-06 03:20:19.403901+00:00,319.388,0.39,0.38,0.4,0.615,0.61,0.62,,,,
2026-01-06 03:20:20.372000+00:00,2026-01-06 03:20:20.398856+00:00,320.372,0.35,0.34,0.36,0.65,0.64,0.66,,,,
2026-01-06 03:20:21.410000+00:00,2026-01-06 03:20:21.398949+00:00,321.41,0.3399999999999999,0.33,0.35,0.665,0.66,0.67,,,,
2026-01-06 03:20:22.424000+00:00,2026-01-06 03:20:22.445668+00:00,322.424,0.33,0.32,0.34,0.67,0.66,0.68,,,,
2026-01-06 03:20:23.716000+00:00,2026-01-06 03:20:23.729304+00:00,323.716,0.33,0.32,0.34,0.67,0.66,0.68,,,,
2026-01-06 03:20:24.614000+00:00,2026-01-06 03:20:24.843657+00:00,324.614,0.33,0.32,0.34,0.67,0.66,0.68,,,,
2026-01-06 03:20:26.984000+00:00,2026-01-06 03:20:27.246281+00:00,326.984,0.33,0.32,0.34,0.67,0.66,0.68,,,,
2026-01-06 03:20:28.245000+00:00,2026-01-06 03:20:28.264397+00:00,328.245,0.35,0.34,0.36,0.65,0.64,0.66,,,,
2026-01-06 03:20:29.166000+00:00,2026-01-06 03:20:29.268525+00:00,329.166,0.35,0.34,0.36,0.65,0.64,0.66,,,,
2026-01-06 03:20:30.033000+00:00,2026-01-06 03:20:30.615931+00:00,330.033,0.35,0.34,0.36,0.65,0.64,0.66,,,,
2026-01-06 03:20:31.600000+00:00,2026-01-06 03:20:31.623821+00:00,331.6,0.33,0.32,0.34,0.675,0.67,0.68,,,,
2026-01-06 03:20:32.675000+00:00,2026-01-06 03:20:32.720529+00:00,332.675,0.33,0.32,0.34,0.67,0.66,0.68,,,,
2026-01-06 03:20:33.511000+00:00,2026-01-06 03:20:33.718690+00:00,333.511,0.33,0.32,0.34,0.67,0.66,0.68,,,,
2026-01-06 03:20:34.599000+00:00,2026-01-06 03:20:34.736116+00:00,334.599,0.32,0.31,0.33,0.6799999999999999,0.67,0.69,,,,
2026-01-06 03:20:35.744000+00:00,2026-01-06 03:20:35.752299+00:00,335.744,0.29,0.28,0.3,0.71,0.7,0.72,,,,
2026-01-06 03:20:36.762000+00:00,2026-01-06 03:20:36.892919+00:00,336.762,0.29,0.28,0.3,0.71,0.7,0.72,,,,
2026-01-06 03:20:37.818000+00:00,2026-01-06 03:20:37.949056+00:00,337.818,0.295,0.29,0.3,0.705,0.7,0.71,,,,
2026-01-06 03:20:39.189000+00:00,2026-01-06 03:20:39.231143+00:00,339.189,0.29,0.28,0.3,0.71,0.7,0.72,,,,
2026-01-06 03:20:40.063000+00:00,2026-01-06 03:20:40.248299+00:00,340.063,0.27,0.26,0.28,0.73,0.72,0.74,,,,
2026-01-06 03:20:41.238000+00:00,2026-01-06 03:20:41.261505+00:00,341.238,0.265,0.26,0.27,0.735,0.73,0.74,,,,
2026-01-06 03:20:42.181000+00:00,2026-01-06 03:20:42.263616+00:00,342.181,0.24,0.23,0.25,0.765,0.76,0.77,,,,
2026-01-06 03:20:43.202000+00:00,2026-01-06 03:20:43.271973+00:00,343.202,0.235,0.23,0.24,0.78,0.77,0.79,,,,
2026-01-06 03:20:44.166000+00:00,2026-01-06 03:20:44.407551+00:00,344.166,0.225,0.22,0.23,0.775,0.77,0.78,,,,
2026-01-06 03:20:45.003000+00:00,2026-01-06 03:20:45.417637+00:00,345.003,0.2299999999999999,0.22,0.24,0.77,0.76,0.78,,,,
2026-01-06 03:20:46.439000+00:00,2026-01-06 03:20:46.449682+00:00,346.439,0.26,0.25,0.27,0.75,0.74,0.76,,,,
2026-01-06 03:20:47.325000+00:00,2026-01-06 03:20:47.447268+00:00,347.325,0.25,0.24,0.26,0.75,0.74,0.76,,,,
2026-01-06 03:20:48.361000+00:00,2026-01-06 03:20:48.449240+00:00,348.361,0.25,0.24,0.26,0.75,0.74,0.76,,,,
2026-01-06 03:20:49.153000+00:00,2026-01-06 03:20:49.465148+00:00,349.153,0.25,0.24,0.26,0.75,0.74,0.76,,,,
2026-01-06 03:20:50.456000+00:00,2026-01-06 03:20:50.468952+00:00,350.456,0.25,0.24,0.26,0.75,0.74,0.76,,,,
2026-01-06 03:20:51.470000+00:00,2026-01-06 03:20:51.471400+00:00,351.47,0.28,0.27,0.29,0.72,0.71,0.73,,,,
2026-01-06 03:20:52.445000+00:00,2026-01-06 03:20:52.458570+00:00,352.445,0.28,0.27,0.29,0.72,0.71,0.73,,,,
2026-01-06 03:20:53.035000+00:00,2026-01-06 03:20:53.461002+00:00,353.035,0.28,0.27,0.29,0.72,0.71,0.73,,,,
2026-01-06 03:20:54.466000+00:00,2026-01-06 03:20:54.478177+00:00,354.466,0.28,0.27,0.29,0.74,0.73,0.75,,,,
2026-01-06 03:20:55.454000+00:00,2026-01-06 03:20:55.480684+00:00,355.454,0.26,0.25,0.27,0.74,0.73,0.75,,,,
2026-01-06 03:20:56.494000+00:00,2026-01-06 03:20:56.495801+00:00,356.494,0.27,0.26,0.28,0.74,0.73,0.75,,,,
2026-01-06 03:20:57.471000+00:00,2026-01-06 03:20:57.511344+00:00,357.471,0.265,0.26,0.27,0.735,0.73,0.74,,,,
2026-01-06 03:20:58.556000+00:00,2026-01-06 03:20:58.566100+00:00,358.556,0.295,0.29,0.3,0.705,0.7,0.71,,,,
2026-01-06 03:20:59.900000+00:00,2026-01-06 03:20:59.913663+00:00,359.9,0.33,0.32,0.34,0.67,0.66,0.68,,,,
2026-01-06 03:21:00.915000+00:00,2026-01-06 03:21:00.927609+00:00,360.915,0.42,0.41,0.43,0.595,0.59,0.6,,,,
2026-01-06 03:21:02.906000+00:00,2026-01-06 03:21:02.931620+00:00,362.906,0.355,0.35,0.36,0.645,0.64,0.65,,,,
2026-01-06 03:21:03.910000+00:00,2026-01-06 03:21:03.927867+00:00,363.91,0.375,0.37,0.38,0.625,0.62,0.63,,,,
2026-01-06 03:21:04.926000+00:00,2026-01-06 03:21:04.950060+00:00,364.926,0.365,0.36,0.37,0.635,0.63,0.64,,,,
2026-01-06 03:21:05.935000+00:00,2026-01-06 03:21:05.950743+00:00,365.935,0.405,0.4,0.41,0.59,0.58,0.6,,,,
2026-01-06 03:21:07.033000+00:00,2026-01-06 03:21:07.042840+00:00,367.033,0.43,0.42,0.44,0.5700000000000001,0.56,0.58,,,,
2026-01-06 03:21:08.035000+00:00,2026-01-06 03:21:08.048677+00:00,368.035,0.435,0.43,0.44,0.565,0.56,0.57,,,,
2026-01-06 03:21:09.038000+00:00,2026-01-06 03:21:09.056162+00:00,369.038,0.435,0.43,0.44,0.565,0.56,0.57,,,,
2026-01-06 03:21:10.222000+00:00,2026-01-06 03:21:10.234796+00:00,370.222,0.45,0.44,0.46,0.555,0.55,0.56,,,,
2026-01-06 03:21:11.273000+00:00,2026-01-06 03:21:11.308942+00:00,371.273,0.425,0.42,0.43,0.575,0.57,0.58,,,,
2026-01-06 03:21:12.240000+00:00,2026-01-06 03:21:12.312275+00:00,372.24,0.425,0.42,0.43,0.575,0.57,0.58,,,,
2026-01-06 03:21:13.436000+00:00,2026-01-06 03:21:13.483395+00:00,373.436,0.425,0.42,0.43,0.575,0.57,0.58,,,,
2026-01-06 03:21:14.458000+00:00,2026-01-06 03:21:14.486541+00:00,374.458,0.425,0.42,0.43,0.575,0.57,0.58,,,,
2026-01-06 03:21:15.010000+00:00,2026-01-06 03:21:15.504146+00:00,375.01,0.425,0.42,0.43,0.575,0.57,0.58,,,,
2026-01-06 03:21:16.473000+00:00,2026-01-06 03:21:16.516737+00:00,376.473,0.42,0.41,0.43,0.575,0.57,0.58,,,,
2026-01-06 03:21:17.514000+00:00,2026-01-06 03:21:17.529241+00:00,377.514,0.405,0.4,0.41,0.59,0.58,0.6,,,,
2026-01-06 03:21:18.507000+00:00,2026-01-06 03:21:18.544814+00:00,378.507,0.415,0.41,0.42,0.585,0.58,0.59,,,,
2026-01-06 03:21:19.546000+00:00,2026-01-06 03:21:19.550597+00:00,379.546,0.41,0.4,0.42,0.6,0.59,0.61,,,,
2026-01-06 03:21:20.625000+00:00,2026-01-06 03:21:20.642775+00:00,380.625,0.405,0.4,0.41,0.595,0.59,0.6,,,,
2026-01-06 03:21:21.600000+00:00,2026-01-06 03:21:21.641590+00:00,381.6,0.455,0.45,0.46,0.545,0.54,0.55,,,,
2026-01-06 03:21:22.606000+00:00,2026-01-06 03:21:22.649876+00:00,382.606,0.455,0.45,0.46,0.545,0.54,0.55,,,,
2026-01-06 03:21:23.632000+00:00,2026-01-06 03:21:23.733443+00:00,383.632,0.455,0.45,0.46,0.545,0.54,0.55,,,,
2026-01-06 03:21:24.858000+00:00,2026-01-06 03:21:24.876251+00:00,384.858,0.4599999999999999,0.45,0.47,0.54,0.53,0.55,,,,
2026-01-06 03:21:25.860000+00:00,2026-01-06 03:21:25.889020+00:00,385.86,0.4599999999999999,0.45,0.47,0.54,0.53,0.55,,,,
2026-01-06 03:21:26.894000+00:00,2026-01-06 03:21:26.903576+00:00,386.894,0.45,0.44,0.46,0.55,0.54,0.56,,,,
2026-01-06 03:21:27.904000+00:00,2026-01-06 03:21:27.916226+00:00,387.904,0.41,0.4,0.42,0.595,0.59,0.6,,,,
2026-01-06 03:21:28.916000+00:00,2026-01-06 03:21:28.912409+00:00,388.916,0.405,0.4,0.41,0.595,0.59,0.6,,,,
2026-01-06 03:21:29.873000+00:00,2026-01-06 03:21:29.919743+00:00,389.873,0.35,0.34,0.36,0.64,0.63,0.65,,,,
2026-01-06 03:21:30.901000+00:00,2026-01-06 03:21:30.924781+00:00,390.901,0.345,0.34,0.35,0.655,0.65,0.66,,,,
2026-01-06 03:21:31.846000+00:00,2026-01-06 03:21:31.928739+00:00,391.846,0.315,0.31,0.32,0.69,0.68,0.7,,,,
2026-01-06 03:21:32.906000+00:00,2026-01-06 03:21:32.932187+00:00,392.906,0.28,0.27,0.29,0.72,0.71,0.73,,,,
2026-01-06 03:21:33.844000+00:00,2026-01-06 03:21:33.933674+00:00,393.844,0.28,0.27,0.29,0.72,0.71,0.73,,,,
2026-01-06 03:21:34.547000+00:00,2026-01-06 03:21:34.920931+00:00,394.547,0.28,0.27,0.29,0.72,0.71,0.73,,,,
2026-01-06 03:21:35.787000+00:00,2026-01-06 03:21:35.938471+00:00,395.787,0.28,0.27,0.29,0.72,0.71,0.73,,,,
2026-01-06 03:21:36.864000+00:00,2026-01-06 03:21:36.918131+00:00,396.864,0.28,0.27,0.29,0.71,0.7,0.72,,,,
2026-01-06 03:21:37.775000+00:00,2026-01-06 03:21:37.916551+00:00,397.775,0.28,0.27,0.29,0.72,0.71,0.73,,,,
2026-01-06 03:21:39.887000+00:00,2026-01-06 03:21:39.937417+00:00,399.887,0.29,0.28,0.3,0.71,0.7,0.72,,,,
2026-01-06 03:21:40.902000+00:00,2026-01-06 03:21:40.932551+00:00,400.902,0.3,0.29,0.31,0.7,0.69,0.71,,,,
2026-01-06 03:21:41.876000+00:00,2026-01-06 03:21:41.941321+00:00,401.876,0.33,0.32,0.34,0.67,0.66,0.68,,,,
2026-01-06 03:21:42.937000+00:00,2026-01-06 03:21:43.008641+00:00,402.937,0.33,0.32,0.34,0.67,0.66,0.68,,,,
2026-01-06 03:21:43.962000+00:00,2026-01-06 03:21:44.008635+00:00,403.962,0.33,0.32,0.34,0.665,0.66,0.67,,,,
2026-01-06 03:21:44.927000+00:00,2026-01-06 03:21:45.020884+00:00,404.927,0.32,0.31,0.33,0.6799999999999999,0.67,0.69,,,,
2026-01-06 03:21:46.001000+00:00,2026-01-06 03:21:46.038547+00:00,406.001,0.3399999999999999,0.33,0.35,0.66,0.65,0.67,,,,
2026-01-06 03:21:47.003000+00:00,2026-01-06 03:21:47.044058+00:00,407.003,0.35,0.34,0.36,0.65,0.64,0.66,,,,
2026-01-06 03:21:48.060000+00:00,2026-01-06 03:21:48.064379+00:00,408.06,0.335,0.33,0.34,0.665,0.65,0.68,,,,
2026-01-06 03:21:49.027000+00:00,2026-01-06 03:21:49.086686+00:00,409.027,0.355,0.35,0.36,0.635,0.63,0.64,,,,
2026-01-06 03:21:50.102000+00:00,2026-01-06 03:21:50.116000+00:00,410.102,0.39,0.38,0.4,0.605,0.6,0.61,,,,
2026-01-06 03:21:51.868000+00:00,2026-01-06 03:21:52.112993+00:00,411.868,0.4,0.39,0.41,0.6,0.59,0.61,,,,
2026-01-06 03:21:53.091000+00:00,2026-01-06 03:21:53.131278+00:00,413.091,0.4,0.39,0.41,0.6,0.59,0.61,,,,
2026-01-06 03:21:54.106000+00:00,2026-01-06 03:21:54.123724+00:00,414.106,0.38,0.37,0.39,0.62,0.61,0.63,,,,
2026-01-06 03:21:55.028000+00:00,2026-01-06 03:21:55.114405+00:00,415.028,0.38,0.37,0.39,0.62,0.61,0.63,,,,
2026-01-06 03:21:56.964000+00:00,2026-01-06 03:21:57.129792+00:00,416.964,0.37,0.36,0.38,0.63,0.62,0.64,,,,
2026-01-06 03:21:58.809000+00:00,2026-01-06 03:21:59.246014+00:00,418.809,0.38,0.37,0.39,0.62,0.61,0.63,,,,
2026-01-06 03:22:00.187000+00:00,2026-01-06 03:22:00.240295+00:00,420.187,0.38,0.37,0.39,0.62,0.61,0.63,,,,
2026-01-06 03:22:01.343000+00:00,2026-01-06 03:22:01.357284+00:00,421.343,0.37,0.36,0.38,0.62,0.61,0.63,,,,
2026-01-06 03:22:02.336000+00:00,2026-01-06 03:22:02.353960+00:00,422.336,0.375,0.37,0.38,0.625,0.62,0.63,,,,
2026-01-06 03:22:03.379000+00:00,2026-01-06 03:22:03.698577+00:00,423.379,0.37,0.36,0.38,0.63,0.62,0.64,,,,
2026-01-06 03:22:04.683000+00:00,2026-01-06 03:22:04.717439+00:00,424.683,0.37,0.36,0.38,0.63,0.62,0.64,,,,
2026-01-06 03:22:05.424000+00:00,2026-01-06 03:22:05.718661+00:00,425.424,0.37,0.36,0.38,0.63,0.62,0.64,,,,
2026-01-06 03:22:06.669000+00:00,2026-01-06 03:22:06.731155+00:00,426.669,0.37,0.36,0.38,0.635,0.62,0.65,,,,
2026-01-06 03:22:07.510000+00:00,2026-01-06 03:22:07.741735+00:00,427.51,0.37,0.36,0.38,0.63,0.62,0.64,,,,
2026-01-06 03:22:08.581000+00:00,2026-01-06 03:22:08.754721+00:00,428.581,0.39,0.38,0.4,0.61,0.6,0.62,,,,
2026-01-06 03:22:09.756000+00:00,2026-01-06 03:22:09.759910+00:00,429.756,0.41,0.4,0.42,0.605,0.6,0.61,,,,
2026-01-06 03:22:10.796000+00:00,2026-01-06 03:22:10.817968+00:00,430.796,0.41,0.4,0.42,0.59,0.58,0.6,,,,
2026-01-06 03:22:11.742000+00:00,2026-01-06 03:22:11.830017+00:00,431.742,0.41,0.4,0.42,0.59,0.58,0.6,,,,
2026-01-06 03:22:12.808000+00:00,2026-01-06 03:22:12.829627+00:00,432.808,0.395,0.39,0.4,0.62,0.6,0.64,,,,
2026-01-06 03:22:13.820000+00:00,2026-01-06 03:22:13.841110+00:00,433.82,0.365,0.36,0.37,0.635,0.63,0.64,,,,
2026-01-06 03:22:14.813000+00:00,2026-01-06 03:22:14.831706+00:00,434.813,0.3399999999999999,0.33,0.35,0.66,0.65,0.67,,,,
2026-01-06 03:22:15.709000+00:00,2026-01-06 03:22:15.842127+00:00,435.709,0.3399999999999999,0.33,0.35,0.66,0.65,0.67,,,,
2026-01-06 03:22:16.835000+00:00,2026-01-06 03:22:16.843174+00:00,436.835,0.335,0.33,0.34,0.665,0.66,0.67,,,,
2026-01-06 03:22:17.686000+00:00,2026-01-06 03:22:17.873014+00:00,437.686,0.335,0.33,0.34,0.665,0.66,0.67,,,,
2026-01-06 03:22:18.799000+00:00,2026-01-06 03:22:18.877601+00:00,438.799,0.335,0.33,0.34,0.665,0.66,0.67,,,,
2026-01-06 03:22:19.872000+00:00,2026-01-06 03:22:19.887319+00:00,439.872,0.335,0.33,0.34,0.665,0.66,0.67,,,,
2026-01-06 03:22:20.872000+00:00,2026-01-06 03:22:20.895046+00:00,440.872,0.315,0.31,0.32,0.685,0.68,0.69,,,,
2026-01-06 03:22:22.308000+00:00,2026-01-06 03:22:22.315894+00:00,442.308,0.295,0.29,0.3,0.705,0.7,0.71,,,,
2026-01-06 03:22:23.477000+00:00,2026-01-06 03:22:23.664755+00:00,443.477,0.285,0.28,0.29,0.715,0.71,0.72,,,,
2026-01-06 03:22:24.732000+00:00,2026-01-06 03:22:24.742404+00:00,444.732,0.29,0.28,0.3,0.725,0.71,0.74,,,,
2026-01-06 03:22:25.653000+00:00,2026-01-06 03:22:25.734516+00:00,445.653,0.28,0.27,0.29,0.72,0.71,0.73,,,,
2026-01-06 03:22:26.683000+00:00,2026-01-06 03:22:26.747312+00:00,446.683,0.27,0.26,0.28,0.73,0.72,0.74,,,,
2026-01-06 03:22:27.700000+00:00,2026-01-06 03:22:27.761373+00:00,447.7,0.27,0.26,0.28,0.73,0.72,0.74,,,,
2026-01-06 03:22:28.729000+00:00,2026-01-06 03:22:28.759565+00:00,448.729,0.28,0.27,0.29,0.72,0.71,0.73,,,,
2026-01-06 03:22:29.679000+00:00,2026-01-06 03:22:29.770700+00:00,449.679,0.28,0.27,0.29,0.72,0.71,0.73,,,,
2026-01-06 03:22:31.235000+00:00,2026-01-06 03:22:31.284882+00:00,451.235,0.28,0.27,0.29,0.72,0.71,0.73,,,,
2026-01-06 03:22:32.272000+00:00,2026-01-06 03:22:32.296235+00:00,452.272,0.315,0.31,0.32,0.685,0.68,0.69,,,,
2026-01-06 03:22:33.301000+00:00,2026-01-06 03:22:33.322470+00:00,453.301,0.325,0.32,0.33,0.6799999999999999,0.67,0.69,,,,
2026-01-06 03:22:34.324000+00:00,2026-01-06 03:22:34.332672+00:00,454.324,0.32,0.31,0.33,0.675,0.67,0.68,,,,
2026-01-06 03:22:35.237000+00:00,2026-01-06 03:22:35.337567+00:00,455.237,0.325,0.32,0.33,0.675,0.67,0.68,,,,
2026-01-06 03:22:36.535000+00:00,2026-01-06 03:22:36.818995+00:00,456.535,0.345,0.33,0.36,0.655,0.64,0.67,,,,
2026-01-06 03:22:37.840000+00:00,2026-01-06 03:22:37.846440+00:00,457.84,0.33,0.32,0.34,0.67,0.66,0.68,,,,
2026-01-06 03:22:39.017000+00:00,2026-01-06 03:22:39.031206+00:00,459.017,0.3,0.29,0.31,0.705,0.69,0.72,,,,
2026-01-06 03:22:40.002000+00:00,2026-01-06 03:22:40.045598+00:00,460.002,0.29,0.28,0.3,0.71,0.7,0.72,,,,
2026-01-06 03:22:41.042000+00:00,2026-01-06 03:22:41.050324+00:00,461.042,0.255,0.24,0.27,0.75,0.74,0.76,,,,
2026-01-06 03:22:42.001000+00:00,2026-01-06 03:22:42.061078+00:00,462.001,0.25,0.24,0.26,0.75,0.74,0.76,,,,
2026-01-06 03:22:43.234000+00:00,2026-01-06 03:22:43.461424+00:00,463.234,0.25,0.24,0.26,0.75,0.74,0.76,,,,
2026-01-06 03:22:44.854000+00:00,2026-01-06 03:22:44.872213+00:00,464.854,0.22,0.21,0.23,0.78,0.77,0.79,,,,
2026-01-06 03:22:46.150000+00:00,2026-01-06 03:22:46.274868+00:00,466.15,0.2,0.19,0.21,0.805,0.8,0.81,,,,
2026-01-06 03:22:47.197000+00:00,2026-01-06 03:22:47.277731+00:00,467.197,0.19,0.18,0.2,0.81,0.8,0.82,,,,
2026-01-06 03:22:48.270000+00:00,2026-01-06 03:22:48.294288+00:00,468.27,0.18,0.17,0.19,0.8200000000000001,0.81,0.83,,,,
2026-01-06 03:22:49.291000+00:00,2026-01-06 03:22:49.309667+00:00,469.291,0.19,0.18,0.2,0.805,0.8,0.81,,,,
2026-01-06 03:22:50.284000+00:00,2026-01-06 03:22:50.358708+00:00,470.284,0.2,0.19,0.21,0.795,0.79,0.8,,,,
2026-01-06 03:22:51.219000+00:00,2026-01-06 03:22:51.353085+00:00,471.219,0.22,0.21,0.23,0.78,0.77,0.79,,,,
2026-01-06 03:22:52.124000+00:00,2026-01-06 03:22:52.419453+00:00,472.124,0.22,0.21,0.23,0.78,0.77,0.79,,,,
2026-01-06 03:22:53.236000+00:00,2026-01-06 03:22:53.445547+00:00,473.236,0.22,0.21,0.23,0.78,0.77,0.79,,,,
2026-01-06 03:22:54.381000+00:00,2026-01-06 03:22:54.449596+00:00,474.381,0.2,0.19,0.21,0.8,0.79,0.81,,,,
2026-01-06 03:22:55.434000+00:00,2026-01-06 03:22:55.446342+00:00,475.434,0.2,0.19,0.21,0.8,0.79,0.81,,,,
2026-01-06 03:22:56.219000+00:00,2026-01-06 03:22:56.454670+00:00,476.219,0.2,0.19,0.21,0.8,0.79,0.81,,,,
2026-01-06 03:22:57.294000+00:00,2026-01-06 03:22:57.467831+00:00,477.294,0.2,0.19,0.21,0.8,0.79,0.81,,,,
2026-01-06 03:22:58.153000+00:00,2026-01-06 03:22:58.481333+00:00,478.153,0.2,0.19,0.21,0.805,0.8,0.81,,,,
2026-01-06 03:22:59.543000+00:00,2026-01-06 03:22:59.670078+00:00,479.543,0.2,0.19,0.21,0.8,0.79,0.81,,,,
2026-01-06 03:23:00.720000+00:00,2026-01-06 03:23:00.778918+00:00,480.72,0.21,0.2,0.22,0.79,0.78,0.8,,,,
2026-01-06 03:23:01.567000+00:00,2026-01-06 03:23:01.783364+00:00,481.567,0.21,0.2,0.22,0.79,0.78,0.8,,,,
2026-01-06 03:23:02.791000+00:00,2026-01-06 03:23:02.800584+00:00,482.791,0.215,0.2,0.23,0.785,0.77,0.8,,,,
2026-01-06 03:23:03.794000+00:00,2026-01-06 03:23:03.811918+00:00,483.794,0.205,0.2,0.21,0.795,0.79,0.8,,,,
2026-01-06 03:23:04.768000+00:00,2026-01-06 03:23:04.821987+00:00,484.768,0.205,0.2,0.21,0.805,0.8,0.81,,,,
2026-01-06 03:23:05.846000+00:00,2026-01-06 03:23:05.880049+00:00,485.846,0.195,0.19,0.2,0.805,0.8,0.81,,,,
2026-01-06 03:23:06.618000+00:00,2026-01-06 03:23:06.884383+00:00,486.618,0.195,0.19,0.2,0.805,0.8,0.81,,,,
2026-01-06 03:23:07.818000+00:00,2026-01-06 03:23:07.899867+00:00,487.818,0.195,0.19,0.2,0.805,0.8,0.81,,,,
2026-01-06 03:23:08.834000+00:00,2026-01-06 03:23:08.901492+00:00,488.834,0.185,0.18,0.19,0.815,0.81,0.82,,,,
2026-01-06 03:23:09.881000+00:00,2026-01-06 03:23:09.901314+00:00,489.881,0.195,0.19,0.2,0.805,0.8,0.81,,,,
2026-01-06 03:23:10.852000+00:00,2026-01-06 03:23:10.920877+00:00,490.852,0.185,0.18,0.19,0.81,0.8,0.82,,,,
2026-01-06 03:23:11.613000+00:00,2026-01-06 03:23:11.931621+00:00,491.613,0.185,0.17,0.2,0.8200000000000001,0.81,0.83,,,,
2026-01-06 03:23:13.001000+00:00,2026-01-06 03:23:13.159496+00:00,493.001,0.185,0.17,0.2,0.815,0.8,0.83,,,,
2026-01-06 03:23:14.968000+00:00,2026-01-06 03:23:15.183001+00:00,494.968,0.19,0.18,0.2,0.81,0.8,0.82,,,,
2026-01-06 03:23:16.169000+00:00,2026-01-06 03:23:16.194993+00:00,496.169,0.185,0.18,0.19,0.815,0.81,0.82,,,,
2026-01-06 03:23:17.076000+00:00,2026-01-06 03:23:17.214342+00:00,497.076,0.18,0.17,0.19,0.8200000000000001,0.81,0.83,,,,
2026-01-06 03:23:18.628000+00:00,2026-01-06 03:23:18.669935+00:00,498.628,0.1699999999999999,0.16,0.18,0.845,0.84,0.85,,,,
2026-01-06 03:23:19.675000+00:00,2026-01-06 03:23:19.691054+00:00,499.675,0.145,0.14,0.15,0.855,0.85,0.86,,,,
2026-01-06 03:23:21.328000+00:00,2026-01-06 03:23:21.352663+00:00,501.328,0.165,0.16,0.17,0.835,0.83,0.84,,,,
2026-01-06 03:23:22.016000+00:00,2026-01-06 03:23:22.356675+00:00,502.016,0.165,0.16,0.17,0.835,0.83,0.84,,,,
2026-01-06 03:23:23.261000+00:00,2026-01-06 03:23:23.357680+00:00,503.261,0.175,0.16,0.19,0.825,0.81,0.84,,,,
2026-01-06 03:23:24.285000+00:00,2026-01-06 03:23:24.377523+00:00,504.285,0.1649999999999999,0.15,0.18,0.835,0.82,0.85,,,,
2026-01-06 03:23:25.863000+00:00,2026-01-06 03:23:26.414364+00:00,505.863,0.1649999999999999,0.15,0.18,0.835,0.82,0.85,,,,
2026-01-06 03:23:27.467000+00:00,2026-01-06 03:23:27.485897+00:00,507.467,0.1699999999999999,0.16,0.18,0.83,0.82,0.84,,,,
2026-01-06 03:23:28.014000+00:00,2026-01-06 03:23:28.488998+00:00,508.014,0.1699999999999999,0.16,0.18,0.83,0.82,0.84,,,,
2026-01-06 03:23:29.473000+00:00,2026-01-06 03:23:29.524379+00:00,509.473,0.18,0.17,0.19,0.8200000000000001,0.81,0.83,,,,
2026-01-06 03:23:30.528000+00:00,2026-01-06 03:23:30.545805+00:00,510.528,0.175,0.17,0.18,0.8200000000000001,0.81,0.83,,,,
2026-01-06 03:23:31.524000+00:00,2026-01-06 03:23:31.545268+00:00,511.524,0.1699999999999999,0.16,0.18,0.83,0.82,0.84,,,,
2026-01-06 03:23:32.546000+00:00,2026-01-06 03:23:32.558155+00:00,512.546,0.1699999999999999,0.16,0.18,0.83,0.82,0.84,,,,
2026-01-06 03:23:33.903000+00:00,2026-01-06 03:23:33.898862+00:00,513.903,0.175,0.16,0.19,0.815,0.81,0.82,,,,
2026-01-06 03:23:34.669000+00:00,2026-01-06 03:23:34.910786+00:00,514.669,0.185,0.18,0.19,0.815,0.81,0.82,,,,
2026-01-06 03:23:35.606000+00:00,2026-01-06 03:23:35.927089+00:00,515.606,0.185,0.18,0.19,0.815,0.81,0.82,,,,
2026-01-06 03:23:36.847000+00:00,2026-01-06 03:23:36.924979+00:00,516.847,0.175,0.16,0.19,0.825,0.81,0.84,,,,
2026-01-06 03:23:37.878000+00:00,2026-01-06 03:23:37.958085+00:00,517.878,0.175,0.16,0.19,0.825,0.81,0.84,,,,
2026-01-06 03:23:38.890000+00:00,2026-01-06 03:23:38.960493+00:00,518.89,0.185,0.17,0.2,0.8200000000000001,0.8,0.84,,,,
2026-01-06 03:23:39.930000+00:00,2026-01-06 03:23:39.981706+00:00,519.93,0.175,0.16,0.19,0.825,0.81,0.84,,,,
2026-01-06 03:23:41.002000+00:00,2026-01-06 03:23:41.271598+00:00,521.002,0.175,0.16,0.19,0.825,0.81,0.84,,,,
2026-01-06 03:23:42.314000+00:00,2026-01-06 03:23:42.347481+00:00,522.314,0.18,0.17,0.19,0.8200000000000001,0.81,0.83,,,,
2026-01-06 03:23:43.374000+00:00,2026-01-06 03:23:43.353803+00:00,523.374,0.16,0.15,0.17,0.84,0.83,0.85,,,,
2026-01-06 03:23:44.331000+00:00,2026-01-06 03:23:44.370273+00:00,524.331,0.185,0.18,0.19,0.815,0.81,0.82,,,,
2026-01-06 03:23:45.319000+00:00,2026-01-06 03:23:45.377437+00:00,525.319,0.19,0.18,0.2,0.81,0.8,0.82,,,,
2026-01-06 03:23:46.625000+00:00,2026-01-06 03:23:46.691944+00:00,526.625,0.18,0.16,0.2,0.8200000000000001,0.8,0.84,,,,
2026-01-06 03:23:47.459000+00:00,2026-01-06 03:23:47.698734+00:00,527.459,0.18,0.16,0.2,0.8200000000000001,0.8,0.84,,,,
2026-01-06 03:23:48.569000+00:00,2026-01-06 03:23:48.782322+00:00,528.569,0.18,0.16,0.2,0.8200000000000001,0.8,0.84,,,,
2026-01-06 03:23:49.769000+00:00,2026-01-06 03:23:49.789659+00:00,529.769,0.175,0.16,0.19,0.825,0.81,0.84,,,,
2026-01-06 03:23:50.571000+00:00,2026-01-06 03:23:50.791088+00:00,530.571,0.175,0.16,0.19,0.835,0.83,0.84,,,,
2026-01-06 03:23:51.788000+00:00,2026-01-06 03:23:51.803851+00:00,531.788,0.155,0.14,0.17,0.85,0.84,0.86,,,,
2026-01-06 03:23:52.801000+00:00,2026-01-06 03:23:52.824888+00:00,532.801,0.145,0.14,0.15,0.855,0.85,0.86,,,,
2026-01-06 03:23:54.049000+00:00,2026-01-06 03:23:54.210369+00:00,534.049,0.14,0.13,0.15,0.86,0.85,0.87,,,,
2026-01-06 03:23:55.245000+00:00,2026-01-06 03:23:55.263231+00:00,535.245,0.125,0.12,0.13,0.875,0.87,0.88,,,,
2026-01-06 03:23:56.300000+00:00,2026-01-06 03:23:56.318180+00:00,536.3,0.105,0.1,0.11,0.89,0.88,0.9,,,,
2026-01-06 03:23:57.271000+00:00,2026-01-06 03:23:57.324789+00:00,537.271,0.13,0.12,0.14,0.87,0.86,0.88,,,,
2026-01-06 03:23:58.256000+00:00,2026-01-06 03:23:58.322109+00:00,538.256,0.13,0.12,0.14,0.87,0.86,0.88,,,,
2026-01-06 03:23:59.251000+00:00,2026-01-06 03:23:59.340117+00:00,539.251,0.13,0.12,0.14,0.87,0.86,0.88,,,,
2026-01-06 03:24:00.713000+00:00,2026-01-06 03:24:00.727699+00:00,540.713,0.125,0.12,0.13,0.875,0.87,0.88,,,,
2026-01-06 03:24:01.869000+00:00,2026-01-06 03:24:01.907578+00:00,541.869,0.145,0.13,0.16,0.855,0.84,0.87,,,,
2026-01-06 03:24:02.872000+00:00,2026-01-06 03:24:02.926597+00:00,542.872,0.15,0.14,0.16,0.85,0.84,0.86,,,,
2026-01-06 03:24:03.892000+00:00,2026-01-06 03:24:03.934302+00:00,543.892,0.15,0.14,0.16,0.85,0.84,0.86,,,,
2026-01-06 03:24:04.813000+00:00,2026-01-06 03:24:04.947358+00:00,544.813,0.15,0.14,0.16,0.85,0.84,0.86,,,,
2026-01-06 03:24:05.951000+00:00,2026-01-06 03:24:05.975993+00:00,545.951,0.15,0.14,0.16,0.85,0.84,0.86,,,,
2026-01-06 03:24:06.986000+00:00,2026-01-06 03:24:06.997755+00:00,546.986,0.13,0.12,0.14,0.87,0.86,0.88,,,,
2026-01-06 03:24:08.198000+00:00,2026-01-06 03:24:08.234056+00:00,548.198,0.125,0.12,0.13,0.875,0.87,0.88,,,,
2026-01-06 03:24:09.048000+00:00,2026-01-06 03:24:09.227401+00:00,549.048,0.11,0.1,0.12,0.89,0.88,0.9,,,,
2026-01-06 03:24:10.341000+00:00,2026-01-06 03:24:10.434061+00:00,550.341,0.11,0.1,0.12,0.89,0.88,0.9,,,,
2026-01-06 03:24:11.367000+00:00,2026-01-06 03:24:11.439029+00:00,551.367,0.11,0.1,0.12,0.895,0.89,0.9,,,,
2026-01-06 03:24:12.319000+00:00,2026-01-06 03:24:12.447217+00:00,552.319,0.105,0.1,0.11,0.895,0.89,0.9,,,,
2026-01-06 03:24:13.350000+00:00,2026-01-06 03:24:13.458705+00:00,553.35,0.105,0.1,0.11,0.885,0.88,0.89,,,,
2026-01-06 03:24:14.459000+00:00,2026-01-06 03:24:14.471571+00:00,554.459,0.11,0.1,0.12,0.89,0.88,0.9,,,,
2026-01-06 03:24:15.654000+00:00,2026-01-06 03:24:15.824199+00:00,555.654,0.105,0.1,0.11,0.895,0.89,0.9,,,,
2026-01-06 03:24:16.772000+00:00,2026-01-06 03:24:16.833141+00:00,556.772,0.105,0.1,0.11,0.895,0.89,0.9,,,,
2026-01-06 03:24:17.817000+00:00,2026-01-06 03:24:17.836978+00:00,557.817,0.095,0.09,0.1,0.91,0.9,0.92,,,,
2026-01-06 03:24:18.844000+00:00,2026-01-06 03:24:18.855609+00:00,558.844,0.105,0.1,0.11,0.9,0.89,0.91,,,,
2026-01-06 03:24:19.836000+00:00,2026-01-06 03:24:19.868962+00:00,559.836,0.095,0.09,0.1,0.905,0.9,0.91,,,,
2026-01-06 03:24:20.866000+00:00,2026-01-06 03:24:20.881387+00:00,560.866,0.105,0.1,0.11,0.9,0.89,0.91,,,,
2026-01-06 03:24:21.835000+00:00,2026-01-06 03:24:21.884578+00:00,561.835,0.105,0.1,0.11,0.895,0.89,0.9,,,,
2026-01-06 03:24:23.001000+00:00,2026-01-06 03:24:23.213174+00:00,563.001,0.105,0.1,0.11,0.895,0.89,0.9,,,,
2026-01-06 03:24:24.213000+00:00,2026-01-06 03:24:24.227246+00:00,564.213,0.105,0.1,0.11,0.895,0.89,0.9,,,,
2026-01-06 03:24:25.045000+00:00,2026-01-06 03:24:25.242005+00:00,565.045,0.105,0.1,0.11,0.895,0.89,0.9,,,,
2026-01-06 03:24:26.204000+00:00,2026-01-06 03:24:26.240892+00:00,566.204,0.105,0.1,0.11,0.9,0.89,0.91,,,,
2026-01-06 03:24:27.228000+00:00,2026-01-06 03:24:27.248406+00:00,567.228,0.1,0.09,0.11,0.9,0.89,0.91,,,,
2026-01-06 03:24:28.297000+00:00,2026-01-06 03:24:28.307026+00:00,568.297,0.1,0.09,0.11,0.9,0.89,0.91,,,,
2026-01-06 03:24:29.867000+00:00,2026-01-06 03:24:30.150617+00:00,569.867,0.105,0.1,0.11,0.895,0.89,0.9,,,,
2026-01-06 03:24:31.105000+00:00,2026-01-06 03:24:31.166087+00:00,571.105,0.105,0.1,0.11,0.895,0.89,0.9,,,,
2026-01-06 03:24:32.151000+00:00,2026-01-06 03:24:32.177333+00:00,572.151,0.095,0.09,0.1,0.915,0.91,0.92,,,,
2026-01-06 03:24:33.993000+00:00,2026-01-06 03:24:34.264668+00:00,573.993,0.0849999999999999,0.08,0.09,0.915,0.91,0.92,,,,
2026-01-06 03:24:35.172000+00:00,2026-01-06 03:24:35.276110+00:00,575.172,0.0849999999999999,0.08,0.09,0.915,0.91,0.92,,,,
2026-01-06 03:24:36.327000+00:00,2026-01-06 03:24:36.286395+00:00,576.327,0.07,0.06,0.08,0.93,0.92,0.94,,,,
2026-01-06 03:24:37.273000+00:00,2026-01-06 03:24:37.295541+00:00,577.273,0.0849999999999999,0.08,0.09,0.92,0.91,0.93,,,,
2026-01-06 03:24:38.117000+00:00,2026-01-06 03:24:38.492444+00:00,578.117,0.07,0.06,0.08,0.93,0.92,0.94,,,,
2026-01-06 03:24:39.483000+00:00,2026-01-06 03:24:39.497098+00:00,579.483,0.08,0.07,0.09,0.92,0.91,0.93,,,,
2026-01-06 03:24:40.360000+00:00,2026-01-06 03:24:40.512720+00:00,580.36,0.08,0.07,0.09,0.92,0.91,0.93,,,,
2026-01-06 03:24:41.464000+00:00,2026-01-06 03:24:41.869626+00:00,581.464,0.08,0.07,0.09,0.92,0.91,0.93,,,,
2026-01-06 03:24:42.850000+00:00,2026-01-06 03:24:42.873170+00:00,582.85,0.0849999999999999,0.08,0.09,0.915,0.91,0.92,,,,
2026-01-06 03:24:43.873000+00:00,2026-01-06 03:24:43.933049+00:00,583.873,0.09,0.08,0.1,0.91,0.9,0.92,,,,
2026-01-06 03:24:44.584000+00:00,2026-01-06 03:24:44.951517+00:00,584.584,0.09,0.08,0.1,0.91,0.9,0.92,,,,
2026-01-06 03:24:45.805000+00:00,2026-01-06 03:24:45.969355+00:00,585.805,0.0849999999999999,0.08,0.09,0.915,0.91,0.92,,,,
2026-01-06 03:24:46.876000+00:00,2026-01-06 03:24:46.982047+00:00,586.876,0.095,0.09,0.1,0.905,0.9,0.91,,,,
2026-01-06 03:24:48.003000+00:00,2026-01-06 03:24:48.135449+00:00,588.003,0.095,0.09,0.1,0.905,0.9,0.91,,,,
2026-01-06 03:24:49.099000+00:00,2026-01-06 03:24:49.154688+00:00,589.099,0.09,0.08,0.1,0.91,0.9,0.92,,,,
2026-01-06 03:24:50.140000+00:00,2026-01-06 03:24:50.383521+00:00,590.14,0.09,0.08,0.1,0.91,0.9,0.92,,,,
2026-01-06 03:24:51.238000+00:00,2026-01-06 03:24:51.385341+00:00,591.238,0.09,0.08,0.1,0.91,0.9,0.92,,,,
2026-01-06 03:24:52.289000+00:00,2026-01-06 03:24:52.387749+00:00,592.289,0.09,0.08,0.1,0.91,0.9,0.92,,,,
2026-01-06 03:24:53.358000+00:00,2026-01-06 03:24:53.386382+00:00,593.358,0.0849999999999999,0.08,0.09,0.915,0.91,0.92,,,,
2026-01-06 03:24:54.191000+00:00,2026-01-06 03:24:54.395285+00:00,594.191,0.0849999999999999,0.08,0.09,0.915,0.91,0.92,,,,
2026-01-06 03:24:55.127000+00:00,2026-01-06 03:24:55.402059+00:00,595.127,0.0849999999999999,0.08,0.09,0.915,0.91,0.92,,,,
2026-01-06 03:24:56.462000+00:00,2026-01-06 03:24:56.532289+00:00,596.462,0.0849999999999999,0.08,0.09,0.915,0.91,0.92,,,,
2026-01-06 03:24:57.312000+00:00,2026-01-06 03:24:57.549591+00:00,597.312,0.0849999999999999,0.08,0.09,0.915,0.91,0.92,,,,
2026-01-06 03:24:58.925000+00:00,2026-01-06 03:24:59.576676+00:00,598.925,0.0849999999999999,0.08,0.09,0.915,0.91,0.92,,,,
2026-01-06 03:25:00.577000+00:00,2026-01-06 03:25:00.585940+00:00,600.577,0.07,0.06,0.08,0.925,0.92,0.93,,,,
2026-01-06 03:25:01.588000+00:00,2026-01-06 03:25:01.604209+00:00,601.588,0.08,0.07,0.09,0.92,0.91,0.93,,,,
2026-01-06 03:25:02.717000+00:00,2026-01-06 03:25:02.704918+00:00,602.717,0.0849999999999999,0.08,0.09,0.92,0.91,0.93,,,,
2026-01-06 03:25:03.782000+00:00,2026-01-06 03:25:03.791801+00:00,603.782,0.065,0.06,0.07,0.935,0.93,0.94,,,,
2026-01-06 03:25:04.739000+00:00,2026-01-06 03:25:04.796513+00:00,604.739,0.06,0.05,0.07,0.94,0.93,0.95,,,,
2026-01-06 03:25:05.764000+00:00,2026-01-06 03:25:05.807846+00:00,605.764,0.08,0.06,0.1,0.93,0.92,0.94,,,,
2026-01-06 03:25:06.775000+00:00,2026-01-06 03:25:06.821973+00:00,606.775,0.06,0.05,0.07,0.94,0.93,0.95,,,,
2026-01-06 03:25:07.803000+00:00,2026-01-06 03:25:07.839601+00:00,607.803,0.06,0.05,0.07,0.94,0.93,0.95,,,,
2026-01-06 03:25:08.820000+00:00,2026-01-06 03:25:08.901766+00:00,608.82,0.06,0.05,0.07,0.94,0.93,0.95,,,,
2026-01-06 03:25:09.765000+00:00,2026-01-06 03:25:09.915189+00:00,609.765,0.06,0.05,0.07,0.94,0.93,0.95,,,,
2026-01-06 03:25:10.532000+00:00,2026-01-06 03:25:10.939698+00:00,610.532,0.06,0.05,0.07,0.94,0.93,0.95,,,,
2026-01-06 03:25:11.889000+00:00,2026-01-06 03:25:11.952106+00:00,611.889,0.055,0.05,0.06,0.94,0.93,0.95,,,,
2026-01-06 03:25:12.862000+00:00,2026-01-06 03:25:12.962475+00:00,612.862,0.06,0.05,0.07,0.94,0.93,0.95,,,,
2026-01-06 03:25:13.860000+00:00,2026-01-06 03:25:13.969371+00:00,613.86,0.06,0.05,0.07,0.94,0.93,0.95,,,,
2026-01-06 03:25:14.965000+00:00,2026-01-06 03:25:15.963275+00:00,614.965,0.055,0.05,0.06,0.945,0.94,0.95,,,,
2026-01-06 03:25:16.003000+00:00,2026-01-06 03:25:17.185750+00:00,616.003,0.055,0.05,0.06,0.945,0.94,0.95,,,,
2026-01-06 03:25:18.385000+00:00,2026-01-06 03:25:18.423652+00:00,618.385,0.055,0.05,0.06,0.935,0.92,0.95,,,,
2026-01-06 03:25:19.959000+00:00,2026-01-06 03:25:20.427095+00:00,619.959,0.055,0.05,0.06,0.945,0.94,0.95,,,,
2026-01-06 03:25:21.357000+00:00,2026-01-06 03:25:21.423797+00:00,621.357,0.055,0.05,0.06,0.945,0.94,0.95,,,,
2026-01-06 03:25:22.396000+00:00,2026-01-06 03:25:22.426645+00:00,622.396,0.055,0.05,0.06,0.945,0.94,0.95,,,,
2026-01-06 03:25:23.727000+00:00,2026-01-06 03:25:24.446284+00:00,623.727,0.055,0.05,0.06,0.945,0.94,0.95,,,,
2026-01-06 03:25:25.736000+00:00,2026-01-06 03:25:26.458880+00:00,625.736,0.055,0.05,0.06,0.945,0.94,0.95,,,,
2026-01-06 03:25:27.404000+00:00,2026-01-06 03:25:27.468160+00:00,627.404,0.055,0.05,0.06,0.945,0.94,0.95,,,,
2026-01-06 03:25:28.937000+00:00,2026-01-06 03:25:29.486471+00:00,628.937,0.055,0.05,0.06,0.945,0.94,0.95,,,,
2026-01-06 03:25:30.645000+00:00,2026-01-06 03:25:30.676027+00:00,630.645,0.045,0.04,0.05,0.955,0.95,0.96,,,,
2026-01-06 03:25:31.578000+00:00,2026-01-06 03:25:31.696679+00:00,631.578,0.035,0.03,0.04,0.965,0.96,0.97,,,,
2026-01-06 03:25:32.501000+00:00,2026-01-06 03:25:32.709787+00:00,632.501,0.03,0.02,0.04,0.97,0.96,0.98,,,,
2026-01-06 03:25:33.565000+00:00,2026-01-06 03:25:33.727993+00:00,633.565,0.025,0.02,0.03,0.975,0.97,0.98,,,,
2026-01-06 03:25:34.507000+00:00,2026-01-06 03:25:34.729511+00:00,634.507,0.025,0.02,0.03,0.975,0.97,0.98,,,,
2026-01-06 03:25:35.697000+00:00,2026-01-06 03:25:36.771385+00:00,635.697,0.025,0.02,0.03,0.975,0.97,0.98,,,,
2026-01-06 03:25:37.459000+00:00,2026-01-06 03:25:37.786737+00:00,637.459,0.025,0.02,0.03,0.975,0.97,0.98,,,,
2026-01-06 03:25:38.328000+00:00,2026-01-06 03:25:38.850552+00:00,638.328,0.025,0.02,0.03,0.975,0.97,0.98,,,,
2026-01-06 03:25:39.826000+00:00,2026-01-06 03:25:39.915530+00:00,639.826,0.025,0.02,0.03,0.975,0.97,0.98,,,,
2026-01-06 03:25:40.945000+00:00,2026-01-06 03:25:40.968603+00:00,640.945,0.025,0.02,0.03,0.975,0.97,0.98,,,,
2026-01-06 03:25:41.831000+00:00,2026-01-06 03:25:41.969612+00:00,641.831,0.02,0.01,0.03,0.98,0.97,0.99,,,,
2026-01-06 03:25:42.791000+00:00,2026-01-06 03:25:42.985096+00:00,642.791,0.02,0.01,0.03,0.98,0.97,0.99,,,,
2026-01-06 03:25:43.881000+00:00,2026-01-06 03:25:43.993096+00:00,643.881,0.02,0.01,0.03,0.98,0.97,0.99,,,,
2026-01-06 03:25:44.471000+00:00,2026-01-06 03:25:45.187907+00:00,644.471,0.02,0.01,0.03,0.98,0.97,0.99,,,,
2026-01-06 03:25:46.172000+00:00,2026-01-06 03:25:46.197033+00:00,646.172,0.02,0.01,0.03,0.98,0.97,0.99,,,,
2026-01-06 03:25:47.279000+00:00,2026-01-06 03:25:47.419084+00:00,647.279,0.02,0.01,0.03,0.98,0.97,0.99,,,,
2026-01-06 03:25:48.386000+00:00,2026-01-06 03:25:48.433427+00:00,648.386,0.02,0.01,0.03,0.98,0.97,0.99,,,,
2026-01-06 03:25:49.355000+00:00,2026-01-06 03:25:49.432929+00:00,649.355,0.02,0.01,0.03,0.98,0.97,0.99,,,,
2026-01-06 03:25:50.217000+00:00,2026-01-06 03:25:50.430957+00:00,650.217,0.02,0.01,0.03,0.98,0.97,0.99,,,,
2026-01-06 03:25:51.485000+00:00,2026-01-06 03:25:52.441403+00:00,651.485,0.02,0.01,0.03,0.98,0.97,0.99,,,,
2026-01-06 03:25:53.617000+00:00,2026-01-06 03:25:54.459232+00:00,653.617,0.02,0.01,0.03,0.98,0.97,0.99,,,,
2026-01-06 03:25:55.261000+00:00,2026-01-06 03:25:55.464392+00:00,655.261,0.02,0.01,0.03,0.98,0.97,0.99,,,,
2026-01-06 03:25:56.070000+00:00,2026-01-06 03:25:56.477399+00:00,656.07,0.02,0.01,0.03,0.98,0.97,0.99,,,,
2026-01-06 03:25:57.470000+00:00,2026-01-06 03:25:57.484550+00:00,657.47,0.02,0.01,0.03,0.98,0.97,0.99,,,,
2026-01-06 03:25:58.555000+00:00,2026-01-06 03:25:58.634738+00:00,658.555,0.02,0.01,0.03,0.98,0.97,0.99,,,,
2026-01-06 03:25:59.493000+00:00,2026-01-06 03:25:59.621978+00:00,659.493,0.02,0.01,0.03,0.98,0.97,0.99,,,,
2026-01-06 03:26:00.554000+00:00,2026-01-06 03:26:00.685878+00:00,660.554,0.02,0.01,0.03,0.98,0.97,0.99,,,,
2026-01-06 03:26:01.645000+00:00,2026-01-06 03:26:01.701245+00:00,661.645,0.02,0.01,0.03,0.98,0.97,0.99,,,,
2026-01-06 03:26:02.620000+00:00,2026-01-06 03:26:02.693737+00:00,662.62,0.02,0.01,0.03,0.98,0.97,0.99,,,,
2026-01-06 03:26:03.268000+00:00,2026-01-06 03:26:03.715907+00:00,663.268,0.02,0.01,0.03,0.98,0.97,0.99,,,,
2026-01-06 03:26:04.469000+00:00,2026-01-06 03:26:04.739057+00:00,664.469,0.02,0.01,0.03,0.98,0.97,0.99,,,,
2026-01-06 03:26:05.671000+00:00,2026-01-06 03:26:05.738215+00:00,665.671,0.02,0.01,0.03,0.98,0.97,0.99,,,,
2026-01-06 03:26:06.715000+00:00,2026-01-06 03:26:06.735232+00:00,666.715,0.02,,0.02,0.98,0.98,,,,,
2026-01-06 03:26:07.727000+00:00,2026-01-06 03:26:07.750577+00:00,667.727,0.01,,0.01,0.99,0.99,,,,,
2026-01-06 03:26:08.525000+00:00,2026-01-06 03:26:08.765159+00:00,668.525,0.01,,0.01,0.99,0.99,,,,,
2026-01-06 03:26:09.458000+00:00,2026-01-06 03:26:09.778828+00:00,669.458,0.01,,0.01,0.99,0.99,,,,,
2026-01-06 03:26:10.488000+00:00,2026-01-06 03:26:10.780607+00:00,670.488,0.02,,0.02,0.985,0.98,0.99,,,,
2026-01-06 03:26:11.472000+00:00,2026-01-06 03:26:11.799300+00:00,671.472,0.015,0.01,0.02,0.985,0.98,0.99,,,,
2026-01-06 03:26:12.672000+00:00,2026-01-06 03:26:12.800265+00:00,672.672,0.015,0.01,0.02,0.98,0.98,,,,,
2026-01-06 03:26:13.595000+00:00,2026-01-06 03:26:13.829673+00:00,673.595,0.02,,0.02,0.98,0.98,,,,,
2026-01-06 03:26:14.773000+00:00,2026-01-06 03:26:14.835969+00:00,674.773,0.02,,0.02,0.98,0.98,,,,,
2026-01-06 03:26:15.540000+00:00,2026-01-06 03:26:15.829860+00:00,675.54,0.01,,0.01,0.99,0.99,,,,,
2026-01-06 03:26:16.467000+00:00,2026-01-06 03:26:17.843784+00:00,676.467,0.01,,0.01,0.99,0.99,,,,,
2026-01-06 03:26:18.001000+00:00,2026-01-06 03:26:18.853646+00:00,678.001,0.01,,0.01,0.99,0.99,,,,,
2026-01-06 03:26:20.168000+00:00,2026-01-06 03:26:20.287407+00:00,680.168,0.01,,0.01,0.99,0.99,,,,,
2026-01-06 03:26:21.739000+00:00,2026-01-06 03:26:21.753372+00:00,681.739,0.01,,0.01,0.99,0.99,,,,,
2026-01-06 03:26:22.713000+00:00,2026-01-06 03:26:22.821587+00:00,682.713,0.01,,0.01,0.99,0.99,,,,,
2026-01-06 03:26:23.803000+00:00,2026-01-06 03:26:23.834117+00:00,683.803,0.02,,0.02,0.98,0.98,,,,,
2026-01-06 03:26:24.840000+00:00,2026-01-06 03:26:24.887758+00:00,684.84,0.02,,0.02,0.985,0.98,0.99,,,,
2026-01-06 03:26:25.513000+00:00,2026-01-06 03:26:25.892260+00:00,685.513,0.01,,0.01,0.99,0.99,,,,,
2026-01-06 03:26:26.868000+00:00,2026-01-06 03:26:27.068065+00:00,686.868,0.01,,0.01,0.99,0.99,,,,,
2026-01-06 03:26:28.458000+00:00,2026-01-06 03:26:29.072711+00:00,688.458,0.01,,0.01,0.99,0.99,,,,,
2026-01-06 03:26:30.950000+00:00,2026-01-06 03:26:31.116748+00:00,690.95,0.01,,0.01,0.99,0.99,,,,,
2026-01-06 03:26:31.459000+00:00,2026-01-06 03:26:32.150870+00:00,691.459,0.01,,0.01,0.99,0.99,,,,,
2026-01-06 03:26:33.456000+00:00,2026-01-06 03:26:34.419870+00:00,693.456,0.01,,0.01,0.99,0.99,,,,,
2026-01-06 03:26:35.220000+00:00,2026-01-06 03:26:35.416582+00:00,695.22,0.01,,0.01,0.99,0.99,,,,,
2026-01-06 03:26:36.242000+00:00,2026-01-06 03:26:36.418002+00:00,696.242,0.01,,0.01,0.99,0.99,,,,,
2026-01-06 03:26:37.154000+00:00,2026-01-06 03:26:37.415214+00:00,697.154,0.01,,0.01,0.99,0.99,,,,,
2026-01-06 03:26:38.464000+00:00,2026-01-06 03:26:39.419070+00:00,698.464,0.01,,0.01,0.99,0.99,,,,,
2026-01-06 03:26:40.117000+00:00,2026-01-06 03:26:40.420462+00:00,700.117,0.01,,0.01,0.99,0.99,,,,,
2026-01-06 03:26:41.218000+00:00,2026-01-06 03:26:41.444225+00:00,701.218,0.01,,0.01,0.99,0.99,,,,,
2026-01-06 03:26:42.465000+00:00,2026-01-06 03:26:42.767112+00:00,702.465,0.01,,0.01,0.99,0.99,,,,,
2026-01-06 03:26:43.485000+00:00,2026-01-06 03:26:44.837343+00:00,703.485,0.01,,0.01,0.99,0.99,,,,,
2026-01-06 03:26:45.841000+00:00,2026-01-06 03:26:45.865713+00:00,705.841,0.01,,0.01,0.99,0.99,,,,,
2026-01-06 03:26:46.460000+00:00,2026-01-06 03:26:47.901576+00:00,706.46,0.01,,0.01,0.99,0.99,,,,,
2026-01-06 03:26:48.466000+00:00,2026-01-06 03:26:48.933900+00:00,708.466,0.01,,0.01,0.99,0.99,,,,,
2026-01-06 03:26:49.918000+00:00,2026-01-06 03:26:49.956493+00:00,709.918,0.01,,0.01,0.99,0.99,,,,,
2026-01-06 03:26:50.969000+00:00,2026-01-06 03:26:50.977461+00:00,710.969,0.01,,0.01,0.99,0.99,,,,,
2026-01-06 03:26:51.839000+00:00,2026-01-06 03:26:51.990063+00:00,711.839,0.01,,0.01,0.99,0.99,,,,,
2026-01-06 03:26:52.886000+00:00,2026-01-06 03:26:52.983860+00:00,712.886,0.01,,0.01,0.99,0.99,,,,,
2026-01-06 03:26:53.468000+00:00,2026-01-06 03:26:54.015313+00:00,713.468,0.01,,0.01,0.99,0.99,,,,,
2026-01-06 03:26:55.005000+00:00,2026-01-06 03:26:55.022383+00:00,715.005,0.01,,0.01,0.99,0.99,,,,,
2026-01-06 03:26:56.601000+00:00,2026-01-06 03:26:57.505256+00:00,716.601,0.01,,0.01,0.99,0.99,,,,,
2026-01-06 03:26:58+00:00,2026-01-06 03:26:58.507219+00:00,718.0,0.01,,0.01,0.99,0.99,,,,,
2026-01-06 03:26:59.450000+00:00,2026-01-06 03:26:59.523382+00:00,719.45,0.01,,0.01,0.99,0.99,,,,,
2026-01-06 03:27:00.556000+00:00,2026-01-06 03:27:00.570366+00:00,720.556,0.01,,0.01,0.99,0.99,,,,,
2026-01-06 03:27:01.549000+00:00,2026-01-06 03:27:01.571423+00:00,721.549,0.01,,0.01,0.99,0.99,,,,,
2026-01-06 03:27:02.514000+00:00,2026-01-06 03:27:02.573408+00:00,722.514,0.01,,0.01,0.99,0.99,,,,,
2026-01-06 03:27:03.740000+00:00,2026-01-06 03:27:03.760751+00:00,723.74,0.01,,0.01,0.99,0.99,,,,,
2026-01-06 03:27:04.431000+00:00,2026-01-06 03:27:04.831774+00:00,724.431,0.01,,0.01,0.99,0.99,,,,,
2026-01-06 03:27:05.325000+00:00,2026-01-06 03:27:05.847881+00:00,725.325,0.01,,0.01,0.99,0.99,,,,,
2026-01-06 03:27:06.687000+00:00,2026-01-06 03:27:06.866261+00:00,726.687,0.01,,0.01,0.99,0.99,,,,,
2026-01-06 03:27:07.722000+00:00,2026-01-06 03:27:07.874054+00:00,727.722,0.01,,0.01,0.99,0.99,,,,,
2026-01-06 03:27:09.100000+00:00,2026-01-06 03:27:09.194641+00:00,729.1,0.01,,0.01,0.99,0.99,,,,,
2026-01-06 03:27:10.190000+00:00,2026-01-06 03:27:10.211699+00:00,730.19,0.01,,0.01,0.99,0.99,,,,,
2026-01-06 03:27:11.214000+00:00,2026-01-06 03:27:11.281084+00:00,731.214,0.02,,0.02,0.98,0.98,,,,,
2026-01-06 03:27:12.227000+00:00,2026-01-06 03:27:12.316072+00:00,732.227,0.01,,0.01,0.99,0.99,,,,,
2026-01-06 03:27:13.033000+00:00,2026-01-06 03:27:13.309112+00:00,733.033,0.01,,0.01,0.99,0.99,,,,,
