timestamp,collected_at,seconds,up_mid,up_best_bid,up_best_ask,down_mid,down_best_bid,down_best_ask,up_best_bid_size,up_best_ask_size,down_best_bid_size,down_best_ask_size,up_bid_2,up_bid_2_size,up_ask_2,up_ask_2_size,up_bid_3,up_bid_3_size,up_ask_3,up_ask_3_size,up_bid_4,up_bid_4_size,up_ask_4,up_ask_4_size,up_bid_5,up_bid_5_size,up_ask_5,up_ask_5_size,up_bid_6,up_bid_6_size,up_ask_6,up_ask_6_size,down_bid_2,down_bid_2_size,down_ask_2,down_ask_2_size,down_bid_3,down_bid_3_size,down_ask_3,down_ask_3_size,down_bid_4,down_bid_4_size,down_ask_4,down_ask_4_size,down_bid_5,down_bid_5_size,down_ask_5,down_ask_5_size,down_bid_6,down_bid_6_size,down_ask_6,down_ask_6_size
2026-01-07 08:45:00.199000+00:00,2026-01-07 08:44:57.922986+00:00,0.199,0.01,,0.01,0.99,0.99,,,8988.97,8988.97,,,,0.02,38.76,,,0.03,98.37,,,0.04,1887.58,,,0.05,260.26,,,0.06,40.0,0.98,38.76,,,0.97,98.37,,,0.96,1887.58,,,0.95,260.26,,,0.94,40.0,,
2026-01-07 08:45:01.396000+00:00,2026-01-07 08:44:58.944849+00:00,1.396,0.01,,0.01,0.99,0.99,,,182246.28,190246.28,,,,0.02,38.76,,,0.03,93.37,,,0.04,1944.58,,,0.05,260.26,,,0.06,40.0,0.98,38.76,,,0.97,93.37,,,0.96,1944.58,,,0.95,260.26,,,0.94,40.0,,
2026-01-07 08:45:02.281000+00:00,2026-01-07 08:44:59.955179+00:00,2.281,0.01,,0.01,0.99,0.99,,,195256.28,195256.28,,,,0.02,38.76,,,0.03,93.37,,,0.04,1939.58,,,0.05,68.57,,,0.06,40.0,0.98,38.76,,,0.97,93.37,,,0.96,1939.58,,,0.95,68.57,,,0.94,40.0,,
2026-01-07 08:45:03.470000+00:00,2026-01-07 08:45:00.959351+00:00,3.47,0.535,0.53,0.54,0.46499999999999997,0.46,0.47,1061.26,273.0,394.0,819.26,0.52,748.75,0.55,249.0,0.51,426.48,0.56,326.06,0.5,891.01,0.6,50.0,0.49,225.34,0.65,35.0,0.48,5.39,0.67,52.0,0.45,188.0,0.48,738.75,0.44,383.06,0.49,426.48,0.4,50.0,0.5,891.01,0.35,35.0,0.51,225.34,0.33,52.0,0.52,5.39
2026-01-07 08:45:04.466000+00:00,2026-01-07 08:45:01.968062+00:00,4.466,0.535,0.53,0.54,0.46499999999999997,0.46,0.47,846.26,407.62,422.62,876.26,0.52,738.75,0.55,188.0,0.51,426.48,0.56,383.06,0.5,891.01,0.6,50.0,0.49,225.34,0.65,47.98,0.48,5.39,0.66,12.03,0.45,244.0,0.48,738.75,0.44,341.06,0.49,426.48,0.4,50.0,0.5,891.01,0.38,15.0,0.51,225.34,0.35,47.98,0.52,5.39
2026-01-07 08:45:05.446000+00:00,2026-01-07 08:45:02.974931+00:00,5.446,0.535,0.53,0.54,0.46499999999999997,0.46,0.47,708.16,459.62,459.62,708.16,0.52,765.75,0.55,195.0,0.51,426.48,0.56,341.06,0.5,891.01,0.57,58.0,0.49,275.34,0.6,50.0,0.48,65.39,0.62,15.0,0.45,195.0,0.48,765.75,0.44,341.06,0.49,426.48,0.43,58.0,0.5,891.01,0.4,50.0,0.51,275.34,0.38,15.0,0.52,65.39
2026-01-07 08:45:06.490000+00:00,2026-01-07 08:45:03.989248+00:00,6.49,0.535,0.53,0.54,0.46499999999999997,0.46,0.47,490.17,494.62,494.62,439.1,0.52,765.75,0.55,326.0,0.51,426.48,0.56,376.06,0.5,956.01,0.57,35.0,0.49,300.34,0.58,35.0,0.48,50.39,0.6,65.0,0.45,326.0,0.48,765.75,0.44,433.06,0.49,426.48,0.43,35.0,0.5,956.01,0.42,35.0,0.51,300.34,0.4,65.0,0.52,55.39
2026-01-07 08:45:07.485000+00:00,2026-01-07 08:45:04.995006+00:00,7.485,0.535,0.53,0.54,0.46499999999999997,0.46,0.47,311.96,479.99,479.99,258.61,0.52,765.75,0.55,326.0,0.51,461.48,0.56,433.06,0.5,966.01,0.57,35.0,0.49,270.34,0.58,35.0,0.48,55.39,0.6,65.0,0.45,326.0,0.48,765.75,0.44,433.06,0.49,476.48,0.43,35.0,0.5,966.01,0.42,35.0,0.51,270.34,0.4,65.0,0.52,55.39
2026-01-07 08:45:08.489000+00:00,2026-01-07 08:45:06.016814+00:00,8.489,0.535,0.53,0.54,0.46499999999999997,0.46,0.47,275.26,486.85,479.85,270.26,0.52,835.75,0.55,396.0,0.51,541.48,0.56,431.06,0.5,1021.01,0.57,163.0,0.49,350.34,0.58,105.0,0.48,125.39,0.59,70.0,0.45,396.0,0.48,855.75,0.44,431.06,0.49,556.48,0.43,163.0,0.5,1036.01,0.42,105.0,0.51,350.34,0.41,70.0,0.52,125.39
2026-01-07 08:45:09.449000+00:00,2026-01-07 08:45:07.021282+00:00,9.449,0.535,0.53,0.54,0.46499999999999997,0.46,0.47,230.26,469.85,469.85,230.26,0.52,850.75,0.55,396.0,0.51,576.48,0.56,552.06,0.5,1021.01,0.57,467.0,0.49,350.34,0.58,226.0,0.48,125.39,0.59,191.0,0.45,396.0,0.48,870.75,0.44,409.0,0.49,556.48,0.43,467.0,0.5,1021.01,0.42,226.0,0.51,350.34,0.41,191.0,0.52,125.39
2026-01-07 08:45:10.507000+00:00,2026-01-07 08:45:08.042740+00:00,10.507,0.535,0.53,0.54,0.46499999999999997,0.46,0.47,230.26,464.85,464.85,218.26,0.52,950.75,0.55,456.0,0.51,556.48,0.56,429.0,0.5,1021.01,0.57,409.0,0.49,260.34,0.58,286.0,0.48,125.39,0.59,191.0,0.45,456.0,0.48,965.75,0.44,429.0,0.49,556.48,0.43,409.0,0.5,1021.01,0.42,286.0,0.51,260.34,0.41,191.0,0.52,125.39
2026-01-07 08:45:11.561000+00:00,2026-01-07 08:45:09.047715+00:00,11.561,0.535,0.53,0.54,0.46499999999999997,0.46,0.47,202.3,524.85,558.85,202.3,0.52,835.75,0.55,452.0,0.51,496.48,0.56,409.0,0.5,1041.01,0.57,409.0,0.49,215.34,0.58,226.0,0.48,110.39,0.59,191.0,0.45,396.0,0.48,828.75,0.44,409.0,0.49,496.48,0.43,409.0,0.5,961.01,0.42,226.0,0.51,215.34,0.41,191.0,0.52,220.39
2026-01-07 08:45:12.565000+00:00,2026-01-07 08:45:10.051122+00:00,12.565,0.525,0.52,0.53,0.475,0.47,0.48,624.58,340.7,340.7,624.58,0.51,496.48,0.54,453.85,0.5,961.01,0.55,421.0,0.49,325.17,0.56,409.0,0.48,195.39,0.57,409.0,0.47,130.0,0.58,191.0,0.46,453.85,0.49,496.48,0.45,421.0,0.5,961.01,0.44,409.0,0.51,335.17,0.43,409.0,0.52,175.39,0.42,191.0,0.53,130.0
2026-01-07 08:45:13.561000+00:00,2026-01-07 08:45:11.057789+00:00,13.561,0.525,0.52,0.53,0.475,0.47,0.48,616.03,345.7,355.7,609.03,0.51,516.48,0.54,407.85,0.5,1016.01,0.55,487.0,0.49,315.17,0.56,409.0,0.48,140.39,0.57,409.0,0.47,115.0,0.58,191.0,0.46,407.85,0.49,516.48,0.45,487.0,0.5,1046.01,0.44,409.0,0.51,305.17,0.43,409.0,0.52,140.39,0.42,191.0,0.53,115.0
2026-01-07 08:45:14.552000+00:00,2026-01-07 08:45:12.061761+00:00,14.552,0.525,0.52,0.53,0.475,0.47,0.48,609.03,315.7,315.7,614.03,0.51,573.48,0.54,437.85,0.5,1021.01,0.55,490.0,0.49,295.17,0.56,419.0,0.48,140.39,0.57,409.0,0.47,115.0,0.58,191.0,0.46,437.85,0.49,573.48,0.45,490.0,0.5,1036.01,0.44,419.0,0.51,287.04,0.43,409.0,0.52,140.39,0.42,191.0,0.53,115.0
2026-01-07 08:45:15.487000+00:00,2026-01-07 08:45:13.070288+00:00,15.487,0.525,0.52,0.53,0.475,0.47,0.48,679.03,315.7,300.7,669.03,0.51,598.47,0.54,387.85,0.5,1021.01,0.55,414.0,0.49,272.04,0.56,479.0,0.48,125.39,0.57,477.0,0.47,115.0,0.58,191.0,0.46,387.85,0.49,598.47,0.45,414.0,0.5,1021.01,0.44,479.0,0.51,272.04,0.43,477.0,0.52,125.39,0.42,191.0,0.53,115.0
2026-01-07 08:45:16.598000+00:00,2026-01-07 08:45:14.090846+00:00,16.598,0.525,0.52,0.53,0.475,0.47,0.48,601.03,300.7,300.7,586.03,0.51,658.47,0.54,387.85,0.5,1021.01,0.55,474.0,0.49,272.04,0.56,429.0,0.48,125.39,0.57,467.0,0.47,115.0,0.58,191.0,0.46,387.85,0.49,658.47,0.45,474.0,0.5,1021.01,0.44,429.0,0.51,272.04,0.43,467.0,0.52,125.39,0.42,191.0,0.53,115.0
2026-01-07 08:45:17.563000+00:00,2026-01-07 08:45:15.105995+00:00,17.563,0.525,0.52,0.53,0.475,0.47,0.48,586.03,270.7,270.7,601.03,0.51,658.47,0.54,387.85,0.5,1006.01,0.55,474.0,0.49,287.04,0.56,429.0,0.48,210.39,0.57,467.0,0.47,115.0,0.58,191.0,0.46,387.85,0.49,658.47,0.45,474.0,0.5,1021.01,0.44,429.0,0.51,272.04,0.43,467.0,0.52,210.39,0.42,191.0,0.53,115.0
2026-01-07 08:45:18.626000+00:00,2026-01-07 08:45:16.112057+00:00,18.626,0.525,0.52,0.53,0.475,0.47,0.48,598.0,265.7,265.7,590.0,0.51,668.47,0.54,397.85,0.5,1021.01,0.55,484.0,0.49,272.04,0.56,409.0,0.48,210.39,0.57,467.0,0.47,115.0,0.58,191.0,0.46,397.85,0.49,668.47,0.45,484.0,0.5,1021.01,0.44,409.0,0.51,272.04,0.43,467.0,0.52,210.39,0.42,191.0,0.53,115.0
2026-01-07 08:45:19.605000+00:00,2026-01-07 08:45:17.119259+00:00,19.605,0.525,0.52,0.53,0.475,0.47,0.48,580.0,265.7,265.7,580.0,0.51,678.47,0.54,447.85,0.5,1006.01,0.55,434.0,0.49,287.04,0.56,409.0,0.48,215.39,0.57,467.0,0.47,115.0,0.58,191.0,0.46,447.85,0.49,678.47,0.45,434.0,0.5,1006.01,0.44,466.0,0.51,287.04,0.43,409.0,0.52,215.39,0.42,191.0,0.53,115.0
2026-01-07 08:45:20.622000+00:00,2026-01-07 08:45:18.126694+00:00,20.622,0.525,0.52,0.53,0.475,0.47,0.48,568.5,265.7,265.7,568.5,0.51,671.47,0.54,447.85,0.5,1006.01,0.55,434.0,0.49,287.04,0.56,409.0,0.48,215.39,0.57,467.0,0.47,115.0,0.58,191.0,0.46,447.85,0.49,678.47,0.45,434.0,0.5,1006.01,0.44,409.0,0.51,287.04,0.43,467.0,0.52,215.39,0.42,191.0,0.53,115.0
2026-01-07 08:45:21.290000+00:00,2026-01-07 08:45:19.133102+00:00,21.29,0.525,0.52,0.53,0.475,0.47,0.48,568.5,260.7,260.7,568.5,0.51,683.47,0.54,452.85,0.5,1006.01,0.55,434.0,0.49,287.04,0.56,466.0,0.48,215.39,0.57,409.0,0.47,115.0,0.58,191.0,0.46,452.85,0.49,683.47,0.45,434.0,0.5,1006.01,0.44,466.0,0.51,287.04,0.43,409.0,0.52,215.39,0.42,191.0,0.53,115.0
2026-01-07 08:45:22.640000+00:00,2026-01-07 08:45:20.140961+00:00,22.64,0.525,0.52,0.53,0.475,0.47,0.48,568.5,260.7,260.7,583.5,0.51,683.47,0.54,452.85,0.5,1021.01,0.55,434.0,0.49,272.04,0.56,466.0,0.48,215.39,0.57,409.0,0.47,115.0,0.58,191.0,0.46,452.85,0.49,683.47,0.45,434.0,0.5,1021.01,0.44,466.0,0.51,272.04,0.43,409.0,0.52,215.39,0.42,191.0,0.53,115.0
2026-01-07 08:45:23.521000+00:00,2026-01-07 08:45:21.148194+00:00,23.521,0.525,0.52,0.53,0.475,0.47,0.48,562.81,260.7,255.7,562.81,0.51,683.47,0.54,452.85,0.5,1021.01,0.55,434.0,0.49,272.04,0.56,466.0,0.48,337.39,0.57,409.0,0.47,237.0,0.58,191.0,0.46,452.85,0.49,683.47,0.45,434.0,0.5,1021.01,0.44,466.0,0.51,272.04,0.43,409.0,0.52,337.39,0.42,313.0,0.53,237.0
2026-01-07 08:45:24.618000+00:00,2026-01-07 08:45:22.152691+00:00,24.618,0.525,0.52,0.53,0.475,0.47,0.48,546.74,190.0,190.0,561.74,0.51,683.47,0.54,331.85,0.5,1021.01,0.55,434.0,0.49,272.04,0.56,466.0,0.48,398.39,0.57,409.0,0.47,298.0,0.58,374.0,0.46,331.85,0.49,683.47,0.45,434.0,0.5,1021.01,0.44,466.0,0.51,272.04,0.43,409.0,0.52,398.39,0.42,374.0,0.53,298.0
2026-01-07 08:45:25.674000+00:00,2026-01-07 08:45:23.156366+00:00,25.674,0.525,0.52,0.53,0.475,0.47,0.48,551.74,190.0,190.0,551.74,0.51,683.47,0.54,331.85,0.5,1021.01,0.55,434.0,0.49,272.04,0.56,409.0,0.48,398.39,0.57,467.0,0.47,298.0,0.58,374.0,0.46,331.85,0.49,683.47,0.45,434.0,0.5,1021.01,0.44,409.0,0.51,272.04,0.43,467.0,0.52,398.39,0.42,374.0,0.53,298.0
2026-01-07 08:45:26.424000+00:00,2026-01-07 08:45:24.177868+00:00,26.424,0.525,0.52,0.53,0.475,0.47,0.48,549.38,185.0,185.0,549.38,0.51,683.47,0.54,331.85,0.5,1021.01,0.55,434.0,0.49,272.04,0.56,409.0,0.48,398.39,0.57,467.0,0.47,298.0,0.58,374.0,0.46,331.85,0.49,683.47,0.45,434.0,0.5,1021.01,0.44,409.0,0.51,272.04,0.43,467.0,0.52,398.39,0.42,374.0,0.53,298.0
2026-01-07 08:45:27.587000+00:00,2026-01-07 08:45:25.185148+00:00,27.587,0.525,0.52,0.53,0.475,0.47,0.48,554.38,190.0,281.7,549.38,0.51,676.47,0.54,331.85,0.5,1021.01,0.55,434.0,0.49,272.04,0.56,409.0,0.48,398.39,0.57,467.0,0.47,298.0,0.58,374.0,0.46,331.85,0.49,683.47,0.45,434.0,0.5,1021.01,0.44,409.0,0.51,272.04,0.43,467.0,0.52,398.39,0.42,374.0,0.53,298.0
2026-01-07 08:45:28.680000+00:00,2026-01-07 08:45:26.192254+00:00,28.68,0.525,0.52,0.53,0.475,0.47,0.48,642.02,170.9,125.0,642.02,0.51,648.48,0.54,265.68,0.5,1021.01,0.55,434.0,0.49,455.04,0.56,409.0,0.48,398.39,0.57,409.0,0.47,298.0,0.58,374.0,0.46,302.78,0.49,648.48,0.45,434.0,0.5,1021.01,0.44,409.0,0.51,455.04,0.43,409.0,0.52,398.39,0.42,374.0,0.53,298.0
2026-01-07 08:45:29.731000+00:00,2026-01-07 08:45:27.215850+00:00,29.731,0.525,0.52,0.53,0.475,0.47,0.48,674.97,110.56,264.0,749.97,0.51,573.48,0.54,161.6,0.5,1006.01,0.55,414.0,0.49,455.04,0.56,511.0,0.48,398.39,0.57,444.0,0.47,328.0,0.58,374.0,0.46,155.42,0.49,675.48,0.45,464.0,0.5,1128.01,0.44,504.0,0.51,455.04,0.43,482.0,0.52,429.39,0.42,374.0,0.53,419.0
2026-01-07 08:45:30.677000+00:00,2026-01-07 08:45:28.223251+00:00,30.677,0.525,0.52,0.53,0.475,0.47,0.48,749.97,174.0,174.0,744.97,0.51,736.48,0.54,245.42,0.5,1189.01,0.55,165.0,0.49,545.04,0.56,200.0,0.48,464.39,0.57,482.0,0.47,429.0,0.58,374.0,0.46,245.42,0.49,736.48,0.45,165.0,0.5,1189.01,0.44,200.0,0.51,545.04,0.43,482.0,0.52,464.39,0.42,374.0,0.53,429.0
2026-01-07 08:45:31.762000+00:00,2026-01-07 08:45:29.244792+00:00,31.762,0.535,0.53,0.54,0.46499999999999997,0.46,0.47,9935.99,265.42,265.42,9935.99,0.52,684.97,0.55,145.0,0.51,731.48,0.56,200.0,0.5,1189.01,0.57,424.0,0.49,545.04,0.58,469.0,0.48,464.39,0.59,374.0,0.45,145.0,0.48,684.97,0.44,200.0,0.49,731.48,0.43,424.0,0.5,1189.01,0.42,469.0,0.51,545.04,0.41,374.0,0.52,464.39
2026-01-07 08:45:32.578000+00:00,2026-01-07 08:45:30.253394+00:00,32.578,0.535,0.53,0.54,0.46499999999999997,0.46,0.47,9957.99,280.42,280.42,9957.99,0.52,662.97,0.55,165.0,0.51,724.48,0.56,210.0,0.5,1189.01,0.57,482.0,0.49,545.04,0.58,409.0,0.48,464.39,0.59,374.0,0.45,165.0,0.48,662.97,0.44,210.0,0.49,724.48,0.43,482.0,0.5,1189.01,0.42,409.0,0.51,545.04,0.41,374.0,0.52,464.39
2026-01-07 08:45:33.777000+00:00,2026-01-07 08:45:31.263369+00:00,33.777,0.535,0.53,0.54,0.46499999999999997,0.46,0.47,9945.99,284.42,284.42,9945.99,0.52,669.97,0.55,200.0,0.51,541.48,0.56,373.0,0.5,1189.01,0.57,482.0,0.49,545.04,0.58,374.0,0.48,464.39,0.59,374.0,0.45,200.0,0.48,669.97,0.44,373.0,0.49,541.48,0.43,482.0,0.5,1189.01,0.42,409.0,0.51,545.04,0.41,374.0,0.52,464.39
2026-01-07 08:45:34.769000+00:00,2026-01-07 08:45:32.271180+00:00,34.769,0.535,0.53,0.54,0.46499999999999997,0.46,0.47,9930.99,261.59,261.59,9930.99,0.52,669.97,0.55,190.0,0.51,541.48,0.56,373.0,0.5,1189.01,0.57,482.0,0.49,545.04,0.58,409.0,0.48,464.39,0.59,374.0,0.45,197.0,0.48,669.97,0.44,373.0,0.49,541.48,0.43,482.0,0.5,1189.01,0.42,409.0,0.51,545.04,0.41,374.0,0.52,464.39
2026-01-07 08:45:35.776000+00:00,2026-01-07 08:45:33.294172+00:00,35.776,0.535,0.53,0.54,0.46499999999999997,0.46,0.47,10080.99,261.59,261.59,10080.99,0.52,584.97,0.55,22.0,0.51,724.48,0.56,75.0,0.5,1189.01,0.57,331.0,0.49,580.04,0.58,469.0,0.48,439.39,0.59,374.0,0.45,22.0,0.48,584.97,0.44,75.0,0.49,724.48,0.43,331.0,0.5,1189.01,0.42,469.0,0.51,580.04,0.41,374.0,0.52,439.39
2026-01-07 08:45:36.754000+00:00,2026-01-07 08:45:34.302159+00:00,36.754,0.535,0.53,0.54,0.46499999999999997,0.46,0.47,10015.99,256.59,256.59,10015.99,0.52,644.97,0.55,52.0,0.51,724.48,0.56,130.0,0.5,1189.01,0.57,271.0,0.49,580.04,0.58,469.0,0.48,439.39,0.59,374.0,0.45,52.0,0.48,644.97,0.44,150.0,0.49,724.48,0.43,271.0,0.5,1189.01,0.42,469.0,0.51,580.04,0.41,374.0,0.52,439.39
2026-01-07 08:45:37.815000+00:00,2026-01-07 08:45:35.309806+00:00,37.815,0.535,0.53,0.54,0.46499999999999997,0.46,0.47,10015.99,166.59,166.59,10015.99,0.52,644.97,0.55,52.0,0.51,724.48,0.56,150.0,0.5,1189.01,0.57,271.0,0.49,580.04,0.58,469.0,0.48,439.39,0.59,374.0,0.45,142.0,0.48,644.97,0.44,150.0,0.49,724.48,0.43,271.0,0.5,1189.01,0.42,469.0,0.51,580.04,0.41,374.0,0.52,439.39
2026-01-07 08:45:38.781000+00:00,2026-01-07 08:45:36.317892+00:00,38.781,0.535,0.53,0.54,0.46499999999999997,0.46,0.47,10012.96,166.59,161.59,10012.96,0.52,644.97,0.55,142.0,0.51,724.48,0.56,150.0,0.5,1189.01,0.57,271.0,0.49,580.04,0.58,469.0,0.48,439.39,0.59,374.0,0.45,142.0,0.48,644.97,0.44,150.0,0.49,724.48,0.43,271.0,0.5,1189.01,0.42,469.0,0.51,580.04,0.41,374.0,0.52,439.39
2026-01-07 08:45:39.831000+00:00,2026-01-07 08:45:37.309253+00:00,39.831,0.535,0.53,0.54,0.46499999999999997,0.46,0.47,10012.96,146.59,158.59,10012.96,0.52,644.97,0.55,212.0,0.51,724.48,0.56,220.0,0.5,1189.01,0.57,271.0,0.49,580.04,0.58,469.0,0.48,663.39,0.59,374.0,0.45,212.0,0.48,644.97,0.44,220.0,0.49,724.48,0.43,271.0,0.5,1189.01,0.42,469.0,0.51,580.04,0.41,374.0,0.52,663.39
2026-01-07 08:45:40.781000+00:00,2026-01-07 08:45:38.318568+00:00,40.781,0.535,0.53,0.54,0.46499999999999997,0.46,0.47,9987.96,158.59,158.59,9987.96,0.52,659.97,0.55,227.0,0.51,724.48,0.56,210.0,0.5,1189.01,0.57,271.0,0.49,580.04,0.58,469.0,0.48,663.39,0.59,374.0,0.45,167.0,0.48,669.97,0.44,190.0,0.49,724.48,0.43,271.0,0.5,1189.01,0.42,469.0,0.51,580.04,0.41,374.0,0.52,663.39
2026-01-07 08:45:41.803000+00:00,2026-01-07 08:45:39.326548+00:00,41.803,0.535,0.53,0.54,0.46499999999999997,0.46,0.47,9987.96,243.59,153.59,10042.96,0.52,639.97,0.55,182.0,0.51,724.48,0.56,190.0,0.5,1189.01,0.57,271.0,0.49,580.04,0.58,469.0,0.48,658.0,0.59,374.0,0.45,92.0,0.48,589.97,0.44,200.0,0.49,724.48,0.43,281.0,0.5,1189.01,0.42,469.0,0.51,580.04,0.41,374.0,0.52,658.0
2026-01-07 08:45:42.731000+00:00,2026-01-07 08:45:40.329681+00:00,42.731,0.535,0.53,0.54,0.46499999999999997,0.46,0.47,10037.96,153.59,153.59,10057.93,0.52,589.97,0.55,92.0,0.51,724.48,0.56,320.0,0.5,1279.01,0.57,291.0,0.49,490.04,0.58,409.0,0.48,658.0,0.59,435.0,0.45,92.0,0.48,574.97,0.44,270.0,0.49,724.48,0.43,311.0,0.5,1279.01,0.42,409.0,0.51,490.04,0.41,435.0,0.52,658.0
2026-01-07 08:45:43.850000+00:00,2026-01-07 08:45:41.336712+00:00,43.85,0.535,0.53,0.54,0.455,0.45,0.46,10002.93,132.55,61.5,65.0,0.52,737.97,0.55,22.0,0.51,759.48,0.56,195.0,0.5,1289.01,0.57,210.0,0.49,611.04,0.58,494.0,0.48,488.99,0.59,435.0,0.44,195.0,0.47,9977.93,0.43,210.0,0.48,737.97,0.42,494.0,0.49,759.48,0.41,435.0,0.5,1289.01,0.4,439.0,0.51,611.04
2026-01-07 08:45:44.811000+00:00,2026-01-07 08:45:42.345421+00:00,44.811,0.545,0.54,0.55,0.455,0.45,0.46,115.0,98.5,98.5,110.0,0.53,9992.93,0.56,170.0,0.52,765.97,0.57,245.0,0.51,734.48,0.58,534.0,0.5,1314.01,0.59,409.0,0.49,611.04,0.6,439.0,0.44,170.0,0.47,9992.93,0.43,245.0,0.48,765.97,0.42,534.0,0.49,734.48,0.41,409.0,0.5,1314.01,0.4,439.0,0.51,611.04
2026-01-07 08:45:45.719000+00:00,2026-01-07 08:45:43.353593+00:00,45.719,0.545,0.54,0.55,0.455,0.45,0.46,110.0,86.1,86.1,110.0,0.53,9997.93,0.56,222.0,0.52,740.97,0.57,225.0,0.51,734.48,0.58,454.0,0.5,1314.01,0.59,470.0,0.49,611.04,0.6,439.0,0.44,222.0,0.47,9997.93,0.43,225.0,0.48,740.97,0.42,454.0,0.49,734.48,0.41,470.0,0.5,1314.01,0.4,439.0,0.51,611.04
2026-01-07 08:45:46.800000+00:00,2026-01-07 08:45:44.358562+00:00,46.8,0.545,0.54,0.55,0.455,0.45,0.46,106.91,84.8,189.8,15.0,0.53,9997.93,0.56,302.0,0.52,730.98,0.57,190.0,0.51,734.48,0.58,454.0,0.5,1314.01,0.59,470.0,0.49,611.04,0.6,439.0,0.44,287.0,0.47,10037.93,0.43,170.0,0.48,745.98,0.42,454.0,0.49,734.48,0.41,470.0,0.5,1314.01,0.4,439.0,0.51,611.04
2026-01-07 08:45:47.800000+00:00,2026-01-07 08:45:45.361811+00:00,47.8,0.54,0.53,0.55,0.46499999999999997,0.46,0.47,9982.93,204.8,227.0,9832.93,0.52,760.98,0.56,270.0,0.51,799.48,0.57,150.0,0.5,1314.01,0.58,454.0,0.49,835.04,0.59,470.0,0.48,444.0,0.6,439.0,0.45,408.8,0.48,595.98,0.44,220.0,0.49,629.48,0.43,150.0,0.5,1164.01,0.42,454.0,0.51,461.04,0.41,374.0,0.52,329.0
2026-01-07 08:45:48.888000+00:00,2026-01-07 08:45:46.369250+00:00,48.888,0.535,0.53,0.54,0.46499999999999997,0.46,0.47,8112.6,594.0,594.0,7675.6,0.52,402.98,0.55,443.0,0.51,426.48,0.56,419.0,0.5,891.01,0.57,477.0,0.49,145.34,0.58,419.0,0.48,5.0,0.59,374.0,0.45,441.0,0.48,402.98,0.44,419.0,0.49,426.48,0.43,477.0,0.5,891.01,0.42,419.0,0.51,145.34,0.41,374.0,0.52,5.0
2026-01-07 08:45:49.753000+00:00,2026-01-07 08:45:47.380152+00:00,49.753,0.535,0.53,0.54,0.46499999999999997,0.46,0.47,5943.52,660.0,655.0,5729.05,0.52,402.98,0.55,441.0,0.51,426.48,0.56,419.0,0.5,891.01,0.57,419.0,0.49,145.34,0.58,419.0,0.48,5.0,0.59,374.0,0.45,441.0,0.48,402.98,0.44,419.0,0.49,426.48,0.43,419.0,0.5,891.01,0.42,419.0,0.51,145.34,0.41,374.0,0.52,5.0
2026-01-07 08:45:50.829000+00:00,2026-01-07 08:45:48.388593+00:00,50.829,0.535,0.53,0.54,0.46499999999999997,0.46,0.47,5664.7,640.0,640.0,5659.5,0.52,402.98,0.55,441.0,0.51,426.48,0.56,419.0,0.5,891.01,0.57,419.0,0.49,145.34,0.58,419.0,0.48,5.0,0.59,374.0,0.45,441.0,0.48,402.98,0.44,419.0,0.49,426.48,0.43,419.0,0.5,891.01,0.42,419.0,0.51,145.34,0.41,374.0,0.52,5.0
2026-01-07 08:45:51.896000+00:00,2026-01-07 08:45:49.392708+00:00,51.896,0.535,0.53,0.54,0.46499999999999997,0.46,0.47,5653.8,640.0,601.0,5653.8,0.52,557.98,0.55,441.0,0.51,496.48,0.56,419.0,0.5,981.01,0.57,419.0,0.49,235.34,0.58,419.0,0.48,75.0,0.59,374.0,0.45,441.0,0.48,407.98,0.44,419.0,0.49,496.48,0.43,419.0,0.5,981.01,0.42,419.0,0.51,235.34,0.41,374.0,0.52,95.0
2026-01-07 08:45:52.909000+00:00,2026-01-07 08:45:50.403282+00:00,52.909,0.535,0.53,0.54,0.46499999999999997,0.46,0.47,5270.98,650.0,635.0,5270.98,0.52,407.98,0.55,441.0,0.51,426.48,0.56,419.0,0.5,901.01,0.57,419.0,0.49,175.34,0.58,419.0,0.48,5.0,0.59,374.0,0.45,441.0,0.48,407.98,0.44,419.0,0.49,426.48,0.43,419.0,0.5,901.01,0.42,419.0,0.51,175.34,0.41,374.0,0.52,5.0
2026-01-07 08:45:53.887000+00:00,2026-01-07 08:45:51.395296+00:00,53.887,0.535,0.53,0.54,0.46499999999999997,0.46,0.47,5029.33,665.0,665.0,4998.45,0.52,407.98,0.55,441.0,0.51,446.48,0.56,449.0,0.5,921.01,0.57,419.0,0.49,155.34,0.58,419.0,0.48,5.0,0.59,374.0,0.45,441.0,0.48,407.98,0.44,449.0,0.49,446.48,0.43,419.0,0.5,921.01,0.42,419.0,0.51,155.34,0.41,374.0,0.52,5.0
2026-01-07 08:45:54.815000+00:00,2026-01-07 08:45:52.417698+00:00,54.815,0.535,0.53,0.54,0.46499999999999997,0.46,0.47,4874.85,675.0,621.0,4874.85,0.52,407.98,0.55,434.0,0.51,406.48,0.56,449.0,0.5,921.01,0.57,419.0,0.49,155.34,0.58,419.0,0.48,5.0,0.59,374.0,0.45,434.0,0.48,407.98,0.44,449.0,0.49,406.48,0.43,419.0,0.5,921.01,0.42,419.0,0.51,155.34,0.41,374.0,0.52,5.0
2026-01-07 08:45:55.906000+00:00,2026-01-07 08:45:53.426620+00:00,55.906,0.535,0.53,0.54,0.46499999999999997,0.46,0.47,4894.85,633.0,613.0,4894.85,0.52,557.98,0.55,431.0,0.51,476.48,0.56,439.0,0.5,991.01,0.57,429.0,0.49,215.34,0.58,419.0,0.48,75.0,0.59,374.0,0.45,431.0,0.48,557.98,0.44,439.0,0.49,466.48,0.43,429.0,0.5,971.01,0.42,419.0,0.51,215.34,0.41,374.0,0.52,75.0
2026-01-07 08:45:56.964000+00:00,2026-01-07 08:45:54.448997+00:00,56.964,0.535,0.53,0.54,0.46499999999999997,0.46,0.47,4844.4,595.0,595.0,4808.66,0.52,607.98,0.55,461.0,0.51,456.48,0.56,459.0,0.5,961.01,0.57,419.0,0.49,215.34,0.58,419.0,0.48,75.0,0.59,384.0,0.45,461.0,0.48,607.98,0.44,459.0,0.49,456.48,0.43,419.0,0.5,961.01,0.42,419.0,0.51,215.34,0.41,384.0,0.52,75.0
2026-01-07 08:45:57.919000+00:00,2026-01-07 08:45:55.454406+00:00,57.919,0.535,0.53,0.54,0.46499999999999997,0.46,0.47,4558.45,595.0,595.0,4558.45,0.52,607.98,0.55,461.0,0.51,456.48,0.56,459.0,0.5,961.01,0.57,419.0,0.49,215.34,0.58,419.0,0.48,75.0,0.59,384.0,0.45,471.0,0.48,607.98,0.44,449.0,0.49,456.48,0.43,419.0,0.5,961.01,0.42,419.0,0.51,215.34,0.41,384.0,0.52,75.0
2026-01-07 08:45:58.953000+00:00,2026-01-07 08:45:56.444788+00:00,58.953,0.535,0.53,0.54,0.46499999999999997,0.46,0.47,4545.1,590.0,590.0,4510.1,0.52,607.98,0.55,471.0,0.51,471.48,0.56,464.0,0.5,961.01,0.57,419.0,0.49,215.34,0.58,419.0,0.48,75.0,0.59,384.0,0.45,471.0,0.48,607.98,0.44,464.0,0.49,471.48,0.43,419.0,0.5,961.01,0.42,419.0,0.51,215.34,0.41,384.0,0.52,75.0
2026-01-07 08:46:00.921000+00:00,2026-01-07 08:45:58.454069+00:00,60.921,0.535,0.53,0.54,0.46499999999999997,0.46,0.47,4337.02,590.0,590.0,4337.02,0.52,557.98,0.55,361.0,0.51,471.48,0.56,364.0,0.5,961.01,0.57,449.0,0.49,123.34,0.58,459.0,0.48,75.0,0.59,384.0,0.45,361.0,0.48,557.98,0.44,364.0,0.49,471.48,0.43,449.0,0.5,961.01,0.42,459.0,0.51,123.34,0.41,384.0,0.52,75.0
2026-01-07 08:46:01.944000+00:00,2026-01-07 08:45:59.460678+00:00,61.944,0.535,0.53,0.54,0.46499999999999997,0.46,0.47,3949.55,520.0,520.0,3764.74,0.52,577.98,0.55,361.0,0.51,471.48,0.56,384.0,0.5,961.01,0.57,439.0,0.49,123.34,0.58,459.0,0.48,75.0,0.59,374.0,0.45,361.0,0.48,577.98,0.44,384.0,0.49,471.48,0.43,439.0,0.5,961.01,0.42,459.0,0.51,123.34,0.41,374.0,0.52,75.0
2026-01-07 08:46:02.914000+00:00,2026-01-07 08:46:00.465335+00:00,62.914,0.535,0.53,0.54,0.46499999999999997,0.46,0.47,3800.03,520.0,466.0,3795.03,0.52,577.98,0.55,361.0,0.51,471.48,0.56,384.0,0.5,961.01,0.57,479.0,0.49,123.34,0.58,419.0,0.48,75.0,0.59,374.0,0.45,361.0,0.48,487.98,0.44,384.0,0.49,471.48,0.43,399.0,0.5,961.01,0.42,349.0,0.51,111.7,0.41,304.0,0.52,75.0
2026-01-07 08:46:03.984000+00:00,2026-01-07 08:46:01.487981+00:00,63.984,0.535,0.53,0.54,0.46499999999999997,0.46,0.47,3311.31,355.44,355.44,3341.31,0.52,477.98,0.55,240.0,0.51,506.48,0.56,364.0,0.5,971.01,0.57,349.0,0.49,268.7,0.58,409.0,0.48,232.0,0.59,324.0,0.45,57.0,0.48,477.98,0.44,243.0,0.49,506.48,0.43,349.0,0.5,971.01,0.42,409.0,0.51,329.7,0.41,324.0,0.52,293.0
2026-01-07 08:46:05.021000+00:00,2026-01-07 08:46:02.496756+00:00,65.021,0.535,0.53,0.54,0.46499999999999997,0.46,0.47,3391.31,61.44,61.44,3311.31,0.52,477.98,0.55,57.0,0.51,506.48,0.56,60.0,0.5,971.01,0.57,228.0,0.49,378.7,0.58,349.0,0.48,293.0,0.59,344.0,0.45,57.0,0.48,477.98,0.44,60.0,0.49,506.48,0.43,228.0,0.5,971.01,0.42,349.0,0.51,378.7,0.41,354.0,0.52,293.0
2026-01-07 08:46:06.995000+00:00,2026-01-07 08:46:04.506191+00:00,66.995,0.535,0.53,0.54,0.46499999999999997,0.46,0.47,3364.99,56.44,56.44,3370.79,0.52,557.98,0.55,97.0,0.51,506.48,0.56,170.0,0.5,971.01,0.57,298.0,0.49,329.7,0.58,479.0,0.48,293.0,0.59,374.0,0.45,97.0,0.48,557.98,0.44,170.0,0.49,506.48,0.43,298.0,0.5,971.01,0.42,479.0,0.51,329.7,0.41,374.0,0.52,293.0
2026-01-07 08:46:07.881000+00:00,2026-01-07 08:46:05.515451+00:00,67.881,0.535,0.53,0.54,0.46499999999999997,0.46,0.47,3338.15,56.44,220.44,3338.15,0.52,557.98,0.55,160.0,0.51,506.48,0.56,170.0,0.5,971.01,0.57,298.0,0.49,329.7,0.58,479.0,0.48,293.0,0.59,374.0,0.45,160.0,0.48,557.98,0.44,170.0,0.49,506.48,0.43,298.0,0.5,971.01,0.42,479.0,0.51,329.7,0.41,374.0,0.52,293.0
2026-01-07 08:46:09.834000+00:00,2026-01-07 08:46:07.530638+00:00,69.834,0.535,0.53,0.54,0.46499999999999997,0.46,0.47,3313.15,288.44,299.0,3313.15,0.52,472.98,0.55,147.0,0.51,586.48,0.56,187.0,0.5,971.01,0.57,298.0,0.49,329.7,0.58,419.0,0.48,293.0,0.59,374.0,0.45,147.0,0.48,472.98,0.44,187.0,0.49,586.48,0.43,298.0,0.5,971.01,0.42,419.0,0.51,329.7,0.41,374.0,0.52,293.0
2026-01-07 08:46:11.051000+00:00,2026-01-07 08:46:08.538263+00:00,71.051,0.535,0.53,0.54,0.46499999999999997,0.46,0.47,2885.59,694.0,704.0,2763.59,0.52,402.98,0.55,431.0,0.51,401.48,0.56,434.0,0.5,961.01,0.57,419.0,0.49,51.7,0.58,419.0,0.48,230.0,0.59,374.0,0.45,431.0,0.48,407.98,0.44,434.0,0.49,401.48,0.43,419.0,0.5,961.01,0.42,419.0,0.51,51.7,0.41,374.0,0.52,230.0
2026-01-07 08:46:12.004000+00:00,2026-01-07 08:46:09.541934+00:00,72.004,0.535,0.53,0.54,0.46499999999999997,0.46,0.47,2571.59,610.0,610.0,2571.59,0.52,467.98,0.55,527.0,0.51,401.48,0.56,454.0,0.5,891.01,0.57,419.0,0.49,41.7,0.58,419.0,0.48,230.0,0.59,374.0,0.45,527.0,0.48,467.98,0.44,454.0,0.49,401.48,0.43,419.0,0.5,891.01,0.42,419.0,0.51,41.7,0.41,374.0,0.52,230.0
2026-01-07 08:46:13.975000+00:00,2026-01-07 08:46:11.566321+00:00,73.975,0.535,0.53,0.54,0.46499999999999997,0.46,0.47,2731.59,605.0,605.0,2731.59,0.52,477.98,0.55,487.0,0.51,471.48,0.56,504.0,0.5,961.01,0.57,429.0,0.49,111.7,0.58,419.0,0.48,150.0,0.59,374.0,0.45,487.0,0.48,477.98,0.44,494.0,0.49,471.48,0.43,429.0,0.5,961.01,0.42,419.0,0.51,111.7,0.41,374.0,0.52,150.0
2026-01-07 08:46:15.058000+00:00,2026-01-07 08:46:12.572972+00:00,75.058,0.535,0.53,0.54,0.46499999999999997,0.46,0.47,2700.78,441.0,441.0,2700.78,0.52,512.98,0.55,490.0,0.51,471.48,0.56,479.0,0.5,961.01,0.57,429.0,0.49,111.7,0.58,419.0,0.48,150.0,0.59,374.0,0.45,490.0,0.48,512.98,0.44,499.0,0.49,471.48,0.43,429.0,0.5,961.01,0.42,419.0,0.51,111.7,0.41,374.0,0.52,150.0
2026-01-07 08:46:16.089000+00:00,2026-01-07 08:46:13.579614+00:00,76.089,0.535,0.53,0.54,0.46499999999999997,0.46,0.47,2695.78,137.0,137.0,2695.78,0.52,472.98,0.55,57.0,0.51,506.48,0.56,60.0,0.5,1154.01,0.57,318.0,0.49,329.7,0.58,419.0,0.48,381.0,0.59,435.0,0.45,57.0,0.48,472.98,0.44,80.0,0.49,506.48,0.43,338.0,0.5,1154.01,0.42,419.0,0.51,329.7,0.41,435.0,0.52,381.0
2026-01-07 08:46:17.048000+00:00,2026-01-07 08:46:14.585886+00:00,77.048,0.535,0.53,0.54,0.46499999999999997,0.46,0.47,2790.78,60.0,72.0,2790.78,0.52,477.98,0.55,57.0,0.51,506.48,0.56,80.0,0.5,971.01,0.57,409.0,0.49,329.7,0.58,419.0,0.48,381.0,0.59,435.0,0.45,57.0,0.48,477.98,0.44,80.0,0.49,506.48,0.43,409.0,0.5,971.01,0.42,419.0,0.51,329.7,0.41,435.0,0.52,381.0
2026-01-07 08:46:18.098000+00:00,2026-01-07 08:46:15.606860+00:00,78.098,0.535,0.53,0.54,0.46499999999999997,0.46,0.47,2765.78,67.0,67.0,2745.78,0.52,472.98,0.55,77.0,0.51,506.48,0.56,90.0,0.5,971.01,0.57,349.0,0.49,329.7,0.58,419.0,0.48,381.0,0.59,435.0,0.45,87.0,0.48,522.98,0.44,100.0,0.49,506.48,0.43,349.0,0.5,971.01,0.42,419.0,0.51,329.7,0.41,435.0,0.52,381.0
2026-01-07 08:46:19.114000+00:00,2026-01-07 08:46:16.610168+00:00,79.114,0.535,0.53,0.54,0.46499999999999997,0.46,0.47,2709.97,77.0,62.0,2709.97,0.52,497.98,0.55,187.0,0.51,566.48,0.56,187.0,0.5,971.01,0.57,419.0,0.49,329.7,0.58,419.0,0.48,333.0,0.59,374.0,0.45,187.0,0.48,497.98,0.44,187.0,0.49,566.48,0.43,419.0,0.5,971.01,0.42,419.0,0.51,329.7,0.41,374.0,0.52,333.0
2026-01-07 08:46:20.102000+00:00,2026-01-07 08:46:17.614633+00:00,80.102,0.535,0.53,0.54,0.46499999999999997,0.46,0.47,2709.97,72.0,72.0,2709.97,0.52,507.98,0.55,197.0,0.51,536.48,0.56,187.0,0.5,971.01,0.57,419.0,0.49,329.7,0.58,419.0,0.48,333.0,0.59,374.0,0.45,197.0,0.48,517.98,0.44,187.0,0.49,536.48,0.43,419.0,0.5,971.01,0.42,419.0,0.51,329.7,0.41,374.0,0.52,333.0
2026-01-07 08:46:21.136000+00:00,2026-01-07 08:46:18.625019+00:00,81.136,0.535,0.53,0.54,0.46499999999999997,0.46,0.47,3094.98,12.0,12.0,3210.98,0.52,689.98,0.55,12.0,0.51,809.48,0.56,15.0,0.5,1239.01,0.57,304.0,0.49,544.7,0.58,304.0,0.48,718.0,0.59,304.0,0.45,12.0,0.48,859.98,0.44,15.0,0.49,809.48,0.41,90.0,0.5,1300.01,0.4,186.0,0.51,495.7,0.39,349.0,0.52,494.0
2026-01-07 08:46:22.149000+00:00,2026-01-07 08:46:19.630201+00:00,82.149,0.595,0.59,0.6,0.405,0.4,0.41,312.51,155.0,155.0,340.85,0.58,263.0,0.62,100.0,0.57,238.0,0.63,215.0,0.56,203.0,0.64,251.0,0.55,433.0,0.65,261.0,0.54,333.0,0.66,196.0,0.38,100.0,0.42,263.0,0.37,200.0,0.43,238.0,0.36,296.0,0.44,260.0,0.35,261.0,0.45,433.0,0.34,201.0,0.46,363.0
2026-01-07 08:46:23.171000+00:00,2026-01-07 08:46:20.653654+00:00,83.171,0.615,0.61,0.62,0.385,0.38,0.39,100.3,60.0,60.0,100.3,0.6,232.0,0.63,220.0,0.59,261.74,0.64,186.86,0.58,238.0,0.65,125.0,0.57,263.0,0.66,196.0,0.56,203.0,0.67,206.0,0.37,220.0,0.4,293.0,0.36,186.86,0.41,322.74,0.35,125.0,0.42,238.0,0.34,196.0,0.43,263.0,0.33,206.0,0.44,203.0
2026-01-07 08:46:24.177000+00:00,2026-01-07 08:46:21.674745+00:00,84.177,0.635,0.63,0.64,0.355,0.35,0.36,122.0,30.6,108.6,45.0,0.62,229.6,0.65,110.0,0.61,324.3,0.66,105.0,0.6,298.0,0.67,170.0,0.59,382.74,0.68,85.0,0.58,384.0,0.69,201.0,0.34,105.0,0.37,242.0,0.33,170.0,0.38,227.6,0.32,85.0,0.39,311.3,0.31,201.0,0.4,298.0,0.3,262.86,0.41,347.74
2026-01-07 08:46:25.158000+00:00,2026-01-07 08:46:22.666082+00:00,85.158,0.665,0.66,0.67,0.335,0.33,0.34,55.0,46.87,46.87,55.0,0.65,106.0,0.68,40.0,0.64,191.0,0.69,126.0,0.63,240.0,0.7,191.0,0.62,403.6,0.71,271.43,0.61,381.3,0.72,442.21,0.32,40.0,0.35,106.0,0.31,126.0,0.36,191.0,0.3,191.0,0.37,240.0,0.29,271.43,0.38,403.6,0.28,442.21,0.39,381.3
2026-01-07 08:46:26.160000+00:00,2026-01-07 08:46:23.674307+00:00,86.16,0.675,0.67,0.68,0.315,0.31,0.32,81.06,8.0,121.0,80.0,0.66,25.0,0.69,126.0,0.65,141.0,0.7,191.0,0.64,156.0,0.71,278.93,0.63,275.0,0.72,516.21,0.62,337.6,0.73,388.99,0.3,191.0,0.33,38.56,0.29,278.93,0.34,45.0,0.28,516.21,0.35,161.0,0.27,388.99,0.36,126.0,0.26,394.0,0.37,255.0
2026-01-07 08:46:27.193000+00:00,2026-01-07 08:46:24.682010+00:00,87.193,0.695,0.69,0.7,0.305,0.3,0.31,74.28,121.0,121.0,74.28,0.68,75.88,0.71,201.0,0.67,110.0,0.72,386.87,0.66,60.0,0.73,374.0,0.65,116.0,0.74,417.21,0.64,141.0,0.75,374.0,0.29,201.0,0.32,75.88,0.28,396.87,0.33,110.0,0.27,374.0,0.34,60.0,0.26,417.21,0.35,116.0,0.25,374.0,0.36,141.0
2026-01-07 08:46:28.154000+00:00,2026-01-07 08:46:25.688323+00:00,88.154,0.695,0.69,0.7,0.305,0.3,0.31,30.0,231.51,231.51,30.0,0.68,54.71,0.71,256.0,0.67,155.0,0.72,343.78,0.66,45.0,0.73,389.0,0.65,221.0,0.74,394.0,0.64,211.0,0.75,374.0,0.29,256.0,0.32,54.71,0.28,346.78,0.33,155.0,0.27,389.0,0.34,45.0,0.26,394.0,0.35,221.0,0.25,374.0,0.36,211.0
2026-01-07 08:46:29.003000+00:00,2026-01-07 08:46:26.696902+00:00,89.003,0.695,0.69,0.7,0.305,0.3,0.31,20.0,251.51,251.51,20.0,0.68,54.71,0.71,266.0,0.67,200.0,0.72,356.78,0.66,140.0,0.73,389.0,0.65,186.0,0.74,394.0,0.64,211.0,0.75,374.0,0.29,266.0,0.32,54.71,0.28,356.78,0.33,200.0,0.27,389.0,0.34,140.0,0.26,394.0,0.35,186.0,0.25,374.0,0.36,211.0
2026-01-07 08:46:30.234000+00:00,2026-01-07 08:46:27.701158+00:00,90.234,0.69,0.68,0.7,0.315,0.31,0.32,120.43,256.51,114.99,90.0,0.67,170.0,0.71,266.0,0.66,140.0,0.72,356.78,0.65,186.0,0.73,389.0,0.64,211.0,0.74,394.0,0.63,310.0,0.75,374.0,0.3,235.06,0.33,200.0,0.29,276.0,0.34,140.0,0.28,335.0,0.35,186.0,0.27,374.0,0.36,211.0,0.26,394.0,0.37,310.0
2026-01-07 08:46:31.221000+00:00,2026-01-07 08:46:28.707975+00:00,91.221,0.675,0.67,0.68,0.325,0.32,0.33,20.0,266.0,296.0,20.0,0.66,80.0,0.69,293.0,0.65,241.0,0.7,377.07,0.64,196.0,0.71,358.0,0.63,310.0,0.72,444.0,0.62,312.6,0.73,374.0,0.31,399.0,0.35,220.0,0.3,458.07,0.36,155.0,0.29,419.0,0.37,135.0,0.28,505.0,0.38,129.6,0.27,374.0,0.39,321.3
2026-01-07 08:46:32.215000+00:00,2026-01-07 08:46:29.714688+00:00,92.215,0.675,0.67,0.68,0.325,0.32,0.33,20.0,256.0,256.0,20.0,0.66,10.0,0.69,399.0,0.65,290.0,0.7,458.07,0.64,135.0,0.71,429.0,0.63,135.0,0.72,505.0,0.62,129.6,0.73,374.0,0.31,409.0,0.34,10.0,0.3,458.07,0.35,300.0,0.29,429.0,0.36,135.0,0.28,505.0,0.37,135.0,0.27,374.0,0.38,129.6
2026-01-07 08:46:33.227000+00:00,2026-01-07 08:46:30.721184+00:00,93.227,0.675,0.67,0.68,0.325,0.32,0.33,29.99,225.39,225.39,29.99,0.66,75.0,0.69,424.0,0.65,260.0,0.7,438.07,0.64,125.0,0.71,459.0,0.63,135.0,0.72,505.0,0.62,129.6,0.73,374.0,0.31,424.0,0.34,75.0,0.3,438.07,0.35,260.0,0.29,459.0,0.36,125.0,0.28,505.0,0.37,135.0,0.27,374.0,0.38,129.6
2026-01-07 08:46:34.206000+00:00,2026-01-07 08:46:31.726552+00:00,94.206,0.675,0.67,0.68,0.325,0.32,0.33,29.99,310.39,285.39,29.99,0.66,25.0,0.69,389.0,0.65,300.0,0.7,468.07,0.64,125.0,0.71,419.0,0.63,135.0,0.72,508.0,0.62,129.6,0.73,374.0,0.31,389.0,0.34,35.0,0.3,468.07,0.35,300.0,0.29,419.0,0.36,125.0,0.28,508.0,0.37,135.0,0.27,374.0,0.38,129.6
2026-01-07 08:46:35.154000+00:00,2026-01-07 08:46:32.733249+00:00,95.154,0.675,0.67,0.68,0.325,0.32,0.33,21.83,656.38,578.38,6.83,0.66,155.0,0.69,494.0,0.65,165.0,0.7,448.07,0.64,165.0,0.71,419.0,0.63,135.0,0.72,419.0,0.62,129.6,0.73,374.0,0.31,494.0,0.34,155.0,0.3,448.07,0.35,165.0,0.29,419.0,0.36,165.0,0.28,419.0,0.37,135.0,0.27,374.0,0.38,129.6
2026-01-07 08:46:36.215000+00:00,2026-01-07 08:46:33.738166+00:00,96.215,0.605,0.6,0.61,0.395,0.39,0.4,10.0,173.7,173.7,10.0,0.59,30.0,0.62,379.0,0.58,40.0,0.63,331.0,0.57,40.0,0.64,263.0,0.56,35.0,0.65,243.0,0.55,75.0,0.66,288.0,0.38,379.0,0.41,30.0,0.37,331.0,0.42,40.0,0.36,263.0,0.43,40.0,0.35,243.0,0.44,35.0,0.34,288.0,0.45,75.0
2026-01-07 08:46:37.270000+00:00,2026-01-07 08:46:34.762045+00:00,97.27,0.565,0.55,0.58,0.445,0.44,0.45,59.75,209.98,98.0,59.75,0.54,223.0,0.59,167.0,0.53,2747.98,0.6,298.0,0.52,739.58,0.61,345.7,0.51,805.48,0.62,349.0,0.5,1282.31,0.63,387.0,0.43,55.0,0.46,233.0,0.42,189.98,0.47,2757.98,0.41,167.0,0.48,637.58,0.4,288.0,0.49,815.48,0.39,409.7,0.5,1332.31
2026-01-07 08:46:38.270000+00:00,2026-01-07 08:46:35.767641+00:00,98.27,0.535,0.53,0.54,0.46499999999999997,0.46,0.47,2594.98,114.76,119.76,2594.98,0.52,602.58,0.55,55.0,0.51,803.48,0.56,90.0,0.5,1477.31,0.57,90.0,0.49,450.7,0.58,217.0,0.48,434.0,0.59,363.99,0.45,55.0,0.48,602.58,0.44,90.0,0.49,803.48,0.43,80.0,0.5,1477.31,0.42,202.0,0.51,450.7,0.41,363.99,0.52,434.0
2026-01-07 08:46:39.295000+00:00,2026-01-07 08:46:36.784428+00:00,99.295,0.535,0.53,0.54,0.46499999999999997,0.46,0.47,2395.51,164.38,184.38,2395.51,0.52,379.58,0.55,55.0,0.51,480.48,0.56,167.0,0.5,1144.55,0.57,354.0,0.49,409.7,0.58,369.0,0.48,502.0,0.59,424.99,0.45,75.0,0.48,379.58,0.44,177.0,0.49,530.48,0.43,354.0,0.5,1054.55,0.42,369.0,0.51,409.7,0.41,424.99,0.52,502.0
2026-01-07 08:46:40.252000+00:00,2026-01-07 08:46:37.803877+00:00,100.252,0.535,0.53,0.54,0.46499999999999997,0.46,0.47,2364.87,194.76,194.76,2364.87,0.52,399.58,0.55,70.0,0.51,510.48,0.56,258.0,0.5,871.55,0.57,359.0,0.49,226.7,0.58,374.0,0.48,471.0,0.59,424.99,0.45,70.0,0.48,399.58,0.44,258.0,0.49,475.48,0.43,359.0,0.5,871.55,0.42,374.0,0.51,226.7,0.41,424.99,0.52,436.0
2026-01-07 08:46:41.287000+00:00,2026-01-07 08:46:38.812565+00:00,101.287,0.535,0.53,0.54,0.46499999999999997,0.46,0.47,2364.87,306.76,376.76,2364.87,0.52,379.58,0.55,393.0,0.51,386.48,0.56,419.0,0.5,861.55,0.57,477.0,0.49,111.7,0.58,434.0,0.48,363.0,0.59,433.99,0.45,393.0,0.48,379.58,0.44,476.0,0.49,386.48,0.43,419.0,0.5,861.55,0.42,434.0,0.51,111.7,0.41,433.99,0.52,180.0
2026-01-07 08:46:42.327000+00:00,2026-01-07 08:46:39.833647+00:00,102.327,0.535,0.53,0.54,0.46499999999999997,0.46,0.47,2166.87,436.2,436.2,2166.87,0.52,379.58,0.55,510.0,0.51,456.48,0.56,449.0,0.5,871.55,0.57,439.0,0.49,41.7,0.58,434.0,0.48,250.0,0.59,433.99,0.45,510.0,0.48,379.58,0.44,449.0,0.49,456.48,0.43,439.0,0.5,871.55,0.42,434.0,0.51,41.7,0.41,433.99,0.52,250.0
2026-01-07 08:46:43.329000+00:00,2026-01-07 08:46:40.854965+00:00,103.329,0.535,0.53,0.54,0.46499999999999997,0.46,0.47,2157.87,448.2,448.2,2157.87,0.52,379.58,0.55,520.0,0.51,436.48,0.56,429.0,0.5,881.55,0.57,429.0,0.49,51.7,0.58,434.0,0.48,45.0,0.59,433.99,0.45,520.0,0.48,379.58,0.44,429.0,0.49,436.48,0.43,429.0,0.5,881.55,0.42,434.0,0.51,51.7,0.41,433.99,0.52,115.0
2026-01-07 08:46:44.367000+00:00,2026-01-07 08:46:41.861751+00:00,104.367,0.535,0.53,0.54,0.46499999999999997,0.46,0.47,2157.87,458.2,618.2,2157.87,0.52,386.58,0.55,527.0,0.51,461.48,0.56,429.0,0.5,910.93,0.57,429.0,0.49,41.7,0.58,434.0,0.48,45.0,0.59,433.99,0.45,471.0,0.48,386.58,0.44,429.0,0.49,461.48,0.43,429.0,0.5,910.93,0.42,434.0,0.51,41.7,0.41,433.99,0.52,45.0
2026-01-07 08:46:45.274000+00:00,2026-01-07 08:46:42.865298+00:00,105.274,0.535,0.53,0.54,0.46499999999999997,0.46,0.47,1489.87,583.2,583.2,1489.87,0.52,416.58,0.55,451.0,0.51,431.48,0.56,429.0,0.5,910.93,0.57,439.0,0.49,41.7,0.58,434.0,0.48,45.0,0.59,433.99,0.45,451.0,0.48,416.58,0.44,429.0,0.49,431.48,0.43,439.0,0.5,910.93,0.42,434.0,0.51,41.7,0.41,433.99,0.52,45.0
2026-01-07 08:46:46.076000+00:00,2026-01-07 08:46:43.885317+00:00,106.076,0.535,0.53,0.54,0.46499999999999997,0.46,0.47,1501.87,553.2,553.2,1501.87,0.52,456.58,0.55,461.0,0.51,396.48,0.56,439.0,0.5,900.93,0.57,429.0,0.49,41.7,0.58,454.0,0.48,45.0,0.59,433.99,0.45,461.0,0.48,456.58,0.44,439.0,0.49,396.48,0.43,429.0,0.5,900.93,0.42,454.0,0.51,41.7,0.41,433.99,0.52,115.0
2026-01-07 08:46:47.202000+00:00,2026-01-07 08:46:44.892261+00:00,107.202,0.535,0.53,0.54,0.46499999999999997,0.46,0.47,1511.87,497.18,497.18,1521.87,0.52,451.58,0.55,517.0,0.51,396.48,0.56,439.0,0.5,900.93,0.57,429.0,0.49,121.7,0.58,454.0,0.48,115.0,0.59,433.99,0.45,517.0,0.48,511.58,0.44,439.0,0.49,466.48,0.43,429.0,0.5,970.93,0.42,454.0,0.51,191.7,0.41,433.99,0.52,115.0
2026-01-07 08:46:48.419000+00:00,2026-01-07 08:46:45.911381+00:00,108.419,0.535,0.53,0.54,0.46499999999999997,0.46,0.47,1607.87,551.18,497.18,1682.87,0.52,511.58,0.55,461.0,0.51,466.48,0.56,429.0,0.5,970.93,0.57,429.0,0.49,111.7,0.58,454.0,0.48,115.0,0.59,433.99,0.45,431.0,0.48,471.58,0.44,506.0,0.49,456.48,0.43,429.0,0.5,970.93,0.42,434.0,0.51,111.7,0.41,443.99,0.52,115.0
2026-01-07 08:46:49.407000+00:00,2026-01-07 08:46:46.916731+00:00,109.407,0.535,0.53,0.54,0.455,0.45,0.46,2035.87,45.64,27.0,201.97,0.52,744.57,0.55,42.0,0.51,725.48,0.56,45.0,0.5,1350.01,0.57,45.0,0.49,465.7,0.58,60.0,0.48,464.0,0.59,59.99,0.44,45.0,0.47,1965.87,0.43,45.0,0.48,719.57,0.42,60.0,0.49,725.48,0.41,59.99,0.5,1350.01,0.4,30.0,0.51,430.7
2026-01-07 08:46:50.405000+00:00,2026-01-07 08:46:47.922107+00:00,110.405,0.56,0.55,0.57,0.44,0.43,0.45,377.97,50.0,50.0,377.97,0.54,263.0,0.58,60.0,0.53,1918.87,0.59,59.99,0.52,704.58,0.6,30.0,0.51,725.48,0.61,151.0,0.5,1295.01,0.62,217.0,0.42,60.0,0.46,263.0,0.41,59.99,0.47,1918.87,0.4,30.0,0.48,704.58,0.39,151.0,0.49,725.48,0.38,217.0,0.5,1255.63
2026-01-07 08:46:51.397000+00:00,2026-01-07 08:46:48.931525+00:00,111.397,0.555,0.55,0.56,0.445,0.44,0.45,405.97,7.0,7.0,395.97,0.54,273.0,0.57,62.0,0.53,1918.87,0.58,65.0,0.52,744.58,0.59,79.99,0.51,674.48,0.6,60.0,0.5,1309.63,0.61,30.0,0.43,62.0,0.46,312.99,0.42,85.0,0.47,1918.87,0.41,89.99,0.48,744.58,0.4,30.0,0.49,674.48,0.39,30.0,0.5,1309.63
2026-01-07 08:46:52.356000+00:00,2026-01-07 08:46:49.938677+00:00,112.356,0.555,0.55,0.56,0.445,0.44,0.45,355.97,0.21,0.21,355.97,0.54,317.99,0.57,97.0,0.53,1943.87,0.58,60.0,0.52,692.58,0.59,89.99,0.51,846.48,0.6,30.0,0.5,1309.63,0.61,40.0,0.43,97.0,0.46,317.99,0.42,60.0,0.47,1943.87,0.41,89.99,0.48,744.58,0.4,30.0,0.49,795.48,0.39,110.0,0.5,1309.63
2026-01-07 08:46:53.415000+00:00,2026-01-07 08:46:50.943876+00:00,113.415,0.555,0.55,0.56,0.425,0.42,0.43,355.97,15.21,90.0,25.0,0.54,352.98,0.57,82.0,0.53,2024.87,0.58,90.0,0.52,823.58,0.59,59.99,0.51,846.48,0.6,40.0,0.5,1309.63,0.61,40.0,0.41,59.99,0.44,131.79,0.4,30.0,0.45,310.97,0.39,40.0,0.46,407.98,0.38,106.0,0.47,2034.87,0.37,90.0,0.48,813.58
2026-01-07 08:46:54.459000+00:00,2026-01-07 08:46:51.965444+00:00,114.459,0.575,0.57,0.58,0.425,0.42,0.43,126.0,65.0,65.0,126.0,0.56,277.79,0.59,69.99,0.55,325.97,0.6,50.0,0.54,397.98,0.61,30.0,0.53,2024.87,0.62,116.0,0.52,705.66,0.63,90.0,0.41,69.99,0.44,277.79,0.4,50.0,0.45,325.97,0.39,30.0,0.46,397.98,0.38,116.0,0.47,2024.87,0.37,90.0,0.48,705.66
2026-01-07 08:46:55.454000+00:00,2026-01-07 08:46:52.970837+00:00,115.454,0.575,0.57,0.58,0.425,0.42,0.43,126.0,94.63,74.63,126.0,0.56,287.79,0.59,74.99,0.55,320.97,0.6,50.0,0.54,367.99,0.61,94.0,0.53,2054.87,0.62,50.0,0.52,705.66,0.63,90.0,0.41,74.99,0.44,287.79,0.4,50.0,0.45,320.97,0.39,94.0,0.46,367.99,0.38,50.0,0.47,2054.87,0.37,90.0,0.48,705.66
2026-01-07 08:46:56.455000+00:00,2026-01-07 08:46:53.977823+00:00,116.455,0.575,0.57,0.58,0.425,0.42,0.43,136.0,59.63,59.63,136.0,0.56,372.79,0.59,69.99,0.55,263.0,0.6,60.0,0.54,397.99,0.61,50.0,0.53,2024.87,0.62,116.0,0.52,705.66,0.63,90.0,0.41,69.99,0.44,392.79,0.4,60.0,0.45,263.0,0.39,50.0,0.46,397.99,0.38,116.0,0.47,2024.87,0.37,90.0,0.48,705.66
2026-01-07 08:46:57.504000+00:00,2026-01-07 08:46:54.984617+00:00,117.504,0.575,0.57,0.58,0.425,0.42,0.43,271.0,5.0,5.0,281.0,0.56,387.79,0.59,19.99,0.55,333.0,0.6,65.0,0.54,367.99,0.61,50.0,0.53,2024.87,0.62,110.0,0.52,705.66,0.63,90.0,0.41,19.99,0.44,342.79,0.39,60.0,0.45,308.0,0.38,40.0,0.46,367.99,0.37,130.0,0.47,2077.87,0.36,280.0,0.48,740.66
2026-01-07 08:46:58.500000+00:00,2026-01-07 08:46:55.991432+00:00,118.5,0.585,0.58,0.59,0.415,0.41,0.42,294.22,14.99,14.99,294.22,0.57,346.0,0.6,70.0,0.56,307.79,0.61,65.0,0.55,423.0,0.62,70.0,0.54,488.99,0.63,30.0,0.53,1987.87,0.64,79.0,0.4,78.78,0.43,326.0,0.39,65.0,0.44,337.79,0.38,70.0,0.45,423.0,0.37,30.0,0.46,488.99,0.36,79.0,0.47,1987.87
2026-01-07 08:46:59.516000+00:00,2026-01-07 08:46:57.009598+00:00,119.516,0.585,0.58,0.59,0.415,0.41,0.42,198.0,66.21,106.21,190.61,0.57,391.0,0.6,91.21,0.56,322.79,0.61,55.0,0.55,438.0,0.62,40.0,0.54,488.99,0.63,108.0,0.53,1934.87,0.65,196.0,0.4,86.21,0.43,396.0,0.39,85.0,0.44,307.79,0.38,40.0,0.45,453.0,0.37,30.0,0.46,488.99,0.36,69.0,0.47,1987.87
2026-01-07 08:47:00.523000+00:00,2026-01-07 08:46:58.013923+00:00,120.523,0.585,0.58,0.59,0.415,0.41,0.42,190.61,106.21,116.21,190.61,0.57,126.0,0.6,61.21,0.56,192.79,0.61,45.0,0.55,423.0,0.62,100.0,0.54,488.99,0.63,90.0,0.53,1964.87,0.64,318.0,0.4,101.21,0.43,126.0,0.39,129.0,0.44,207.79,0.38,100.0,0.45,403.0,0.37,90.0,0.46,488.99,0.36,318.0,0.47,1964.87
2026-01-07 08:47:01.499000+00:00,2026-01-07 08:46:59.019857+00:00,121.499,0.585,0.58,0.59,0.415,0.41,0.42,10.0,171.21,238.21,1.23,0.57,91.0,0.6,194.21,0.56,182.79,0.61,358.0,0.55,218.0,0.62,343.0,0.54,348.99,0.63,333.0,0.53,1929.87,0.64,379.0,0.4,131.21,0.43,5.0,0.39,419.0,0.45,35.0,0.38,404.0,0.46,44.99,0.37,333.0,0.47,1625.87,0.36,379.0,0.48,624.65
2026-01-07 08:47:02.389000+00:00,2026-01-07 08:47:00.046133+00:00,122.389,0.555,0.55,0.56,0.445,0.44,0.45,35.0,78.0,78.0,35.0,0.54,44.99,0.57,75.0,0.53,1515.87,0.58,70.0,0.52,719.66,0.59,132.21,0.51,619.48,0.6,56.21,0.5,1270.63,0.61,419.0,0.43,75.0,0.46,44.99,0.42,70.0,0.47,1515.87,0.41,132.21,0.48,719.66,0.4,56.21,0.49,619.48,0.39,419.0,0.5,1270.63
2026-01-07 08:47:03.568000+00:00,2026-01-07 08:47:01.056448+00:00,123.568,0.545,0.54,0.55,0.46499999999999997,0.46,0.47,34.99,69.9,65.0,1455.43,0.53,1480.87,0.56,202.0,0.52,316.66,0.57,407.0,0.51,381.48,0.58,419.0,0.5,1049.63,0.59,435.21,0.49,339.7,0.6,430.21,0.45,94.9,0.48,316.66,0.44,259.0,0.49,381.48,0.43,349.0,0.5,1084.63,0.42,429.0,0.51,234.7,0.41,435.21,0.52,539.0
2026-01-07 08:47:04.567000+00:00,2026-01-07 08:47:02.063821+00:00,124.567,0.535,0.53,0.54,0.46499999999999997,0.46,0.47,1431.03,45.0,83.82,1431.03,0.52,316.66,0.55,212.9,0.51,391.48,0.56,399.0,0.5,906.01,0.57,429.0,0.49,86.7,0.58,429.0,0.48,55.0,0.59,435.21,0.45,212.9,0.48,346.66,0.44,399.0,0.49,391.48,0.43,439.0,0.5,906.01,0.42,429.0,0.51,121.7,0.41,435.21,0.52,55.0
2026-01-07 08:47:05.553000+00:00,2026-01-07 08:47:03.071742+00:00,125.553,0.535,0.53,0.54,0.46499999999999997,0.46,0.47,1470.03,102.64,122.64,1470.03,0.52,326.66,0.55,273.9,0.51,386.48,0.56,389.0,0.5,946.01,0.57,439.0,0.49,76.7,0.58,439.0,0.48,55.0,0.59,435.21,0.45,273.9,0.48,326.66,0.44,379.0,0.49,396.48,0.43,449.0,0.5,936.01,0.42,439.0,0.51,76.7,0.41,435.21,0.52,55.0
2026-01-07 08:47:06.485000+00:00,2026-01-07 08:47:04.063707+00:00,126.485,0.535,0.53,0.54,0.46499999999999997,0.46,0.47,1480.03,122.64,122.64,1480.03,0.52,316.66,0.55,217.9,0.51,426.48,0.56,426.0,0.5,1011.01,0.57,459.0,0.49,121.7,0.58,439.0,0.48,150.0,0.59,445.21,0.45,217.9,0.48,316.66,0.44,426.0,0.49,426.48,0.43,459.0,0.5,1011.01,0.42,439.0,0.51,121.7,0.41,445.21,0.52,150.0
2026-01-07 08:47:07.567000+00:00,2026-01-07 08:47:05.072813+00:00,127.567,0.535,0.53,0.54,0.46499999999999997,0.46,0.47,1495.03,42.08,87.08,1495.03,0.52,416.66,0.55,222.9,0.51,451.48,0.56,446.0,0.5,1011.01,0.57,449.0,0.49,121.7,0.58,439.0,0.48,150.0,0.59,445.21,0.45,222.9,0.48,406.66,0.44,446.0,0.49,451.48,0.43,449.0,0.5,1011.01,0.42,439.0,0.51,121.7,0.41,445.21,0.52,150.0
2026-01-07 08:47:08.495000+00:00,2026-01-07 08:47:06.078012+00:00,128.495,0.535,0.53,0.54,0.46499999999999997,0.46,0.47,1505.03,102.08,102.08,1505.03,0.52,406.66,0.55,222.9,0.51,451.48,0.56,426.0,0.5,1011.01,0.57,449.0,0.49,121.7,0.58,439.0,0.48,150.0,0.59,445.21,0.45,222.9,0.48,406.66,0.44,426.0,0.49,451.48,0.43,449.0,0.5,1011.01,0.42,439.0,0.51,121.7,0.41,445.21,0.52,150.0
2026-01-07 08:47:09.031000+00:00,2026-01-07 08:47:07.084032+00:00,129.031,0.535,0.53,0.54,0.46499999999999997,0.46,0.47,1505.03,102.08,102.08,1505.03,0.52,406.66,0.55,222.9,0.51,451.48,0.56,426.0,0.5,976.01,0.57,449.0,0.49,146.7,0.58,439.0,0.48,125.0,0.59,445.21,0.45,222.9,0.48,406.66,0.44,426.0,0.49,451.48,0.43,449.0,0.5,976.01,0.42,439.0,0.51,146.7,0.41,445.21,0.52,125.0
2026-01-07 08:47:10.515000+00:00,2026-01-07 08:47:08.091289+00:00,130.515,0.535,0.53,0.54,0.46499999999999997,0.46,0.47,1502.9,102.08,102.08,1502.9,0.52,406.66,0.55,222.9,0.51,451.48,0.56,426.0,0.5,976.01,0.57,449.0,0.49,146.7,0.58,439.0,0.48,125.0,0.59,445.21,0.45,222.9,0.48,406.66,0.44,426.0,0.49,451.48,0.43,449.0,0.5,976.01,0.42,439.0,0.51,146.7,0.41,445.21,0.52,125.0
2026-01-07 08:47:11.178000+00:00,2026-01-07 08:47:09.096710+00:00,131.178,0.535,0.53,0.54,0.46499999999999997,0.46,0.47,1507.9,97.08,97.08,1497.9,0.52,406.66,0.55,222.9,0.51,451.48,0.56,426.0,0.5,976.01,0.57,449.0,0.49,146.7,0.58,439.0,0.48,125.0,0.59,445.21,0.45,222.9,0.48,416.66,0.44,426.0,0.49,451.48,0.43,449.0,0.5,976.01,0.42,439.0,0.51,146.7,0.41,445.21,0.52,125.0
2026-01-07 08:47:12.622000+00:00,2026-01-07 08:47:10.121256+00:00,132.622,0.535,0.53,0.54,0.46499999999999997,0.46,0.47,1476.7,117.08,117.08,1476.7,0.52,416.66,0.55,222.9,0.51,451.48,0.56,426.0,0.5,976.01,0.57,449.0,0.49,146.7,0.58,439.0,0.48,125.0,0.59,445.21,0.45,222.9,0.48,416.66,0.44,426.0,0.49,451.48,0.43,449.0,0.5,956.01,0.42,439.0,0.51,146.7,0.41,445.21,0.52,125.0
2026-01-07 08:47:13.629000+00:00,2026-01-07 08:47:11.125465+00:00,133.629,0.535,0.53,0.54,0.46499999999999997,0.46,0.47,1476.7,77.08,77.08,1476.7,0.52,416.66,0.55,278.9,0.51,451.48,0.56,369.0,0.5,956.01,0.57,449.0,0.49,146.7,0.58,439.0,0.48,125.0,0.59,445.21,0.45,278.9,0.48,416.66,0.44,369.0,0.49,451.48,0.43,449.0,0.5,956.01,0.42,439.0,0.51,146.7,0.41,445.21,0.52,125.0
2026-01-07 08:47:14.449000+00:00,2026-01-07 08:47:12.129002+00:00,134.449,0.535,0.53,0.54,0.46499999999999997,0.46,0.47,1476.7,50.04,50.04,1476.7,0.52,416.66,0.55,222.9,0.51,451.48,0.56,426.0,0.5,956.01,0.57,449.0,0.49,146.7,0.58,439.0,0.48,125.0,0.59,445.21,0.45,222.9,0.48,416.66,0.44,426.0,0.49,451.48,0.43,449.0,0.5,956.01,0.42,439.0,0.51,146.7,0.41,445.21,0.52,125.0
2026-01-07 08:47:15.608000+00:00,2026-01-07 08:47:13.149749+00:00,135.608,0.535,0.53,0.54,0.46499999999999997,0.46,0.47,1491.7,50.04,50.04,1491.7,0.52,386.66,0.55,217.9,0.51,451.48,0.56,426.0,0.5,956.01,0.57,429.0,0.49,146.7,0.58,449.0,0.48,125.0,0.59,445.21,0.45,217.9,0.48,386.66,0.44,431.0,0.49,451.48,0.43,429.0,0.5,956.01,0.42,449.0,0.51,146.7,0.41,455.21,0.52,125.0
2026-01-07 08:47:16.587000+00:00,2026-01-07 08:47:14.154687+00:00,136.587,0.535,0.53,0.54,0.46499999999999997,0.46,0.47,1448.3,35.04,35.04,1448.3,0.52,416.66,0.55,222.9,0.51,451.48,0.56,369.0,0.5,956.01,0.57,517.0,0.49,146.7,0.58,439.0,0.48,125.0,0.59,445.21,0.45,222.9,0.48,416.66,0.44,369.0,0.49,451.48,0.43,517.0,0.5,956.01,0.42,439.0,0.51,146.7,0.41,445.21,0.52,125.0
2026-01-07 08:47:17.527000+00:00,2026-01-07 08:47:15.162389+00:00,137.527,0.535,0.53,0.54,0.46499999999999997,0.46,0.47,1448.3,35.04,35.04,1448.3,0.52,416.66,0.55,222.9,0.51,451.48,0.56,426.0,0.5,956.01,0.57,459.0,0.49,146.7,0.58,439.0,0.48,125.0,0.59,445.21,0.45,222.9,0.48,416.66,0.44,426.0,0.49,451.48,0.43,459.0,0.5,956.01,0.42,439.0,0.51,146.7,0.41,445.21,0.52,125.0
2026-01-07 08:47:18.541000+00:00,2026-01-07 08:47:16.169800+00:00,138.541,0.535,0.53,0.54,0.46499999999999997,0.46,0.47,1458.3,35.04,35.04,1458.3,0.52,416.66,0.55,222.9,0.51,451.48,0.56,426.0,0.5,956.01,0.57,459.0,0.49,111.7,0.58,439.0,0.48,150.0,0.59,445.21,0.45,222.9,0.48,416.66,0.44,426.0,0.49,451.48,0.43,459.0,0.5,956.01,0.42,439.0,0.51,111.7,0.41,445.21,0.52,150.0
2026-01-07 08:47:19.581000+00:00,2026-01-07 08:47:17.176990+00:00,139.581,0.535,0.53,0.54,0.46499999999999997,0.46,0.47,1463.3,45.04,45.04,1463.3,0.52,416.66,0.55,278.9,0.51,451.48,0.56,369.0,0.5,956.01,0.57,459.0,0.49,111.7,0.58,439.0,0.48,150.0,0.59,445.21,0.45,278.9,0.48,416.66,0.44,369.0,0.49,451.48,0.43,459.0,0.5,956.01,0.42,439.0,0.51,111.7,0.41,445.21,0.52,150.0
2026-01-07 08:47:20.150000+00:00,2026-01-07 08:47:18.198554+00:00,140.15,0.535,0.53,0.54,0.46499999999999997,0.46,0.47,1463.3,45.04,45.04,1463.3,0.52,416.66,0.55,222.9,0.51,451.48,0.56,426.0,0.5,956.01,0.57,459.0,0.49,111.7,0.58,439.0,0.48,150.0,0.59,445.21,0.45,222.9,0.48,416.66,0.44,426.0,0.49,451.48,0.43,459.0,0.5,956.01,0.42,439.0,0.51,111.7,0.41,445.21,0.52,150.0
2026-01-07 08:47:21.630000+00:00,2026-01-07 08:47:19.201446+00:00,141.63,0.535,0.53,0.54,0.46499999999999997,0.46,0.47,1488.3,45.04,45.04,1488.3,0.52,386.66,0.55,222.9,0.51,451.48,0.56,426.0,0.5,956.01,0.57,459.0,0.49,111.7,0.58,439.0,0.48,150.0,0.59,445.21,0.45,222.9,0.48,386.66,0.44,426.0,0.49,451.48,0.43,459.0,0.5,956.01,0.42,439.0,0.51,111.7,0.41,445.21,0.52,150.0
2026-01-07 08:47:22.630000+00:00,2026-01-07 08:47:20.207235+00:00,142.63,0.535,0.53,0.54,0.46499999999999997,0.46,0.47,1488.3,40.04,40.04,1488.3,0.52,386.66,0.55,222.9,0.51,451.48,0.56,426.0,0.5,956.01,0.57,459.0,0.49,111.7,0.58,439.0,0.48,272.0,0.59,445.21,0.45,222.9,0.48,386.66,0.44,426.0,0.49,451.48,0.43,459.0,0.5,956.01,0.42,439.0,0.51,111.7,0.41,445.21,0.52,272.0
2026-01-07 08:47:23.677000+00:00,2026-01-07 08:47:21.214034+00:00,143.677,0.535,0.53,0.54,0.46499999999999997,0.46,0.47,1493.3,40.04,40.04,1493.3,0.52,386.66,0.55,39.9,0.51,451.48,0.56,426.0,0.5,956.01,0.57,459.0,0.49,111.7,0.58,439.0,0.48,333.0,0.59,445.21,0.45,44.9,0.48,386.66,0.44,426.0,0.49,451.48,0.43,459.0,0.5,956.01,0.42,439.0,0.51,111.7,0.41,445.21,0.52,333.0
2026-01-07 08:47:24.740000+00:00,2026-01-07 08:47:22.229011+00:00,144.74,0.535,0.53,0.54,0.46499999999999997,0.46,0.47,1453.3,40.04,35.04,1453.3,0.52,386.66,0.55,39.9,0.51,451.48,0.56,349.0,0.5,956.01,0.57,364.0,0.49,111.7,0.58,379.0,0.48,333.0,0.59,445.21,0.45,39.9,0.48,508.66,0.44,349.0,0.49,608.48,0.43,349.0,0.5,1088.01,0.42,419.0,0.51,368.7,0.41,390.21,0.52,454.0
2026-01-07 08:47:25.450000+00:00,2026-01-07 08:47:23.233535+00:00,145.45,0.535,0.53,0.54,0.46499999999999997,0.46,0.47,1479.04,45.04,45.04,1476.63,0.52,569.66,0.55,39.9,0.51,669.48,0.56,45.0,0.5,1149.01,0.57,45.0,0.49,414.7,0.58,115.0,0.48,559.0,0.59,86.21,0.45,39.9,0.48,569.66,0.44,45.0,0.49,669.48,0.43,45.0,0.5,1149.01,0.42,115.0,0.51,344.7,0.41,86.21,0.52,629.0
2026-01-07 08:47:26.665000+00:00,2026-01-07 08:47:24.241602+00:00,146.665,0.535,0.53,0.54,0.46499999999999997,0.46,0.47,1520.35,35.04,35.04,1511.35,0.52,569.66,0.55,34.9,0.51,669.48,0.56,70.0,0.5,1149.01,0.57,75.0,0.49,329.7,0.58,115.0,0.48,644.0,0.59,71.21,0.45,34.9,0.48,569.66,0.44,70.0,0.49,669.48,0.43,85.0,0.5,1149.01,0.42,125.0,0.51,329.7,0.41,71.21,0.52,644.0
2026-01-07 08:47:27.709000+00:00,2026-01-07 08:47:25.250550+00:00,147.709,0.535,0.53,0.54,0.46499999999999997,0.46,0.47,1450.35,30.04,30.04,1450.35,0.52,649.66,0.55,66.9,0.51,669.48,0.56,85.0,0.5,1149.01,0.57,45.0,0.49,329.7,0.58,135.0,0.48,644.0,0.59,61.21,0.45,66.9,0.48,649.66,0.44,85.0,0.49,669.48,0.43,45.0,0.5,1149.01,0.42,135.0,0.51,329.7,0.41,61.21,0.52,644.0
2026-01-07 08:47:28.654000+00:00,2026-01-07 08:47:26.258655+00:00,148.654,0.535,0.53,0.54,0.46499999999999997,0.46,0.47,1485.35,30.04,30.04,1485.35,0.52,620.0,0.55,41.9,0.51,669.48,0.56,80.0,0.5,1149.01,0.57,133.0,0.49,429.7,0.58,135.0,0.48,589.0,0.59,141.21,0.45,41.9,0.48,620.0,0.44,80.0,0.49,669.48,0.43,133.0,0.5,1149.01,0.42,135.0,0.51,429.7,0.41,141.21,0.52,589.0
2026-01-07 08:47:29.755000+00:00,2026-01-07 08:47:27.264456+00:00,149.755,0.535,0.53,0.54,0.46499999999999997,0.46,0.47,1470.35,15.04,15.04,1470.35,0.52,442.0,0.55,41.9,0.51,669.48,0.56,80.0,0.5,1149.01,0.57,133.0,0.49,329.7,0.58,135.0,0.48,644.0,0.59,329.21,0.45,41.9,0.48,442.0,0.44,80.0,0.49,669.48,0.43,133.0,0.5,1149.01,0.42,135.0,0.51,329.7,0.41,329.21,0.52,644.0
2026-01-07 08:47:30.748000+00:00,2026-01-07 08:47:28.270309+00:00,150.748,0.535,0.53,0.54,0.46499999999999997,0.46,0.47,1455.35,45.04,45.04,1455.35,0.52,442.0,0.55,41.9,0.51,669.48,0.56,80.0,0.5,1149.01,0.57,75.0,0.49,429.7,0.58,195.0,0.48,589.0,0.59,329.21,0.45,41.9,0.48,442.0,0.44,80.0,0.49,669.48,0.43,75.0,0.5,1149.01,0.42,195.0,0.51,429.7,0.41,329.21,0.52,589.0
2026-01-07 08:47:31.740000+00:00,2026-01-07 08:47:29.276465+00:00,151.74,0.535,0.53,0.54,0.46499999999999997,0.46,0.47,1470.35,45.04,45.04,1465.89,0.52,437.0,0.55,41.9,0.51,669.48,0.56,80.0,0.5,1149.01,0.57,133.0,0.49,429.7,0.58,135.0,0.48,589.0,0.59,324.21,0.45,41.9,0.48,437.0,0.44,80.0,0.49,669.48,0.43,133.0,0.5,1149.01,0.42,135.0,0.51,429.7,0.41,324.21,0.52,604.0
2026-01-07 08:47:32.786000+00:00,2026-01-07 08:47:30.283329+00:00,152.786,0.535,0.53,0.54,0.46499999999999997,0.46,0.47,1619.2,30.0,30.0,1619.2,0.52,670.0,0.55,26.66,0.51,714.48,0.56,45.0,0.5,1495.01,0.57,45.0,0.49,495.7,0.58,70.0,0.48,469.0,0.59,156.21,0.45,26.66,0.48,670.0,0.44,45.0,0.49,714.48,0.43,45.0,0.5,1495.01,0.42,70.0,0.51,495.7,0.41,156.21,0.52,469.0
2026-01-07 08:47:33.802000+00:00,2026-01-07 08:47:31.291165+00:00,153.802,0.545,0.54,0.55,0.455,0.45,0.46,369.75,7.0,7.0,315.75,0.53,1750.2,0.58,55.0,0.52,746.0,0.59,66.21,0.51,835.48,0.6,41.21,0.5,1415.01,0.61,369.0,0.49,509.7,0.62,364.0,0.42,55.0,0.47,1735.2,0.41,66.21,0.48,746.0,0.4,41.21,0.49,886.48,0.39,369.0,0.5,1415.01,0.38,430.0,0.51,509.7
2026-01-07 08:47:34.792000+00:00,2026-01-07 08:47:32.297584+00:00,154.792,0.575,0.57,0.58,0.425,0.42,0.43,216.0,74.19,74.19,216.0,0.56,248.0,0.59,54.99,0.55,311.0,0.6,76.21,0.54,226.0,0.61,60.0,0.53,1865.2,0.62,96.0,0.52,746.0,0.63,70.0,0.41,54.99,0.44,248.0,0.4,76.21,0.45,311.0,0.39,60.0,0.46,226.0,0.38,96.0,0.47,1856.2,0.37,70.0,0.48,746.0
2026-01-07 08:47:35.801000+00:00,2026-01-07 08:47:33.298441+00:00,155.801,0.575,0.57,0.58,0.425,0.42,0.43,186.0,85.19,85.19,186.0,0.56,268.0,0.59,69.99,0.55,311.0,0.6,51.21,0.54,220.0,0.61,60.0,0.53,1871.2,0.62,106.0,0.52,746.0,0.63,50.0,0.41,79.99,0.44,278.0,0.4,51.21,0.45,311.0,0.39,60.0,0.46,220.0,0.38,116.0,0.47,1871.2,0.37,50.0,0.48,746.0
2026-01-07 08:47:36.806000+00:00,2026-01-07 08:47:34.306305+00:00,156.806,0.575,0.57,0.58,0.425,0.42,0.43,169.0,80.19,80.19,169.0,0.56,278.0,0.59,79.99,0.55,311.0,0.6,51.21,0.54,220.0,0.61,60.0,0.53,1871.2,0.62,116.0,0.52,746.0,0.63,50.0,0.41,79.99,0.44,278.0,0.4,51.21,0.45,311.0,0.39,60.0,0.46,220.0,0.38,116.0,0.47,1871.2,0.37,50.0,0.48,746.0
2026-01-07 08:47:37.736000+00:00,2026-01-07 08:47:35.314570+00:00,157.736,0.575,0.57,0.58,0.425,0.42,0.43,169.0,80.19,80.19,169.0,0.56,348.0,0.59,79.99,0.55,381.0,0.6,51.21,0.54,211.0,0.61,60.0,0.53,1871.2,0.62,186.0,0.52,746.0,0.63,120.0,0.41,79.99,0.44,348.0,0.4,51.21,0.45,381.0,0.39,60.0,0.46,211.0,0.38,186.0,0.47,1871.2,0.37,120.0,0.48,746.0
2026-01-07 08:47:38.761000+00:00,2026-01-07 08:47:36.320887+00:00,158.761,0.575,0.57,0.58,0.425,0.42,0.43,144.0,115.19,108.1,144.0,0.56,363.0,0.59,74.99,0.55,371.0,0.6,71.21,0.54,221.0,0.61,40.0,0.53,1871.2,0.62,110.0,0.52,798.0,0.63,188.0,0.41,74.99,0.44,363.0,0.4,71.21,0.45,371.0,0.39,40.0,0.46,221.0,0.38,110.0,0.47,1871.2,0.37,188.0,0.48,798.0
2026-01-07 08:47:39.784000+00:00,2026-01-07 08:47:37.331299+00:00,159.784,0.575,0.57,0.58,0.425,0.42,0.43,134.0,93.1,93.1,134.0,0.56,358.0,0.59,89.99,0.55,381.0,0.6,41.21,0.54,216.0,0.61,60.0,0.53,1871.2,0.62,120.0,0.52,798.0,0.63,188.0,0.41,89.99,0.44,358.0,0.4,46.21,0.45,381.0,0.39,60.0,0.46,216.0,0.38,120.0,0.47,1871.2,0.37,188.0,0.48,798.0
2026-01-07 08:47:40.860000+00:00,2026-01-07 08:47:38.354107+00:00,160.86,0.575,0.57,0.58,0.425,0.42,0.43,149.0,93.1,93.1,149.0,0.56,358.0,0.59,89.99,0.55,381.0,0.6,46.21,0.54,216.0,0.61,60.0,0.53,1871.2,0.62,120.0,0.52,798.0,0.63,188.0,0.41,89.99,0.44,358.0,0.4,46.21,0.45,381.0,0.39,60.0,0.46,216.0,0.38,120.0,0.47,1871.2,0.37,188.0,0.48,798.0
2026-01-07 08:47:41.835000+00:00,2026-01-07 08:47:39.360425+00:00,161.835,0.575,0.57,0.58,0.425,0.42,0.43,154.0,103.1,103.1,139.0,0.56,358.0,0.59,89.99,0.55,381.0,0.6,41.21,0.54,211.0,0.61,60.0,0.53,1871.2,0.62,120.0,0.52,798.0,0.63,188.0,0.41,89.99,0.44,358.0,0.4,41.21,0.45,381.0,0.39,60.0,0.46,211.0,0.38,120.0,0.47,1871.2,0.37,188.0,0.48,798.0
2026-01-07 08:47:42.828000+00:00,2026-01-07 08:47:40.367360+00:00,162.828,0.575,0.57,0.58,0.425,0.42,0.43,127.37,103.1,103.1,95.53,0.56,358.0,0.59,89.99,0.55,381.0,0.6,41.21,0.54,211.0,0.61,60.0,0.53,1871.2,0.62,120.0,0.52,798.0,0.63,188.0,0.41,89.99,0.44,358.0,0.4,41.21,0.45,266.0,0.39,60.0,0.46,281.0,0.38,120.0,0.47,1871.2,0.37,188.0,0.48,798.0
2026-01-07 08:47:43.886000+00:00,2026-01-07 08:47:41.373380+00:00,163.886,0.575,0.57,0.58,0.425,0.42,0.43,95.53,143.1,128.1,90.53,0.56,358.0,0.59,89.99,0.55,266.0,0.6,61.21,0.54,246.0,0.61,40.0,0.53,1861.2,0.62,120.0,0.52,776.0,0.63,120.0,0.41,79.99,0.44,363.0,0.4,61.21,0.45,256.0,0.39,104.0,0.46,291.0,0.38,125.0,0.47,1841.2,0.37,120.0,0.48,776.0
2026-01-07 08:47:44.750000+00:00,2026-01-07 08:47:42.382621+00:00,164.75,0.575,0.57,0.58,0.425,0.42,0.43,79.43,163.1,163.1,79.43,0.56,333.0,0.59,64.99,0.55,286.0,0.6,71.21,0.54,176.0,0.61,114.0,0.53,1911.2,0.62,105.0,0.52,776.0,0.63,120.0,0.41,64.99,0.44,333.0,0.4,134.21,0.45,286.0,0.39,50.0,0.46,176.0,0.38,105.0,0.47,1911.2,0.37,120.0,0.48,776.0
2026-01-07 08:47:45.898000+00:00,2026-01-07 08:47:43.394013+00:00,165.898,0.545,0.54,0.55,0.455,0.45,0.46,15.0,55.0,55.0,15.0,0.53,1407.2,0.56,15.0,0.52,387.0,0.57,65.0,0.51,576.48,0.58,567.1,0.5,1259.01,0.59,438.99,0.49,394.69,0.6,425.21,0.44,15.0,0.47,1417.2,0.43,55.0,0.48,387.0,0.42,477.1,0.49,576.48,0.41,438.99,0.5,1259.01,0.4,425.21,0.51,394.69
2026-01-07 08:47:46.716000+00:00,2026-01-07 08:47:44.402546+00:00,166.716,0.545,0.54,0.55,0.455,0.45,0.46,24.0,65.0,65.0,34.0,0.53,1432.2,0.56,15.0,0.52,372.0,0.57,85.0,0.51,576.48,0.58,266.1,0.5,1259.01,0.59,509.99,0.49,409.69,0.6,415.21,0.44,15.0,0.47,1402.2,0.43,85.0,0.48,372.0,0.42,266.1,0.49,576.48,0.41,509.99,0.5,1259.01,0.4,415.21,0.51,409.69
2026-01-07 08:47:47.856000+00:00,2026-01-07 08:47:45.409623+00:00,167.856,0.545,0.54,0.55,0.455,0.45,0.46,64.0,65.0,80.0,64.0,0.53,1392.2,0.56,25.0,0.52,372.0,0.57,85.0,0.51,576.48,0.58,261.1,0.5,1259.01,0.59,509.99,0.49,409.69,0.6,415.21,0.44,25.0,0.47,1342.2,0.43,85.0,0.48,397.0,0.42,261.1,0.49,551.48,0.41,509.99,0.5,1259.01,0.4,415.21,0.51,409.69
2026-01-07 08:47:48.957000+00:00,2026-01-07 08:47:46.432407+00:00,168.957,0.545,0.54,0.55,0.455,0.45,0.46,66.82,65.0,70.0,66.82,0.53,1337.2,0.56,25.0,0.52,397.0,0.57,85.0,0.51,666.48,0.58,261.1,0.5,1204.01,0.59,509.99,0.49,409.69,0.6,415.21,0.44,25.0,0.47,1337.2,0.43,85.0,0.48,397.0,0.42,261.1,0.49,666.48,0.41,448.99,0.5,1204.01,0.4,478.21,0.51,458.69
2026-01-07 08:47:49.942000+00:00,2026-01-07 08:47:47.436575+00:00,169.942,0.545,0.54,0.55,0.455,0.45,0.46,366.0,15.0,15.0,436.0,0.53,1559.2,0.56,15.0,0.52,564.0,0.57,45.0,0.51,864.48,0.58,78.1,0.5,1325.01,0.59,262.99,0.49,465.7,0.6,375.21,0.44,15.0,0.47,1559.2,0.43,45.0,0.48,616.0,0.42,78.1,0.49,925.48,0.41,262.99,0.5,1325.01,0.4,375.21,0.51,465.7
2026-01-07 08:47:50.952000+00:00,2026-01-07 08:47:48.445136+00:00,170.952,0.575,0.57,0.58,0.425,0.42,0.43,15.0,78.1,78.1,38.0,0.56,398.0,0.59,54.99,0.55,238.0,0.6,66.21,0.54,402.0,0.61,60.0,0.53,1758.2,0.62,30.0,0.52,746.0,0.63,323.0,0.41,54.99,0.44,383.0,0.4,66.21,0.45,238.0,0.39,70.0,0.46,393.0,0.38,30.0,0.47,1758.2,0.37,323.0,0.48,746.0
2026-01-07 08:47:51.925000+00:00,2026-01-07 08:47:49.464296+00:00,171.925,0.575,0.57,0.58,0.425,0.42,0.43,15.0,95.92,95.92,15.0,0.56,268.0,0.59,69.99,0.55,308.0,0.6,46.21,0.54,363.0,0.61,40.0,0.53,1758.2,0.62,30.0,0.52,746.0,0.63,313.0,0.41,69.99,0.44,268.0,0.4,46.21,0.45,308.0,0.39,40.0,0.46,363.0,0.38,30.0,0.47,1758.2,0.37,313.0,0.48,746.0
2026-01-07 08:47:52.966000+00:00,2026-01-07 08:47:50.466888+00:00,172.966,0.565,0.56,0.57,0.435,0.43,0.44,293.0,45.0,45.0,293.0,0.55,318.0,0.58,105.92,0.54,333.0,0.59,74.99,0.53,1735.2,0.6,71.21,0.52,798.0,0.61,30.0,0.51,800.48,0.62,50.0,0.42,105.92,0.45,318.0,0.41,74.99,0.46,348.0,0.4,71.21,0.47,1720.2,0.39,30.0,0.48,798.0,0.38,50.0,0.49,800.48
2026-01-07 08:47:53.978000+00:00,2026-01-07 08:47:51.473230+00:00,173.978,0.565,0.56,0.57,0.435,0.43,0.44,308.0,45.0,45.0,308.0,0.55,388.0,0.58,105.92,0.54,363.0,0.59,74.99,0.53,1705.2,0.6,71.21,0.52,798.0,0.61,40.0,0.51,800.48,0.62,40.0,0.42,105.92,0.45,388.0,0.41,74.99,0.46,363.0,0.4,71.21,0.47,1705.2,0.39,40.0,0.48,798.0,0.38,40.0,0.49,800.48
2026-01-07 08:47:54.960000+00:00,2026-01-07 08:47:52.493711+00:00,174.96,0.565,0.56,0.57,0.435,0.43,0.44,263.0,45.0,45.0,251.0,0.55,388.0,0.58,105.92,0.54,363.0,0.59,74.99,0.53,1705.2,0.6,71.21,0.52,798.0,0.61,40.0,0.51,800.48,0.62,40.0,0.42,125.92,0.45,418.0,0.41,54.99,0.46,373.0,0.4,71.21,0.47,1705.2,0.39,50.0,0.48,798.0,0.38,30.0,0.49,800.48
2026-01-07 08:47:56.938000+00:00,2026-01-07 08:47:54.514127+00:00,176.938,0.565,0.56,0.57,0.435,0.43,0.44,243.0,60.0,60.0,243.0,0.55,428.0,0.58,105.92,0.54,358.0,0.59,54.99,0.53,1725.2,0.6,71.21,0.52,798.0,0.61,120.0,0.51,800.48,0.62,100.0,0.42,105.92,0.45,428.0,0.41,54.99,0.46,358.0,0.4,71.21,0.47,1725.2,0.39,120.0,0.48,798.0,0.38,100.0,0.49,800.48
2026-01-07 08:47:58.874000+00:00,2026-01-07 08:47:56.542961+00:00,178.874,0.575,0.57,0.58,0.425,0.42,0.43,233.0,77.92,77.92,233.0,0.56,450.72,0.59,96.99,0.55,343.0,0.6,61.21,0.54,484.0,0.61,120.0,0.53,1879.2,0.62,110.0,0.52,711.0,0.63,120.0,0.41,96.99,0.44,450.72,0.4,51.21,0.45,343.0,0.39,120.0,0.46,484.0,0.38,110.0,0.47,1879.2,0.37,120.0,0.48,711.0
2026-01-07 08:48:00.052000+00:00,2026-01-07 08:47:57.547999+00:00,180.052,0.575,0.57,0.58,0.425,0.42,0.43,218.0,77.92,77.92,223.0,0.56,445.72,0.59,96.99,0.55,343.0,0.6,61.21,0.54,484.0,0.61,120.0,0.53,1879.2,0.62,110.0,0.52,711.0,0.63,120.0,0.41,96.99,0.44,445.72,0.4,61.21,0.45,343.0,0.39,120.0,0.46,484.0,0.38,110.0,0.47,1879.2,0.37,120.0,0.48,711.0
2026-01-07 08:48:01.988000+00:00,2026-01-07 08:47:59.546577+00:00,181.988,0.565,0.56,0.57,0.435,0.43,0.44,110.0,65.0,100.0,100.0,0.55,263.0,0.58,142.92,0.54,308.0,0.59,86.99,0.53,1760.2,0.6,41.21,0.52,825.97,0.61,164.0,0.51,864.48,0.62,283.0,0.42,102.92,0.45,263.0,0.41,86.99,0.46,308.0,0.4,41.21,0.47,1760.2,0.39,164.0,0.48,825.97,0.38,283.0,0.49,864.48
2026-01-07 08:48:03.047000+00:00,2026-01-07 08:48:00.554286+00:00,183.047,0.565,0.56,0.57,0.435,0.43,0.44,37.56,97.0,97.0,37.56,0.55,278.0,0.58,60.92,0.54,358.0,0.59,89.99,0.53,1790.2,0.6,61.21,0.52,746.0,0.61,100.0,0.51,930.48,0.62,349.0,0.42,67.92,0.45,278.0,0.41,89.99,0.46,358.0,0.4,61.21,0.47,1790.2,0.39,100.0,0.48,746.0,0.38,349.0,0.49,930.48
2026-01-07 08:48:04.086000+00:00,2026-01-07 08:48:01.563395+00:00,184.086,0.565,0.56,0.57,0.435,0.43,0.44,85.0,52.0,52.0,95.0,0.55,263.0,0.58,67.92,0.54,403.0,0.59,54.99,0.53,1750.2,0.6,61.21,0.52,746.0,0.61,120.0,0.51,851.48,0.62,359.0,0.42,67.92,0.45,263.0,0.41,54.99,0.46,403.0,0.4,66.21,0.47,1750.2,0.39,130.0,0.48,746.0,0.38,359.0,0.49,851.48
2026-01-07 08:48:05.067000+00:00,2026-01-07 08:48:02.572606+00:00,185.067,0.565,0.56,0.57,0.435,0.43,0.44,80.0,52.0,52.0,40.0,0.55,263.0,0.58,67.92,0.54,403.0,0.59,54.99,0.53,1720.2,0.6,41.21,0.52,776.0,0.61,100.0,0.51,851.48,0.62,349.0,0.42,72.92,0.45,343.0,0.41,84.99,0.46,403.0,0.4,71.21,0.47,1630.2,0.39,110.0,0.48,776.0,0.38,359.0,0.49,851.48
2026-01-07 08:48:06.012000+00:00,2026-01-07 08:48:03.578522+00:00,186.012,0.565,0.56,0.57,0.435,0.43,0.44,35.0,71.0,76.0,35.0,0.55,273.0,0.58,97.92,0.54,318.0,0.59,84.99,0.53,1700.2,0.6,121.21,0.52,776.0,0.61,115.0,0.51,851.48,0.62,349.0,0.42,97.92,0.45,273.0,0.41,84.99,0.46,368.0,0.4,121.21,0.47,1700.2,0.39,115.0,0.48,776.0,0.38,349.0,0.49,851.48
2026-01-07 08:48:07.092000+00:00,2026-01-07 08:48:04.587014+00:00,187.092,0.565,0.56,0.57,0.435,0.43,0.44,35.0,63.0,58.0,125.0,0.55,273.0,0.58,97.92,0.54,483.0,0.59,84.99,0.53,1660.2,0.6,121.21,0.52,746.0,0.61,115.0,0.51,851.48,0.62,349.0,0.42,72.92,0.45,378.0,0.41,84.99,0.46,368.0,0.4,141.21,0.47,1660.2,0.39,115.0,0.48,746.0,0.38,359.0,0.49,851.48
2026-01-07 08:48:08.104000+00:00,2026-01-07 08:48:05.594644+00:00,188.104,0.565,0.56,0.57,0.435,0.43,0.44,405.72,23.0,23.0,396.76,0.55,308.0,0.58,47.19,0.54,523.0,0.59,54.99,0.53,1751.2,0.6,56.21,0.52,746.0,0.61,100.0,0.51,869.48,0.62,313.0,0.42,62.19,0.45,338.0,0.41,54.99,0.46,454.0,0.4,56.21,0.47,1804.2,0.39,125.0,0.48,746.0,0.38,100.0,0.49,869.48
2026-01-07 08:48:09.093000+00:00,2026-01-07 08:48:06.601577+00:00,189.093,0.575,0.57,0.58,0.425,0.42,0.43,197.67,107.19,107.19,192.67,0.56,318.0,0.59,74.99,0.55,423.0,0.6,86.21,0.54,454.0,0.61,110.0,0.53,1781.16,0.62,176.0,0.52,711.0,0.63,120.0,0.41,81.99,0.44,318.0,0.4,86.21,0.45,423.0,0.39,110.0,0.46,454.0,0.38,176.0,0.47,1781.16,0.37,120.0,0.48,711.0
2026-01-07 08:48:10.116000+00:00,2026-01-07 08:48:07.620899+00:00,190.116,0.575,0.57,0.58,0.425,0.42,0.43,190.34,147.19,147.19,190.34,0.56,268.0,0.59,61.99,0.55,478.0,0.6,86.21,0.54,454.0,0.61,120.0,0.53,1781.16,0.62,100.0,0.52,711.0,0.63,120.0,0.41,61.99,0.44,268.0,0.4,86.21,0.45,478.0,0.39,120.0,0.46,454.0,0.38,100.0,0.47,1781.16,0.37,120.0,0.48,711.0
2026-01-07 08:48:11.931000+00:00,2026-01-07 08:48:09.630242+00:00,191.931,0.575,0.57,0.58,0.425,0.42,0.43,205.34,82.19,82.19,265.34,0.56,378.0,0.59,76.99,0.55,343.0,0.6,76.21,0.54,484.0,0.61,120.0,0.53,1751.2,0.62,176.0,0.52,711.0,0.63,130.0,0.41,71.99,0.44,378.0,0.4,76.21,0.45,343.0,0.39,130.0,0.46,484.0,0.38,110.0,0.47,1751.2,0.37,198.0,0.48,763.0
2026-01-07 08:48:13.151000+00:00,2026-01-07 08:48:10.647357+00:00,193.151,0.575,0.57,0.58,0.425,0.42,0.43,188.01,97.19,85.46,188.01,0.56,298.0,0.59,71.99,0.55,433.0,0.6,86.21,0.54,494.0,0.61,110.0,0.53,1751.2,0.62,110.0,0.52,763.0,0.63,193.6,0.41,71.99,0.44,298.0,0.4,86.21,0.45,413.0,0.39,110.0,0.46,494.0,0.38,110.0,0.47,1751.2,0.37,193.6,0.48,763.0
2026-01-07 08:48:14.171000+00:00,2026-01-07 08:48:11.667611+00:00,194.171,0.575,0.57,0.58,0.415,0.41,0.42,413.01,30.46,16.99,206.54,0.56,333.0,0.59,16.99,0.55,313.0,0.6,11.21,0.54,454.0,0.61,60.5,0.53,1804.2,0.62,40.5,0.52,746.0,0.63,125.6,0.4,11.21,0.43,343.01,0.39,45.0,0.44,355.0,0.38,35.0,0.45,303.0,0.37,160.6,0.46,419.0,0.36,115.6,0.47,1716.2
2026-01-07 08:48:15.045000+00:00,2026-01-07 08:48:12.673406+00:00,195.045,0.585,0.58,0.59,0.415,0.41,0.42,321.54,16.99,16.99,321.54,0.57,308.01,0.6,11.21,0.56,333.0,0.61,45.0,0.55,394.0,0.62,60.0,0.54,454.0,0.63,145.6,0.53,1736.2,0.64,105.6,0.4,11.21,0.43,308.01,0.39,45.0,0.44,333.0,0.38,60.0,0.45,394.0,0.37,145.6,0.46,454.0,0.36,85.6,0.47,1736.2
2026-01-07 08:48:16.162000+00:00,2026-01-07 08:48:13.682130+00:00,196.162,0.6,0.59,0.61,0.4,0.39,0.41,170.0,55.0,10.0,70.0,0.58,216.54,0.63,55.0,0.57,298.01,0.64,10.4,0.56,298.0,0.65,394.7,0.55,354.0,0.66,498.8,0.54,419.0,0.67,453.07,0.37,10.0,0.42,291.54,0.36,10.4,0.43,298.01,0.35,394.7,0.44,298.0,0.34,498.8,0.45,354.0,0.33,453.07,0.46,419.0
2026-01-07 08:48:17.181000+00:00,2026-01-07 08:48:14.691693+00:00,197.181,0.62,0.61,0.63,0.38,0.37,0.39,193.95,55.0,55.0,193.95,0.6,363.0,0.64,10.4,0.59,300.52,0.65,10.7,0.58,317.54,0.66,70.8,0.57,494.01,0.67,85.9,0.56,419.0,0.68,402.39,0.36,10.4,0.4,363.0,0.35,10.7,0.41,300.52,0.34,70.8,0.42,317.54,0.33,85.9,0.43,552.01,0.32,402.39,0.44,419.0
2026-01-07 08:48:18.195000+00:00,2026-01-07 08:48:15.714232+00:00,198.195,0.625,0.62,0.63,0.375,0.37,0.38,15.0,55.0,55.0,15.0,0.61,85.0,0.64,0.4,0.6,323.0,0.65,35.7,0.59,370.52,0.66,50.8,0.58,447.54,0.67,105.9,0.57,424.01,0.68,344.39,0.36,0.4,0.39,85.0,0.35,35.7,0.4,323.0,0.34,50.8,0.41,370.52,0.33,105.9,0.42,447.54,0.32,344.39,0.43,424.01
2026-01-07 08:48:19.146000+00:00,2026-01-07 08:48:16.719668+00:00,199.146,0.615,0.61,0.62,0.385,0.38,0.39,105.0,45.0,45.0,95.0,0.6,403.0,0.63,50.0,0.59,413.0,0.64,30.4,0.58,342.54,0.65,10.7,0.57,424.01,0.66,144.8,0.56,419.0,0.67,105.9,0.37,50.0,0.4,403.0,0.36,30.4,0.41,413.0,0.35,10.7,0.42,342.54,0.34,144.8,0.43,424.01,0.33,105.9,0.44,419.0
2026-01-07 08:48:20.236000+00:00,2026-01-07 08:48:17.727377+00:00,200.236,0.625,0.62,0.63,0.375,0.37,0.38,25.0,45.0,45.0,62.0,0.61,482.96,0.64,5.4,0.6,453.0,0.65,40.7,0.59,358.0,0.66,50.8,0.58,302.54,0.67,105.9,0.57,424.01,0.68,344.39,0.36,5.4,0.39,457.96,0.35,40.7,0.4,453.0,0.34,50.8,0.41,358.0,0.33,105.9,0.42,302.54,0.32,422.39,0.43,482.01
2026-01-07 08:48:21.229000+00:00,2026-01-07 08:48:18.733512+00:00,201.229,0.645,0.64,0.65,0.355,0.35,0.36,103.15,55.7,55.7,103.15,0.63,130.0,0.66,50.8,0.62,392.96,0.67,90.9,0.61,256.0,0.68,41.0,0.6,333.0,0.69,197.1,0.59,394.0,0.7,902.27,0.34,50.8,0.37,130.0,0.33,90.9,0.38,387.96,0.32,41.0,0.39,256.0,0.31,197.1,0.4,333.0,0.3,819.27,0.41,333.0
2026-01-07 08:48:22.249000+00:00,2026-01-07 08:48:19.740278+00:00,202.249,0.645,0.64,0.65,0.355,0.35,0.36,367.0,5.0,5.0,367.0,0.63,212.0,0.66,15.8,0.62,333.0,0.67,55.9,0.61,402.0,0.68,21.0,0.6,454.0,0.69,318.1,0.59,419.0,0.7,809.27,0.34,10.0,0.37,212.0,0.33,55.9,0.38,333.0,0.32,21.0,0.39,402.0,0.31,187.1,0.4,454.0,0.3,859.27,0.41,419.0
2026-01-07 08:48:23.265000+00:00,2026-01-07 08:48:20.764074+00:00,203.265,0.665,0.66,0.67,0.335,0.33,0.34,363.81,55.9,55.9,373.81,0.65,243.0,0.68,21.0,0.64,323.0,0.69,66.1,0.63,403.0,0.7,556.23,0.62,520.0,0.71,51.3,0.61,297.0,0.72,137.4,0.32,21.0,0.35,253.0,0.31,81.1,0.36,323.0,0.3,586.23,0.37,403.0,0.29,61.3,0.38,454.0,0.28,147.4,0.39,297.0
2026-01-07 08:48:24.031000+00:00,2026-01-07 08:48:21.771735+00:00,204.031,0.675,0.67,0.68,0.325,0.32,0.33,164.1,36.0,36.0,194.1,0.66,384.85,0.69,81.1,0.65,413.0,0.7,641.23,0.64,283.0,0.71,61.3,0.63,333.0,0.72,115.4,0.62,419.0,0.73,137.6,0.31,81.1,0.34,369.85,0.3,641.23,0.35,413.0,0.29,61.3,0.36,283.0,0.28,26.4,0.37,333.0,0.27,230.6,0.38,485.0
2026-01-07 08:48:25.362000+00:00,2026-01-07 08:48:22.794547+00:00,205.362,0.675,0.67,0.68,0.315,0.31,0.32,402.1,30.0,21.1,252.0,0.66,324.85,0.69,66.1,0.65,403.0,0.7,581.23,0.64,404.0,0.71,36.3,0.63,454.0,0.72,150.4,0.62,449.0,0.73,71.6,0.3,546.23,0.33,332.1,0.29,36.3,0.34,349.85,0.28,84.48,0.35,403.0,0.27,71.6,0.36,404.0,0.26,36.78,0.37,419.0
2026-01-07 08:48:26.299000+00:00,2026-01-07 08:48:23.801389+00:00,206.299,0.685,0.68,0.69,0.315,0.31,0.32,353.0,6.1,6.1,328.0,0.67,312.1,0.7,541.23,0.66,319.85,0.71,51.3,0.65,423.0,0.72,173.48,0.64,404.0,0.73,61.6,0.63,419.0,0.74,279.78,0.3,616.23,0.33,292.1,0.29,86.3,0.34,319.85,0.28,140.4,0.35,423.0,0.27,294.6,0.36,404.0,0.26,269.78,0.37,419.0
2026-01-07 08:48:27.286000+00:00,2026-01-07 08:48:24.809571+00:00,207.286,0.685,0.68,0.69,0.315,0.31,0.32,92.61,6.1,6.1,92.61,0.67,219.1,0.7,576.2,0.66,231.85,0.71,141.3,0.65,353.0,0.72,160.4,0.64,283.0,0.73,365.6,0.63,333.0,0.74,340.78,0.3,576.2,0.33,229.1,0.29,141.3,0.34,231.85,0.28,160.4,0.35,353.0,0.27,365.6,0.36,283.0,0.26,340.78,0.37,338.0
2026-01-07 08:48:28.265000+00:00,2026-01-07 08:48:25.816814+00:00,208.265,0.685,0.68,0.69,0.315,0.31,0.32,89.48,6.1,6.1,89.48,0.67,259.1,0.7,581.2,0.66,181.85,0.71,141.3,0.65,353.0,0.72,150.4,0.64,290.81,0.73,365.6,0.63,338.0,0.74,340.78,0.3,581.2,0.33,279.1,0.29,141.3,0.34,181.85,0.28,150.4,0.35,353.0,0.27,365.6,0.36,290.81,0.26,350.78,0.37,338.0
2026-01-07 08:48:29.217000+00:00,2026-01-07 08:48:26.820551+00:00,209.217,0.685,0.68,0.69,0.315,0.31,0.32,89.48,1.1,1.1,89.48,0.67,279.1,0.7,576.2,0.66,181.85,0.71,141.3,0.65,353.0,0.72,150.4,0.64,290.81,0.73,365.6,0.63,333.0,0.74,350.78,0.3,661.23,0.33,279.1,0.29,91.3,0.34,181.85,0.28,150.4,0.35,353.0,0.27,365.6,0.36,290.81,0.26,340.78,0.37,333.0
2026-01-07 08:48:30.324000+00:00,2026-01-07 08:48:27.822683+00:00,210.324,0.685,0.68,0.69,0.315,0.31,0.32,60.0,161.1,26.1,150.62,0.67,284.06,0.7,616.2,0.66,166.85,0.71,81.3,0.65,413.0,0.72,147.4,0.64,290.81,0.73,365.6,0.63,333.0,0.74,330.78,0.3,571.2,0.33,264.1,0.29,104.38,0.34,258.85,0.28,147.4,0.35,403.0,0.27,365.6,0.36,290.81,0.26,330.78,0.37,333.0
2026-01-07 08:48:31.335000+00:00,2026-01-07 08:48:28.829997+00:00,211.335,0.695,0.69,0.7,0.305,0.3,0.31,79.96,571.2,571.2,94.96,0.68,135.62,0.71,129.38,0.67,254.1,0.72,150.4,0.66,299.85,0.73,375.6,0.65,333.0,0.74,340.78,0.64,290.81,0.75,339.63,0.29,129.38,0.32,135.62,0.28,150.4,0.33,254.1,0.27,375.6,0.34,299.85,0.26,340.78,0.35,333.0,0.25,339.63,0.36,290.81
2026-01-07 08:48:32.348000+00:00,2026-01-07 08:48:29.835207+00:00,212.348,0.695,0.69,0.7,0.315,0.31,0.32,6.0,651.23,5.0,95.62,0.68,195.62,0.71,86.3,0.67,487.1,0.72,61.4,0.66,299.85,0.73,71.6,0.65,333.0,0.74,253.78,0.64,290.81,0.75,349.63,0.3,641.23,0.33,472.1,0.29,116.3,0.34,359.85,0.28,157.4,0.35,333.0,0.27,71.6,0.36,290.81,0.26,147.78,0.37,459.0
2026-01-07 08:48:33.293000+00:00,2026-01-07 08:48:30.840916+00:00,213.293,0.695,0.69,0.7,0.305,0.3,0.31,74.96,564.05,564.05,74.96,0.68,150.62,0.71,151.3,0.67,527.1,0.72,150.4,0.66,294.85,0.73,71.6,0.65,333.0,0.74,157.78,0.64,290.81,0.75,339.63,0.29,151.3,0.32,150.62,0.28,150.4,0.33,532.1,0.27,71.6,0.34,294.85,0.26,157.78,0.35,333.0,0.25,339.63,0.36,290.81
2026-01-07 08:48:34.351000+00:00,2026-01-07 08:48:31.847405+00:00,214.351,0.695,0.69,0.7,0.305,0.3,0.31,139.96,554.05,554.05,139.96,0.68,245.62,0.71,66.3,0.67,417.1,0.72,111.4,0.66,294.85,0.73,71.6,0.65,333.0,0.74,263.78,0.64,290.81,0.75,359.63,0.29,86.3,0.32,245.62,0.28,91.4,0.33,417.1,0.27,71.6,0.34,294.85,0.26,263.78,0.35,333.0,0.25,359.63,0.36,290.81
2026-01-07 08:48:35.313000+00:00,2026-01-07 08:48:32.871968+00:00,215.313,0.695,0.69,0.7,0.305,0.3,0.31,134.96,554.05,554.05,99.96,0.68,245.62,0.71,86.3,0.67,417.1,0.72,91.4,0.66,294.85,0.73,71.6,0.65,333.0,0.74,263.78,0.64,290.81,0.75,359.63,0.29,86.3,0.32,245.62,0.28,91.4,0.33,417.1,0.27,71.6,0.34,294.85,0.26,263.78,0.35,333.0,0.25,359.63,0.36,290.81
2026-01-07 08:48:36.364000+00:00,2026-01-07 08:48:33.877645+00:00,216.364,0.695,0.69,0.7,0.305,0.3,0.31,94.96,559.05,559.05,94.96,0.68,110.62,0.71,131.3,0.67,517.1,0.72,160.4,0.66,294.85,0.73,61.6,0.65,333.0,0.74,167.78,0.64,290.81,0.75,339.63,0.29,131.3,0.32,110.62,0.28,160.4,0.33,517.1,0.27,71.6,0.34,294.85,0.26,167.78,0.35,333.0,0.25,339.63,0.36,290.81
2026-01-07 08:48:37.392000+00:00,2026-01-07 08:48:34.886717+00:00,217.392,0.695,0.69,0.7,0.305,0.3,0.31,94.96,565.05,565.05,94.96,0.68,190.62,0.71,116.3,0.67,437.1,0.72,180.4,0.66,294.85,0.73,71.6,0.65,333.0,0.74,157.78,0.64,310.81,0.75,349.63,0.29,116.3,0.32,190.62,0.28,180.4,0.33,437.1,0.27,71.6,0.34,294.85,0.26,157.78,0.35,333.0,0.25,349.63,0.36,310.81
2026-01-07 08:48:38.112000+00:00,2026-01-07 08:48:35.891255+00:00,218.112,0.685,0.68,0.69,0.315,0.31,0.32,46.49,117.96,77.96,46.49,0.67,543.97,0.7,615.05,0.66,324.85,0.71,91.3,0.65,333.0,0.72,157.4,0.64,310.81,0.73,71.6,0.63,439.0,0.74,157.78,0.3,615.05,0.33,543.97,0.29,91.3,0.34,324.85,0.28,157.4,0.35,333.0,0.27,71.6,0.36,310.81,0.26,157.78,0.37,439.0
2026-01-07 08:48:39.407000+00:00,2026-01-07 08:48:36.897683+00:00,219.407,0.695,0.69,0.7,0.305,0.3,0.31,114.96,557.33,557.33,114.96,0.68,160.87,0.71,116.3,0.67,447.1,0.72,81.4,0.66,299.85,0.73,71.6,0.65,333.0,0.74,273.78,0.64,310.81,0.75,339.63,0.29,116.3,0.32,160.87,0.28,81.4,0.33,447.1,0.27,71.6,0.34,299.85,0.26,273.78,0.35,333.0,0.25,339.63,0.36,310.81
2026-01-07 08:48:40.314000+00:00,2026-01-07 08:48:37.920698+00:00,220.314,0.695,0.69,0.7,0.305,0.3,0.31,101.73,557.33,557.33,126.73,0.68,160.87,0.71,116.3,0.67,447.1,0.72,81.4,0.66,299.85,0.73,71.6,0.65,333.0,0.74,253.78,0.64,310.81,0.75,359.63,0.29,116.3,0.32,190.87,0.28,81.4,0.33,417.1,0.27,71.6,0.34,299.85,0.26,253.78,0.35,333.0,0.25,359.63,0.36,310.81
2026-01-07 08:48:41.434000+00:00,2026-01-07 08:48:38.927945+00:00,221.434,0.695,0.69,0.7,0.305,0.3,0.31,117.73,557.33,557.33,117.73,0.68,190.87,0.71,116.3,0.67,417.1,0.72,81.4,0.66,348.85,0.73,154.6,0.65,333.0,0.74,167.78,0.64,310.81,0.75,359.63,0.29,116.3,0.32,190.87,0.28,81.4,0.33,417.1,0.27,61.6,0.34,348.85,0.26,263.78,0.35,333.0,0.25,359.63,0.36,310.81
2026-01-07 08:48:42.420000+00:00,2026-01-07 08:48:39.934001+00:00,222.42,0.695,0.69,0.7,0.305,0.3,0.31,92.73,552.33,552.33,162.73,0.68,190.87,0.71,116.3,0.67,417.1,0.72,81.4,0.66,348.85,0.73,61.6,0.65,333.0,0.74,263.78,0.64,310.81,0.75,359.63,0.29,116.3,0.32,260.87,0.28,81.4,0.33,347.1,0.27,61.6,0.34,348.85,0.26,263.78,0.35,333.0,0.25,359.63,0.36,310.81
2026-01-07 08:48:43.445000+00:00,2026-01-07 08:48:40.939779+00:00,223.445,0.695,0.69,0.7,0.305,0.3,0.31,156.73,552.33,552.33,156.73,0.68,200.87,0.71,126.3,0.67,407.1,0.72,170.4,0.66,348.85,0.73,61.6,0.65,333.0,0.74,147.78,0.64,310.81,0.75,339.63,0.29,126.3,0.32,200.87,0.28,170.4,0.33,407.1,0.27,71.6,0.34,348.85,0.26,157.78,0.35,333.0,0.25,349.63,0.36,310.81
2026-01-07 08:48:44.442000+00:00,2026-01-07 08:48:41.966710+00:00,224.442,0.695,0.69,0.7,0.305,0.3,0.31,156.73,552.33,547.33,156.73,0.68,200.87,0.71,116.3,0.67,407.1,0.72,170.4,0.66,343.85,0.73,61.6,0.65,333.0,0.74,157.78,0.64,290.81,0.75,349.63,0.29,116.3,0.32,200.87,0.28,170.4,0.33,382.1,0.27,61.6,0.34,343.85,0.26,167.78,0.35,333.0,0.25,349.63,0.36,290.81
2026-01-07 08:48:45.452000+00:00,2026-01-07 08:48:42.976321+00:00,225.452,0.695,0.69,0.7,0.305,0.3,0.31,211.73,547.33,547.33,211.73,0.68,195.87,0.71,111.3,0.67,352.1,0.72,155.4,0.66,343.85,0.73,81.6,0.65,333.0,0.74,157.78,0.64,290.81,0.75,349.63,0.29,111.3,0.32,195.87,0.28,155.4,0.33,352.1,0.27,81.6,0.34,343.85,0.26,157.78,0.35,333.0,0.25,349.63,0.36,290.81
2026-01-07 08:48:46.462000+00:00,2026-01-07 08:48:43.982032+00:00,226.462,0.695,0.69,0.7,0.305,0.3,0.31,221.73,547.33,547.33,236.73,0.68,195.87,0.71,111.3,0.67,352.1,0.72,145.4,0.66,294.85,0.73,91.6,0.65,333.0,0.74,167.78,0.64,290.81,0.75,349.63,0.29,16.3,0.32,185.87,0.28,185.43,0.33,352.1,0.27,91.6,0.34,294.85,0.26,157.78,0.35,333.0,0.25,349.63,0.36,290.81
2026-01-07 08:48:47.508000+00:00,2026-01-07 08:48:44.988106+00:00,227.508,0.695,0.69,0.7,0.305,0.3,0.31,211.73,542.33,542.33,236.73,0.68,200.87,0.71,21.3,0.67,352.1,0.72,101.43,0.66,294.85,0.73,174.6,0.65,333.0,0.74,157.78,0.64,290.81,0.75,349.63,0.29,21.3,0.32,215.87,0.28,101.43,0.33,352.1,0.27,184.6,0.34,294.85,0.26,157.78,0.35,333.0,0.25,359.63,0.36,290.81
2026-01-07 08:48:48.511000+00:00,2026-01-07 08:48:46.009880+00:00,228.511,0.695,0.69,0.7,0.305,0.3,0.31,514.73,507.33,491.13,439.73,0.68,308.0,0.71,6.3,0.67,352.1,0.72,6.4,0.66,440.85,0.73,41.6,0.65,525.0,0.74,36.78,0.64,391.81,0.75,161.63,0.28,6.4,0.32,308.0,0.27,41.6,0.33,352.1,0.26,36.78,0.34,440.85,0.25,261.63,0.35,454.0,0.24,223.1,0.36,460.81
2026-01-07 08:48:49.472000+00:00,2026-01-07 08:48:47.020045+00:00,229.472,0.715,0.71,0.72,0.28500000000000003,0.28,0.29,201.0,6.4,6.4,201.0,0.7,33.04,0.73,6.6,0.69,489.73,0.74,61.78,0.68,333.0,0.75,150.63,0.67,473.1,0.76,142.1,0.66,405.85,0.77,173.3,0.27,6.6,0.3,103.04,0.26,61.78,0.31,559.73,0.25,150.63,0.32,333.0,0.24,142.1,0.33,473.1,0.23,52.3,0.34,405.85
2026-01-07 08:48:50.528000+00:00,2026-01-07 08:48:48.027398+00:00,230.528,0.725,0.72,0.73,0.265,0.26,0.27,338.02,6.6,26.78,92.0,0.71,116.0,0.74,26.78,0.7,244.04,0.75,25.63,0.69,575.73,0.76,111.1,0.68,474.0,0.77,47.3,0.67,438.1,0.78,163.58,0.25,25.63,0.28,313.02,0.24,111.1,0.29,211.0,0.23,47.3,0.3,314.04,0.22,173.58,0.31,505.73,0.21,451.81,0.32,439.0
2026-01-07 08:48:51.553000+00:00,2026-01-07 08:48:49.037070+00:00,231.553,0.745,0.74,0.75,0.255,0.25,0.26,361.22,19.96,19.96,336.22,0.73,278.0,0.76,12.1,0.72,253.02,0.77,126.3,0.71,211.0,0.78,187.6,0.7,314.04,0.79,87.8,0.69,470.73,0.8,421.15,0.24,12.1,0.27,278.0,0.23,126.3,0.28,253.02,0.22,187.6,0.29,211.0,0.21,87.8,0.3,314.04,0.2,117.15,0.31,470.73
2026-01-07 08:48:52.548000+00:00,2026-01-07 08:48:50.040649+00:00,232.548,0.755,0.75,0.76,0.255,0.25,0.26,36.0,152.13,44.0,209.75,0.74,246.22,0.77,261.29,0.73,278.0,0.78,97.6,0.72,253.02,0.79,77.8,0.71,271.0,0.8,57.16,0.7,279.04,0.81,129.4,0.24,261.13,0.27,228.0,0.23,127.29,0.28,328.02,0.22,87.6,0.29,321.0,0.21,87.8,0.3,209.04,0.2,57.16,0.31,470.73
2026-01-07 08:48:53.555000+00:00,2026-01-07 08:48:51.047526+00:00,233.555,0.745,0.74,0.75,0.255,0.25,0.26,76.98,285.4,290.4,76.98,0.73,228.0,0.76,77.1,0.72,378.62,0.77,82.3,0.71,354.85,0.78,52.6,0.7,261.18,0.79,77.8,0.69,470.73,0.8,178.16,0.24,112.1,0.27,263.0,0.23,107.3,0.28,398.62,0.22,52.6,0.29,354.85,0.21,199.8,0.3,261.18,0.2,300.16,0.31,505.73
2026-01-07 08:48:54.558000+00:00,2026-01-07 08:48:52.055207+00:00,234.558,0.745,0.74,0.75,0.255,0.25,0.26,36.98,257.4,243.4,36.98,0.73,263.0,0.76,122.1,0.72,383.62,0.77,97.3,0.71,355.0,0.78,62.6,0.7,251.18,0.79,260.8,0.69,505.73,0.8,361.16,0.24,107.1,0.27,278.0,0.23,112.29,0.28,383.62,0.22,62.6,0.29,355.0,0.21,260.8,0.3,251.18,0.2,361.16,0.31,505.73
2026-01-07 08:48:55.573000+00:00,2026-01-07 08:48:53.061286+00:00,235.573,0.725,0.72,0.73,0.295,0.29,0.3,5.6,207.0,80.0,7.14,0.7,7.14,0.74,162.0,0.69,84.96,0.75,547.4,0.68,45.0,0.76,386.08,0.67,109.1,0.77,356.3,0.66,224.85,0.78,356.6,0.28,146.4,0.31,143.96,0.27,462.0,0.32,70.0,0.26,308.0,0.33,145.0,0.25,437.4,0.34,224.85,0.24,396.08,0.35,248.0
2026-01-07 08:48:56.567000+00:00,2026-01-07 08:48:54.067006+00:00,236.567,0.705,0.7,0.71,0.295,0.29,0.3,132.14,49.0,49.0,132.14,0.69,164.96,0.72,110.0,0.68,45.0,0.73,94.99,0.67,268.0,0.74,344.0,0.66,224.85,0.75,382.4,0.65,248.0,0.76,366.1,0.28,110.0,0.31,164.96,0.27,84.99,0.32,45.0,0.26,344.0,0.33,268.0,0.25,382.4,0.34,224.85,0.24,366.1,0.35,248.0
2026-01-07 08:48:57.589000+00:00,2026-01-07 08:48:55.075846+00:00,237.589,0.725,0.72,0.73,0.275,0.27,0.28,175.0,49.0,35.0,190.0,0.71,322.0,0.74,193.0,0.7,259.14,0.75,334.0,0.69,331.96,0.76,535.1,0.68,272.0,0.77,416.29,0.67,459.0,0.78,351.6,0.26,10.0,0.29,357.0,0.25,15.0,0.3,259.14,0.24,211.1,0.31,392.96,0.23,208.29,0.32,333.0,0.22,381.6,0.33,459.0
2026-01-07 08:48:58.537000+00:00,2026-01-07 08:48:56.084210+00:00,238.537,0.745,0.74,0.75,0.255,0.25,0.26,103.25,115.0,115.0,103.25,0.73,130.0,0.76,42.1,0.72,338.0,0.77,122.3,0.71,403.0,0.78,107.58,0.7,340.14,0.79,193.8,0.69,357.96,0.8,371.16,0.24,42.1,0.27,130.0,0.23,122.3,0.28,338.0,0.22,107.58,0.29,403.0,0.21,193.8,0.3,340.14,0.2,371.16,0.31,357.96
2026-01-07 08:48:59.611000+00:00,2026-01-07 08:48:57.104888+00:00,239.611,0.745,0.74,0.75,0.255,0.25,0.26,45.0,130.0,255.0,35.0,0.73,215.0,0.76,92.1,0.72,403.0,0.77,132.29,0.71,333.0,0.78,37.6,0.7,354.14,0.79,193.8,0.69,357.96,0.8,371.16,0.24,92.1,0.27,165.0,0.23,132.29,0.28,453.0,0.22,57.6,0.29,333.0,0.21,183.8,0.3,354.14,0.2,371.16,0.31,357.96
2026-01-07 08:49:00.649000+00:00,2026-01-07 08:48:58.117119+00:00,240.649,0.745,0.74,0.75,0.255,0.25,0.26,91.15,24.0,124.0,91.15,0.73,140.0,0.76,251.1,0.72,453.0,0.77,102.3,0.71,347.0,0.78,47.6,0.7,340.14,0.79,183.8,0.69,357.96,0.8,371.16,0.24,147.1,0.27,180.0,0.23,102.3,0.28,423.0,0.22,77.58,0.29,347.0,0.21,193.8,0.3,340.14,0.2,371.16,0.31,357.96
2026-01-07 08:49:01.620000+00:00,2026-01-07 08:48:59.138191+00:00,241.62,0.745,0.74,0.75,0.255,0.25,0.26,60.0,124.0,124.0,60.0,0.73,235.0,0.76,147.1,0.72,378.0,0.77,102.3,0.71,347.0,0.78,67.58,0.7,340.14,0.79,193.8,0.69,392.96,0.8,371.16,0.24,142.1,0.27,235.0,0.23,107.3,0.28,378.0,0.22,67.58,0.29,347.0,0.21,203.8,0.3,340.14,0.2,371.16,0.31,392.96
2026-01-07 08:49:02.661000+00:00,2026-01-07 08:49:00.144109+00:00,242.661,0.735,0.73,0.74,0.265,0.26,0.27,55.0,14.0,19.0,75.0,0.72,298.0,0.75,138.0,0.71,263.0,0.76,211.08,0.7,259.14,0.77,52.3,0.69,392.96,0.78,179.6,0.68,439.0,0.79,315.8,0.25,115.0,0.28,298.0,0.24,211.08,0.29,228.0,0.23,72.3,0.3,249.14,0.22,179.6,0.31,357.96,0.21,315.8,0.32,404.0
2026-01-07 08:49:03.669000+00:00,2026-01-07 08:49:01.162672+00:00,243.669,0.735,0.73,0.74,0.265,0.26,0.27,54.67,88.17,88.17,69.67,0.72,115.0,0.75,15.0,0.71,80.0,0.76,246.1,0.7,259.14,0.77,102.29,0.69,462.96,0.78,240.6,0.68,388.0,0.79,366.8,0.25,15.0,0.28,85.0,0.24,132.1,0.29,202.0,0.23,211.29,0.3,259.14,0.22,240.6,0.31,462.96,0.21,366.8,0.32,388.0
2026-01-07 08:49:04.661000+00:00,2026-01-07 08:49:02.154749+00:00,244.661,0.735,0.73,0.74,0.265,0.26,0.27,69.67,93.17,299.16,15.0,0.72,75.0,0.75,2333.28,0.71,303.0,0.76,72.1,0.7,259.14,0.77,112.29,0.69,322.96,0.78,47.6,0.68,388.0,0.79,356.8,0.25,2253.1,0.29,263.0,0.24,52.1,0.3,245.14,0.23,52.3,0.31,342.96,0.22,37.6,0.32,428.0,0.21,356.8,0.33,534.0
2026-01-07 08:49:05.625000+00:00,2026-01-07 08:49:03.161479+00:00,245.625,0.72,0.71,0.73,0.28,0.27,0.29,263.0,170.18,170.18,263.0,0.7,245.14,0.74,175.52,0.69,427.96,0.75,2343.1,0.68,428.0,0.76,52.1,0.67,444.0,0.77,52.3,0.66,410.85,0.78,37.6,0.26,175.52,0.3,245.14,0.25,2343.1,0.31,427.96,0.24,52.1,0.32,428.0,0.23,52.3,0.33,444.0,0.22,37.6,0.34,410.85
2026-01-07 08:49:06.671000+00:00,2026-01-07 08:49:04.185363+00:00,246.671,0.715,0.71,0.72,0.28500000000000003,0.28,0.29,288.0,155.0,155.0,288.0,0.7,395.14,0.73,69.0,0.69,467.96,0.74,200.52,0.68,318.0,0.75,2353.1,0.67,444.0,0.76,52.1,0.66,410.85,0.77,52.3,0.27,69.0,0.3,395.14,0.26,200.52,0.31,467.96,0.25,2353.1,0.32,318.0,0.24,174.1,0.33,444.0,0.23,295.3,0.34,410.85
2026-01-07 08:49:07.633000+00:00,2026-01-07 08:49:05.192530+00:00,247.633,0.715,0.71,0.72,0.28500000000000003,0.28,0.29,150.0,31.0,31.0,150.0,0.7,247.14,0.73,139.0,0.69,263.96,0.74,246.53,0.68,318.0,0.75,2293.08,0.67,323.0,0.76,245.1,0.66,289.85,0.77,356.3,0.27,139.0,0.3,247.14,0.26,246.53,0.31,243.96,0.25,2293.08,0.32,318.0,0.24,245.1,0.33,323.0,0.23,356.3,0.34,289.85
2026-01-07 08:49:08.691000+00:00,2026-01-07 08:49:06.200045+00:00,248.691,0.715,0.71,0.72,0.28500000000000003,0.28,0.29,145.55,31.0,26.0,145.55,0.7,262.14,0.73,155.0,0.69,365.96,0.74,155.52,0.68,318.0,0.75,2273.1,0.67,318.0,0.76,349.1,0.66,289.85,0.77,356.3,0.27,155.0,0.3,262.14,0.26,155.52,0.31,365.96,0.25,2273.1,0.32,318.0,0.24,349.1,0.33,323.0,0.23,356.3,0.34,289.85
2026-01-07 08:49:09.647000+00:00,2026-01-07 08:49:07.206511+00:00,249.647,0.715,0.71,0.72,0.28500000000000003,0.28,0.29,100.55,156.0,156.0,100.55,0.7,282.14,0.73,85.0,0.69,406.96,0.74,155.52,0.68,318.0,0.75,2363.1,0.67,323.0,0.76,72.1,0.66,289.85,0.77,356.3,0.27,85.0,0.3,282.14,0.26,155.52,0.31,406.96,0.25,2353.1,0.32,318.0,0.24,72.1,0.33,323.0,0.23,356.3,0.34,289.85
2026-01-07 08:49:10.637000+00:00,2026-01-07 08:49:08.217055+00:00,250.637,0.715,0.71,0.72,0.28500000000000003,0.28,0.29,160.0,12.0,12.0,160.0,0.7,267.14,0.73,169.0,0.69,381.96,0.74,155.52,0.68,318.0,0.75,2388.1,0.67,323.0,0.76,72.1,0.66,324.85,0.77,366.3,0.27,169.0,0.3,267.14,0.26,155.52,0.31,381.96,0.25,2388.1,0.32,318.0,0.24,72.1,0.33,323.0,0.23,366.3,0.34,324.85
2026-01-07 08:49:11.650000+00:00,2026-01-07 08:49:09.222483+00:00,251.65,0.725,0.72,0.73,0.275,0.27,0.28,35.0,113.91,113.91,35.0,0.71,227.69,0.74,145.52,0.7,267.14,0.75,2388.1,0.69,397.0,0.76,82.1,0.68,318.0,0.77,366.3,0.67,288.0,0.78,341.6,0.26,145.52,0.29,227.69,0.25,2388.1,0.3,267.14,0.24,82.1,0.31,397.0,0.23,366.3,0.32,318.0,0.22,341.6,0.33,288.0
2026-01-07 08:49:12.730000+00:00,2026-01-07 08:49:10.222460+00:00,252.73,0.725,0.72,0.73,0.275,0.27,0.28,15.0,113.91,113.91,45.0,0.71,257.69,0.74,120.53,0.7,226.14,0.75,2298.08,0.69,383.0,0.76,186.1,0.68,318.0,0.77,366.3,0.67,392.0,0.78,351.6,0.26,120.53,0.29,247.69,0.25,2298.08,0.3,216.14,0.24,82.1,0.31,383.0,0.23,485.3,0.32,318.0,0.22,351.6,0.33,392.0
2026-01-07 08:49:13.593000+00:00,2026-01-07 08:49:11.242794+00:00,253.593,0.725,0.72,0.73,0.275,0.27,0.28,94.45,29.0,22.16,94.45,0.71,232.69,0.74,170.71,0.7,216.14,0.75,2298.08,0.69,383.0,0.76,82.1,0.68,318.0,0.77,485.3,0.67,343.0,0.78,351.6,0.26,170.71,0.29,232.69,0.25,2298.08,0.3,216.14,0.24,82.1,0.31,383.0,0.23,485.3,0.32,318.0,0.22,351.6,0.33,343.0
2026-01-07 08:49:14.758000+00:00,2026-01-07 08:49:12.249030+00:00,254.758,0.725,0.72,0.73,0.275,0.27,0.28,64.06,33.0,23.0,64.06,0.71,207.69,0.74,180.71,0.7,236.14,0.75,2378.08,0.69,383.0,0.76,92.1,0.68,318.0,0.77,356.3,0.67,392.0,0.78,351.6,0.26,190.71,0.29,237.69,0.25,2288.08,0.3,236.14,0.24,92.1,0.31,383.0,0.23,356.3,0.32,318.0,0.22,465.6,0.33,468.0
2026-01-07 08:49:15.763000+00:00,2026-01-07 08:49:13.257133+00:00,255.763,0.725,0.72,0.73,0.275,0.27,0.28,70.0,157.16,157.16,70.0,0.71,317.69,0.74,180.52,0.7,186.14,0.75,2258.1,0.69,383.0,0.76,186.1,0.68,318.0,0.77,366.3,0.67,392.0,0.78,341.6,0.26,180.52,0.29,322.69,0.25,2258.1,0.3,186.14,0.24,186.1,0.31,383.0,0.23,366.3,0.32,318.0,0.22,341.6,0.33,392.0
2026-01-07 08:49:16.755000+00:00,2026-01-07 08:49:14.263396+00:00,256.755,0.725,0.72,0.73,0.275,0.27,0.28,55.0,157.16,157.16,55.0,0.71,272.69,0.74,170.52,0.7,191.14,0.75,2268.1,0.69,383.0,0.76,186.1,0.68,318.0,0.77,366.3,0.67,392.0,0.78,341.6,0.26,170.52,0.29,272.69,0.25,2268.1,0.3,174.0,0.24,186.1,0.31,383.0,0.23,366.3,0.32,318.0,0.22,341.6,0.33,392.0
2026-01-07 08:49:17.756000+00:00,2026-01-07 08:49:15.270907+00:00,257.756,0.725,0.72,0.73,0.275,0.27,0.28,45.0,117.16,117.16,45.0,0.71,267.69,0.74,170.52,0.7,159.0,0.75,2268.1,0.69,383.0,0.76,82.1,0.68,318.0,0.77,475.3,0.67,392.0,0.78,341.6,0.26,170.52,0.29,267.69,0.25,2268.1,0.3,159.0,0.24,82.1,0.31,383.0,0.23,475.3,0.32,318.0,0.22,341.6,0.33,392.0
2026-01-07 08:49:18.747000+00:00,2026-01-07 08:49:16.279702+00:00,258.747,0.725,0.72,0.73,0.275,0.27,0.28,45.0,130.02,130.02,45.0,0.71,217.69,0.74,137.31,0.7,164.0,0.75,2258.1,0.69,383.0,0.76,82.1,0.68,318.0,0.77,475.3,0.67,372.0,0.78,351.6,0.26,137.31,0.29,217.69,0.25,2258.1,0.3,164.0,0.24,186.1,0.31,383.0,0.23,366.3,0.32,318.0,0.22,351.6,0.33,372.0
2026-01-07 08:49:19.538000+00:00,2026-01-07 08:49:17.287726+00:00,259.538,0.725,0.72,0.73,0.275,0.27,0.28,45.0,123.02,118.02,45.0,0.71,217.69,0.74,137.31,0.7,164.0,0.75,2258.1,0.69,383.0,0.76,186.1,0.68,338.0,0.77,366.3,0.67,323.0,0.78,351.6,0.26,137.31,0.29,217.69,0.25,2258.1,0.3,164.0,0.24,82.1,0.31,383.0,0.23,366.3,0.32,338.0,0.22,351.6,0.33,323.0
2026-01-07 08:49:20.649000+00:00,2026-01-07 08:49:18.294076+00:00,260.649,0.725,0.72,0.73,0.275,0.27,0.28,35.89,118.02,118.02,35.89,0.71,277.69,0.74,137.31,0.7,149.0,0.75,2258.1,0.69,383.0,0.76,82.1,0.68,338.0,0.77,485.3,0.67,323.0,0.78,341.6,0.26,137.31,0.29,277.69,0.25,2258.1,0.3,149.0,0.24,82.1,0.31,383.0,0.23,485.3,0.32,338.0,0.22,341.6,0.33,323.0
2026-01-07 08:49:21.808000+00:00,2026-01-07 08:49:19.299766+00:00,261.808,0.695,0.69,0.7,0.305,0.3,0.31,44.06,104.0,151.0,44.06,0.67,40.0,0.71,131.0,0.66,50.0,0.72,568.0,0.65,80.0,0.73,520.0,0.64,193.0,0.74,436.32,0.63,198.0,0.75,2607.1,0.29,131.0,0.33,40.0,0.28,568.0,0.34,50.0,0.27,520.0,0.35,80.0,0.26,436.32,0.36,60.0,0.25,2607.1,0.37,198.0
2026-01-07 08:49:22.805000+00:00,2026-01-07 08:49:20.307475+00:00,262.805,0.665,0.66,0.67,0.335,0.33,0.34,73.0,115.0,115.0,87.0,0.65,130.0,0.68,282.99,0.64,70.0,0.69,202.94,0.63,15.0,0.7,359.0,0.62,15.0,0.71,369.0,0.61,131.0,0.72,468.0,0.32,282.99,0.35,130.0,0.31,202.94,0.36,70.0,0.3,359.0,0.37,15.0,0.29,379.0,0.38,15.0,0.28,369.0,0.39,67.0
2026-01-07 08:49:23.794000+00:00,2026-01-07 08:49:21.311721+00:00,263.794,0.665,0.66,0.67,0.335,0.33,0.34,14.0,135.0,135.0,14.0,0.65,180.0,0.68,262.99,0.64,60.0,0.69,212.94,0.63,15.0,0.7,369.0,0.62,15.0,0.71,379.0,0.61,116.0,0.72,435.0,0.32,262.99,0.35,180.0,0.31,212.94,0.36,60.0,0.3,369.0,0.37,15.0,0.29,379.0,0.38,15.0,0.28,435.0,0.39,116.0
2026-01-07 08:49:24.749000+00:00,2026-01-07 08:49:22.316267+00:00,264.749,0.665,0.66,0.67,0.335,0.33,0.34,84.0,135.0,135.0,84.0,0.65,250.0,0.68,262.99,0.64,130.0,0.69,222.94,0.63,85.0,0.7,359.0,0.62,85.0,0.71,379.0,0.61,186.0,0.72,435.0,0.32,262.99,0.35,250.0,0.31,222.94,0.36,130.0,0.3,359.0,0.37,85.0,0.29,379.0,0.38,85.0,0.28,435.0,0.39,186.0
2026-01-07 08:49:25.624000+00:00,2026-01-07 08:49:23.337713+00:00,265.624,0.665,0.66,0.67,0.335,0.33,0.34,104.0,115.0,110.0,104.0,0.65,230.0,0.68,282.99,0.64,130.0,0.69,222.94,0.63,85.0,0.7,359.0,0.62,85.0,0.71,379.0,0.61,186.0,0.72,435.0,0.32,282.99,0.35,230.0,0.31,222.94,0.36,130.0,0.3,359.0,0.37,85.0,0.29,379.0,0.38,85.0,0.28,435.0,0.39,186.0
2026-01-07 08:49:26.833000+00:00,2026-01-07 08:49:24.340345+00:00,266.833,0.665,0.66,0.67,0.335,0.33,0.34,84.0,130.0,130.0,86.05,0.65,250.0,0.68,262.99,0.64,130.0,0.69,222.94,0.63,105.0,0.7,359.0,0.62,207.0,0.71,379.0,0.61,221.0,0.72,435.0,0.32,262.99,0.35,250.0,0.31,222.94,0.36,130.0,0.3,359.0,0.37,105.0,0.29,379.0,0.38,207.0,0.28,435.0,0.39,221.0
2026-01-07 08:49:27.865000+00:00,2026-01-07 08:49:25.347688+00:00,267.865,0.665,0.66,0.67,0.335,0.33,0.34,86.05,135.0,164.0,70.0,0.65,170.0,0.68,109.99,0.64,165.0,0.69,49.0,0.63,105.0,0.7,359.0,0.62,268.0,0.71,379.0,0.61,221.0,0.72,435.0,0.32,139.99,0.35,90.0,0.31,10.0,0.36,234.0,0.3,369.0,0.37,115.0,0.29,349.0,0.38,268.0,0.28,435.0,0.39,221.0
2026-01-07 08:49:28.763000+00:00,2026-01-07 08:49:26.371825+00:00,268.763,0.665,0.66,0.67,0.335,0.33,0.34,70.0,194.9,194.9,70.0,0.65,90.0,0.68,109.99,0.64,184.0,0.69,10.0,0.63,165.0,0.7,369.0,0.62,303.0,0.71,349.0,0.61,196.0,0.72,435.0,0.32,109.99,0.35,90.0,0.31,10.0,0.36,184.0,0.3,369.0,0.37,165.0,0.29,349.0,0.38,303.0,0.28,435.0,0.39,196.0
2026-01-07 08:49:29.839000+00:00,2026-01-07 08:49:27.376566+00:00,269.839,0.655,0.65,0.66,0.375,0.37,0.38,20.0,404.0,181.0,15.0,0.64,15.0,0.67,474.9,0.62,15.0,0.68,363.99,0.61,21.0,0.69,385.0,0.6,220.0,0.7,349.0,0.59,100.0,0.71,349.0,0.36,181.0,0.39,21.0,0.35,177.0,0.4,220.0,0.34,359.0,0.41,100.0,0.33,464.9,0.42,180.0,0.32,363.99,0.43,80.0
2026-01-07 08:49:30.738000+00:00,2026-01-07 08:49:28.384760+00:00,270.738,0.625,0.62,0.63,0.375,0.37,0.38,15.0,347.6,318.6,15.0,0.61,21.0,0.64,293.6,0.6,150.0,0.65,263.0,0.59,170.0,0.66,354.0,0.58,180.0,0.67,374.9,0.57,80.0,0.68,363.99,0.36,293.6,0.39,21.0,0.35,263.0,0.4,150.0,0.34,364.0,0.41,170.0,0.33,364.9,0.42,180.0,0.32,363.99,0.43,80.0
2026-01-07 08:49:31.893000+00:00,2026-01-07 08:49:29.392573+00:00,271.893,0.625,0.62,0.63,0.375,0.37,0.38,15.0,327.6,327.6,15.0,0.61,51.0,0.64,303.6,0.6,134.0,0.65,253.0,0.59,205.0,0.66,364.0,0.58,144.0,0.67,364.9,0.57,105.0,0.68,363.99,0.36,303.6,0.39,51.0,0.35,253.0,0.4,134.0,0.34,364.0,0.41,205.0,0.33,364.9,0.42,144.0,0.32,441.99,0.43,163.0
2026-01-07 08:49:32.887000+00:00,2026-01-07 08:49:30.401544+00:00,272.887,0.605,0.6,0.61,0.395,0.39,0.4,15.0,125.03,160.03,15.0,0.59,60.0,0.62,55.0,0.58,185.0,0.63,253.6,0.57,195.0,0.64,253.6,0.56,302.97,0.65,248.0,0.55,288.0,0.66,354.0,0.38,65.0,0.41,60.0,0.37,253.6,0.42,185.0,0.36,253.6,0.43,195.0,0.35,248.0,0.44,302.97,0.34,354.0,0.45,288.0
2026-01-07 08:49:33.883000+00:00,2026-01-07 08:49:31.408944+00:00,273.883,0.605,0.6,0.61,0.395,0.39,0.4,85.0,160.03,160.03,95.0,0.59,130.0,0.62,65.0,0.58,255.0,0.63,248.6,0.57,125.0,0.64,253.6,0.56,302.97,0.65,258.0,0.55,288.0,0.66,344.0,0.38,65.0,0.41,100.0,0.37,228.6,0.42,245.0,0.36,253.6,0.43,125.0,0.35,238.0,0.44,302.97,0.34,344.0,0.45,288.0
2026-01-07 08:49:34.867000+00:00,2026-01-07 08:49:32.431991+00:00,274.867,0.605,0.6,0.61,0.395,0.39,0.4,32.5,153.61,153.61,32.5,0.59,130.0,0.62,65.0,0.58,245.0,0.63,248.6,0.57,174.0,0.64,253.6,0.56,302.97,0.65,258.0,0.55,288.0,0.66,344.0,0.38,65.0,0.41,130.0,0.37,248.6,0.42,245.0,0.36,253.6,0.43,174.0,0.35,258.0,0.44,302.97,0.34,344.0,0.45,288.0
2026-01-07 08:49:35.938000+00:00,2026-01-07 08:49:33.439051+00:00,275.938,0.595,0.59,0.6,0.405,0.4,0.41,120.0,105.0,105.0,120.0,0.58,205.0,0.61,98.61,0.57,174.0,0.62,70.0,0.56,302.97,0.63,273.6,0.55,344.0,0.64,233.6,0.54,409.0,0.65,248.0,0.39,98.61,0.42,205.0,0.38,70.0,0.43,125.0,0.37,273.6,0.44,302.97,0.36,233.6,0.45,344.0,0.35,248.0,0.46,409.0
2026-01-07 08:49:36.958000+00:00,2026-01-07 08:49:34.444619+00:00,276.958,0.595,0.59,0.6,0.405,0.4,0.41,120.0,107.0,107.0,128.15,0.58,219.0,0.61,113.61,0.57,125.0,0.62,65.0,0.56,302.97,0.63,263.6,0.55,344.0,0.64,233.6,0.54,409.0,0.65,248.0,0.39,69.58,0.42,209.0,0.38,104.0,0.43,125.0,0.37,263.6,0.44,302.97,0.36,233.6,0.45,344.0,0.35,248.0,0.46,409.0
2026-01-07 08:49:37.970000+00:00,2026-01-07 08:49:35.453921+00:00,277.97,0.595,0.59,0.6,0.405,0.4,0.41,119.0,107.0,107.0,160.0,0.58,190.0,0.61,60.0,0.57,115.0,0.62,99.0,0.56,302.97,0.63,253.6,0.55,344.0,0.64,243.6,0.54,394.0,0.65,228.0,0.39,104.0,0.42,204.0,0.38,90.0,0.43,150.0,0.37,263.6,0.44,302.97,0.36,243.6,0.45,344.0,0.35,228.0,0.46,394.0
2026-01-07 08:49:38.948000+00:00,2026-01-07 08:49:36.459712+00:00,278.948,0.595,0.59,0.6,0.405,0.4,0.41,120.0,107.0,107.0,110.0,0.58,244.0,0.61,104.0,0.57,150.0,0.62,110.0,0.56,302.97,0.63,253.6,0.55,393.0,0.64,253.6,0.54,394.0,0.65,298.0,0.39,104.0,0.42,254.0,0.38,120.0,0.43,150.0,0.37,243.6,0.44,302.97,0.36,253.6,0.45,393.0,0.35,298.0,0.46,394.0
2026-01-07 08:49:39.948000+00:00,2026-01-07 08:49:37.481002+00:00,279.948,0.595,0.59,0.6,0.405,0.4,0.41,110.0,102.0,102.0,110.0,0.58,254.0,0.61,90.0,0.57,150.0,0.62,144.0,0.56,302.97,0.63,233.6,0.55,393.0,0.64,253.6,0.54,394.0,0.65,298.0,0.39,90.0,0.42,254.0,0.38,144.0,0.43,150.0,0.37,233.6,0.44,302.97,0.36,253.6,0.45,393.0,0.35,298.0,0.46,394.0
2026-01-07 08:49:40.960000+00:00,2026-01-07 08:49:38.472336+00:00,280.96,0.595,0.59,0.6,0.405,0.4,0.41,105.0,172.0,187.0,105.0,0.58,179.0,0.61,74.0,0.57,185.0,0.62,130.0,0.56,302.97,0.63,233.6,0.55,393.0,0.64,253.6,0.54,394.0,0.65,298.0,0.39,99.0,0.42,99.0,0.38,90.0,0.43,255.0,0.37,253.6,0.44,302.97,0.36,233.6,0.45,393.0,0.35,298.0,0.46,394.0
2026-01-07 08:49:42.901000+00:00,2026-01-07 08:49:40.499119+00:00,282.901,0.585,0.58,0.59,0.415,0.41,0.42,89.0,117.0,117.0,89.0,0.57,265.0,0.6,92.0,0.56,277.97,0.61,99.0,0.55,393.0,0.62,55.0,0.54,429.0,0.63,348.6,0.53,434.0,0.64,313.6,0.4,92.0,0.43,265.0,0.39,99.0,0.44,277.97,0.38,55.0,0.45,288.0,0.37,348.6,0.46,483.0,0.36,313.6,0.47,434.0
2026-01-07 08:49:43.958000+00:00,2026-01-07 08:49:41.507366+00:00,283.958,0.585,0.58,0.59,0.415,0.41,0.42,74.0,122.0,110.0,19.0,0.57,265.0,0.6,92.0,0.56,277.97,0.61,99.0,0.55,344.0,0.62,80.0,0.54,429.0,0.63,323.6,0.53,434.0,0.64,303.6,0.4,92.0,0.43,265.0,0.39,99.0,0.44,277.97,0.38,90.0,0.45,344.0,0.37,323.6,0.46,429.0,0.36,303.6,0.47,434.0
2026-01-07 08:49:45.027000+00:00,2026-01-07 08:49:42.517075+00:00,285.027,0.585,0.58,0.59,0.415,0.41,0.42,19.0,95.0,90.0,19.0,0.57,265.0,0.6,92.0,0.56,277.97,0.61,169.0,0.55,344.0,0.62,160.0,0.54,429.0,0.63,323.6,0.53,434.0,0.64,303.6,0.4,92.0,0.43,265.0,0.39,169.0,0.44,277.97,0.38,160.0,0.45,344.0,0.37,323.6,0.46,429.0,0.36,303.6,0.47,434.0
2026-01-07 08:49:46.933000+00:00,2026-01-07 08:49:44.530835+00:00,286.933,0.61,0.6,0.62,0.395,0.39,0.4,224.5,205.0,100.0,42.5,0.59,65.0,0.63,184.6,0.58,140.0,0.64,358.6,0.57,150.0,0.65,283.0,0.56,302.97,0.66,424.0,0.55,253.0,0.67,409.9,0.38,199.0,0.41,149.0,0.37,160.6,0.42,160.0,0.36,313.6,0.43,150.0,0.35,303.0,0.44,302.97,0.34,404.0,0.45,253.0
2026-01-07 08:49:48.019000+00:00,2026-01-07 08:49:45.552463+00:00,288.019,0.6,0.59,0.61,0.395,0.39,0.4,110.0,150.0,35.0,71.56,0.58,230.83,0.62,80.0,0.57,366.0,0.63,239.6,0.56,423.97,0.64,120.6,0.55,409.0,0.65,303.0,0.54,478.0,0.66,288.0,0.38,149.99,0.41,90.0,0.37,239.6,0.42,230.83,0.36,120.6,0.43,366.0,0.35,303.0,0.44,423.97,0.34,288.0,0.45,409.0
2026-01-07 08:49:49.812000+00:00,2026-01-07 08:49:47.566006+00:00,289.812,0.6,0.59,0.61,0.415,0.41,0.42,144.0,175.0,4856.0,406.39,0.58,360.83,0.62,99.0,0.57,318.0,0.63,195.6,0.56,423.97,0.64,120.6,0.55,409.0,0.65,120.0,0.54,478.0,0.66,288.0,0.39,185.0,0.43,318.0,0.38,89.0,0.44,423.97,0.37,185.6,0.45,409.0,0.36,120.6,0.46,478.0,0.35,100.0,0.47,399.0
2026-01-07 08:49:50.898000+00:00,2026-01-07 08:49:48.570865+00:00,290.898,0.585,0.58,0.59,0.415,0.41,0.42,406.39,4896.0,4896.0,406.39,0.57,308.0,0.6,30.0,0.56,453.97,0.61,150.0,0.55,419.0,0.62,79.0,0.54,478.0,0.63,185.6,0.53,399.0,0.64,120.6,0.4,30.0,0.43,308.0,0.39,150.0,0.44,453.97,0.38,79.0,0.45,419.0,0.37,185.6,0.46,478.0,0.36,120.6,0.47,399.0
