timestamp,seconds,mid,bid,ask,asset
2026-01-07 10:00:00+00:00,0.0,3196.73,3196.54,3196.81,ETH
2026-01-07 10:00:01+00:00,1.0,3196.73,3196.48,3196.79,ETH
2026-01-07 10:00:02+00:00,2.0,3196.34,3196.22,3196.35,ETH
2026-01-07 10:00:03+00:00,3.0,3196.0,3195.83,3196.0,ETH
2026-01-07 10:00:04+00:00,4.0,3195.7,3195.49,3195.81,ETH
2026-01-07 10:00:05+00:00,5.0,3195.55,3195.45,3195.74,ETH
2026-01-07 10:00:06+00:00,6.0,3195.6,3195.58,3195.92,ETH
2026-01-07 10:00:07+00:00,7.0,3195.65,3195.54,3196.04,ETH
2026-01-07 10:00:08+00:00,8.0,3195.65,3195.47,3195.96,ETH
2026-01-07 10:00:09+00:00,9.0,3195.6,3195.53,3195.9,ETH
2026-01-07 10:00:10+00:00,10.0,3195.46,3195.41,3195.86,ETH
2026-01-07 10:00:11+00:00,11.0,3195.32,3195.26,3195.8,ETH
2026-01-07 10:00:12+00:00,12.0,3195.26,3195.2,3195.72,ETH
2026-01-07 10:00:13+00:00,13.0,3195.18,3195.11,3195.46,ETH
2026-01-07 10:00:14+00:00,14.0,3195.14,3195.02,3195.17,ETH
2026-01-07 10:00:15+00:00,15.0,3195.11,3194.92,3195.12,ETH
2026-01-07 10:00:16+00:00,16.0,3195.11,3194.91,3195.12,ETH
2026-01-07 10:00:17+00:00,17.0,3195.14,3195.11,3195.26,ETH
2026-01-07 10:00:18+00:00,18.0,3195.47,3195.32,3195.64,ETH
2026-01-07 10:00:19+00:00,19.0,3195.92,3195.6,3196.13,ETH
2026-01-07 10:00:20+00:00,20.0,3195.84,3195.75,3195.95,ETH
2026-01-07 10:00:21+00:00,21.0,3195.87,3195.83,3195.95,ETH
2026-01-07 10:00:22+00:00,22.0,3195.95,3195.91,3195.99,ETH
2026-01-07 10:00:23+00:00,23.0,3196.08,3196.07,3196.3,ETH
2026-01-07 10:00:24+00:00,24.0,3196.4,3196.25,3196.45,ETH
2026-01-07 10:00:25+00:00,25.0,3196.8,3196.79,3197.12,ETH
2026-01-07 10:00:26+00:00,26.0,3196.98,3196.97,3197.2,ETH
2026-01-07 10:00:27+00:00,27.0,3196.98,3196.94,3197.02,ETH
2026-01-07 10:00:28+00:00,28.0,3196.52,3196.44,3196.55,ETH
2026-01-07 10:00:29+00:00,29.0,3196.1,3196.0,3196.15,ETH
2026-01-07 10:00:30+00:00,30.0,3195.83,3195.73,3195.87,ETH
2026-01-07 10:00:31+00:00,31.0,3195.8,3195.77,3195.84,ETH
2026-01-07 10:00:32+00:00,32.0,3195.8,3195.7,3195.82,ETH
2026-01-07 10:00:33+00:00,33.0,3195.67,3195.6,3195.73,ETH
2026-01-07 10:00:34+00:00,34.0,3195.33,3195.27,3195.38,ETH
2026-01-07 10:00:35+00:00,35.0,3195.33,3195.29,3195.38,ETH
2026-01-07 10:00:36+00:00,36.0,3195.8,3195.77,3195.96,ETH
2026-01-07 10:00:37+00:00,37.0,3195.8,3195.76,3195.9,ETH
2026-01-07 10:00:38+00:00,38.0,3195.8,3195.76,3195.85,ETH
2026-01-07 10:00:39+00:00,39.0,3195.8,3195.76,3195.87,ETH
2026-01-07 10:00:40+00:00,40.0,3195.8,3195.76,3195.9,ETH
2026-01-07 10:00:41+00:00,41.0,3195.8,3195.8,3195.91,ETH
2026-01-07 10:00:42+00:00,42.0,3195.8,3195.74,3195.92,ETH
2026-01-07 10:00:43+00:00,43.0,3195.8,3195.74,3195.87,ETH
2026-01-07 10:00:44+00:00,44.0,3195.31,3195.23,3195.38,ETH
2026-01-07 10:00:45+00:00,45.0,3195.3,3195.24,3195.48,ETH
2026-01-07 10:00:46+00:00,46.0,3195.14,3194.76,3195.28,ETH
2026-01-07 10:00:47+00:00,47.0,3194.461,3194.34,3194.53,ETH
2026-01-07 10:00:48+00:00,48.0,3194.441,3194.3,3194.63,ETH
2026-01-07 10:00:49+00:00,49.0,3194.311,3194.3,3194.56,ETH
2026-01-07 10:00:50+00:00,50.0,3194.641,3194.49,3194.71,ETH
2026-01-07 10:00:51+00:00,51.0,3194.601,3194.41,3194.67,ETH
2026-01-07 10:00:52+00:00,52.0,3194.561,3194.33,3194.63,ETH
2026-01-07 10:00:53+00:00,53.0,3194.441,3194.35,3194.56,ETH
2026-01-07 10:00:54+00:00,54.0,3194.291,3194.21,3194.44,ETH
2026-01-07 10:00:55+00:00,55.0,3194.161,3194.15,3194.44,ETH
2026-01-07 10:00:56+00:00,56.0,3194.161,3194.15,3194.43,ETH
2026-01-07 10:00:57+00:00,57.0,3194.311,3194.3,3194.37,ETH
2026-01-07 10:00:58+00:00,58.0,3193.761,3193.76,3194.0,ETH
2026-01-07 10:00:59+00:00,59.0,3193.781,3193.75,3194.0,ETH
2026-01-07 10:01:00+00:00,60.0,3193.791,3193.75,3194.0,ETH
2026-01-07 10:01:01+00:00,61.0,3193.801,3193.74,3194.0,ETH
2026-01-07 10:01:02+00:00,62.0,3193.821,3193.74,3194.0,ETH
2026-01-07 10:01:03+00:00,63.0,3193.771,3193.66,3194.07,ETH
2026-01-07 10:01:04+00:00,64.0,3193.621,3193.62,3194.05,ETH
2026-01-07 10:01:05+00:00,65.0,3194.021,3193.99,3194.26,ETH
2026-01-07 10:01:06+00:00,66.0,3194.111,3194.09,3194.28,ETH
2026-01-07 10:01:07+00:00,67.0,3194.151,3194.1,3194.28,ETH
2026-01-07 10:01:08+00:00,68.0,3194.151,3194.1,3194.46,ETH
2026-01-07 10:01:09+00:00,69.0,3194.111,3194.08,3194.39,ETH
2026-01-07 10:01:10+00:00,70.0,3194.111,3194.08,3194.29,ETH
2026-01-07 10:01:11+00:00,71.0,3194.111,3194.1,3194.39,ETH
2026-01-07 10:01:12+00:00,72.0,3194.331,3194.19,3194.5,ETH
2026-01-07 10:01:13+00:00,73.0,3194.601,3194.3,3194.67,ETH
2026-01-07 10:01:14+00:00,74.0,3194.721,3194.54,3194.84,ETH
2026-01-07 10:01:15+00:00,75.0,3194.851,3194.8,3194.99,ETH
2026-01-07 10:01:16+00:00,76.0,3194.891,3194.85,3194.99,ETH
2026-01-07 10:01:17+00:00,77.0,3194.891,3194.85,3194.99,ETH
2026-01-07 10:01:18+00:00,78.0,3194.94,3194.91,3195.07,ETH
2026-01-07 10:01:19+00:00,79.0,3194.98,3194.97,3195.18,ETH
2026-01-07 10:01:20+00:00,80.0,3195.01,3194.97,3195.2,ETH
2026-01-07 10:01:21+00:00,81.0,3195.01,3194.97,3195.14,ETH
2026-01-07 10:01:22+00:00,82.0,3194.98,3194.97,3195.16,ETH
2026-01-07 10:01:23+00:00,83.0,3194.98,3194.97,3195.18,ETH
2026-01-07 10:01:25+00:00,85.0,3194.98,3194.97,3195.05,ETH
2026-01-07 10:01:26+00:00,86.0,3194.98,3194.97,3195.05,ETH
2026-01-07 10:01:27+00:00,87.0,3194.98,3194.97,3195.07,ETH
2026-01-07 10:01:28+00:00,88.0,3194.98,3194.98,3195.17,ETH
2026-01-07 10:01:29+00:00,89.0,3195.0,3194.98,3195.12,ETH
2026-01-07 10:01:30+00:00,90.0,3194.99,3194.98,3195.12,ETH
2026-01-07 10:01:31+00:00,91.0,3194.97,3194.94,3195.05,ETH
2026-01-07 10:01:32+00:00,92.0,3194.96,3194.94,3195.2,ETH
2026-01-07 10:01:33+00:00,93.0,3194.99,3194.99,3195.45,ETH
2026-01-07 10:01:35+00:00,95.0,3195.0,3194.8,3195.01,ETH
2026-01-07 10:01:36+00:00,96.0,3195.13,3194.95,3195.33,ETH
2026-01-07 10:01:37+00:00,97.0,3195.0,3194.97,3195.06,ETH
2026-01-07 10:01:38+00:00,98.0,3195.02,3194.99,3195.09,ETH
2026-01-07 10:01:39+00:00,99.0,3195.02,3194.99,3195.1,ETH
2026-01-07 10:01:40+00:00,100.0,3195.0,3194.9,3195.0,ETH
2026-01-07 10:01:41+00:00,101.0,3194.391,3194.32,3194.45,ETH
2026-01-07 10:01:42+00:00,102.0,3194.461,3194.44,3194.51,ETH
2026-01-07 10:01:43+00:00,103.0,3194.591,3194.53,3194.99,ETH
2026-01-07 10:01:44+00:00,104.0,3194.911,3194.86,3195.17,ETH
2026-01-07 10:01:45+00:00,105.0,3195.09,3195.06,3195.17,ETH
2026-01-07 10:01:46+00:00,106.0,3195.16,3195.06,3195.17,ETH
2026-01-07 10:01:47+00:00,107.0,3195.17,3195.08,3195.17,ETH
2026-01-07 10:01:48+00:00,108.0,3195.17,3195.05,3195.17,ETH
2026-01-07 10:01:49+00:00,109.0,3195.15,3195.06,3195.17,ETH
2026-01-07 10:01:50+00:00,110.0,3195.08,3194.96,3195.15,ETH
2026-01-07 10:01:51+00:00,111.0,3195.05,3195.0,3195.16,ETH
2026-01-07 10:01:52+00:00,112.0,3195.04,3195.0,3195.17,ETH
2026-01-07 10:01:53+00:00,113.0,3195.21,3195.09,3195.27,ETH
2026-01-07 10:01:54+00:00,114.0,3195.28,3195.16,3195.37,ETH
2026-01-07 10:01:55+00:00,115.0,3195.35,3195.31,3195.5,ETH
2026-01-07 10:01:56+00:00,116.0,3195.52,3195.45,3195.61,ETH
2026-01-07 10:01:57+00:00,117.0,3195.83,3195.66,3196.08,ETH
2026-01-07 10:01:58+00:00,118.0,3196.17,3196.01,3196.52,ETH
2026-01-07 10:01:59+00:00,119.0,3196.29,3196.2,3196.47,ETH
2026-01-07 10:02:00+00:00,120.0,3196.31,3196.24,3196.43,ETH
2026-01-07 10:02:01+00:00,121.0,3196.27,3196.23,3196.32,ETH
2026-01-07 10:02:02+00:00,122.0,3196.21,3196.19,3196.27,ETH
2026-01-07 10:02:03+00:00,123.0,3196.2,3196.2,3196.33,ETH
2026-01-07 10:02:04+00:00,124.0,3196.19,3196.14,3196.29,ETH
2026-01-07 10:02:05+00:00,125.0,3196.18,3196.1,3196.21,ETH
2026-01-07 10:02:06+00:00,126.0,3196.19,3196.16,3196.26,ETH
2026-01-07 10:02:07+00:00,127.0,3196.23,3196.2,3196.3,ETH
2026-01-07 10:02:08+00:00,128.0,3196.23,3196.2,3196.3,ETH
2026-01-07 10:02:09+00:00,129.0,3196.2,3196.2,3196.3,ETH
2026-01-07 10:02:10+00:00,130.0,3196.16,3196.09,3196.21,ETH
2026-01-07 10:02:11+00:00,131.0,3195.76,3195.59,3195.79,ETH
2026-01-07 10:02:12+00:00,132.0,3195.37,3195.19,3195.52,ETH
2026-01-07 10:02:13+00:00,133.0,3195.45,3195.36,3195.68,ETH
2026-01-07 10:02:14+00:00,134.0,3195.56,3195.53,3195.76,ETH
2026-01-07 10:02:15+00:00,135.0,3195.58,3195.57,3195.78,ETH
2026-01-07 10:02:16+00:00,136.0,3195.6,3195.6,3195.8,ETH
2026-01-07 10:02:17+00:00,137.0,3195.86,3195.82,3195.95,ETH
2026-01-07 10:02:18+00:00,138.0,3195.95,3195.94,3196.16,ETH
2026-01-07 10:02:19+00:00,139.0,3195.93,3195.84,3195.96,ETH
2026-01-07 10:02:20+00:00,140.0,3195.95,3195.91,3195.99,ETH
2026-01-07 10:02:21+00:00,141.0,3195.95,3195.9,3195.99,ETH
2026-01-07 10:02:22+00:00,142.0,3195.98,3195.94,3196.02,ETH
2026-01-07 10:02:23+00:00,143.0,3195.95,3195.89,3195.97,ETH
2026-01-07 10:02:24+00:00,144.0,3196.12,3196.07,3196.17,ETH
2026-01-07 10:02:25+00:00,145.0,3196.55,3196.41,3196.65,ETH
2026-01-07 10:02:26+00:00,146.0,3196.65,3196.53,3196.77,ETH
2026-01-07 10:02:27+00:00,147.0,3197.39,3197.33,3197.51,ETH
2026-01-07 10:02:28+00:00,148.0,3197.69,3197.58,3197.87,ETH
2026-01-07 10:02:29+00:00,149.0,3197.91,3197.86,3198.06,ETH
2026-01-07 10:02:30+00:00,150.0,3198.15,3198.05,3198.24,ETH
2026-01-07 10:02:31+00:00,151.0,3199.55,3199.44,3199.59,ETH
2026-01-07 10:02:32+00:00,152.0,3199.44,3199.25,3199.48,ETH
2026-01-07 10:02:33+00:00,153.0,3199.22,3198.95,3199.31,ETH
2026-01-07 10:02:34+00:00,154.0,3199.21,3199.04,3199.32,ETH
2026-01-07 10:02:35+00:00,155.0,3199.44,3199.4,3199.54,ETH
2026-01-07 10:02:36+00:00,156.0,3199.69,3199.51,3199.76,ETH
2026-01-07 10:02:37+00:00,157.0,3199.92,3199.73,3200.03,ETH
2026-01-07 10:02:38+00:00,158.0,3200.13,3200.04,3200.22,ETH
2026-01-07 10:02:39+00:00,159.0,3200.78,3200.66,3200.8,ETH
2026-01-07 10:02:40+00:00,160.0,3201.6,3201.33,3201.66,ETH
2026-01-07 10:02:41+00:00,161.0,3201.85,3201.48,3201.95,ETH
2026-01-07 10:02:42+00:00,162.0,3201.92,3201.9,3202.02,ETH
2026-01-07 10:02:43+00:00,163.0,3201.44,3201.35,3201.54,ETH
2026-01-07 10:02:44+00:00,164.0,3201.15,3201.0,3201.29,ETH
2026-01-07 10:02:45+00:00,165.0,3202.06,3201.79,3202.13,ETH
2026-01-07 10:02:46+00:00,166.0,3202.04,3201.98,3202.1,ETH
2026-01-07 10:02:47+00:00,167.0,3202.04,3201.81,3202.14,ETH
2026-01-07 10:02:48+00:00,168.0,3202.11,3202.06,3202.23,ETH
2026-01-07 10:02:49+00:00,169.0,3201.86,3201.7,3202.01,ETH
2026-01-07 10:02:50+00:00,170.0,3201.67,3201.43,3201.68,ETH
2026-01-07 10:02:51+00:00,171.0,3201.31,3201.19,3201.32,ETH
2026-01-07 10:02:52+00:00,172.0,3201.69,3201.43,3201.79,ETH
2026-01-07 10:02:53+00:00,173.0,3202.14,3202.06,3202.45,ETH
2026-01-07 10:02:54+00:00,174.0,3202.51,3202.45,3202.92,ETH
2026-01-07 10:02:55+00:00,175.0,3203.14,3202.94,3203.67,ETH
2026-01-07 10:02:56+00:00,176.0,3203.29,3203.23,3203.52,ETH
2026-01-07 10:02:57+00:00,177.0,3203.28,3203.09,3203.29,ETH
2026-01-07 10:02:58+00:00,178.0,3203.38,3203.25,3203.5,ETH
2026-01-07 10:02:59+00:00,179.0,3203.28,3203.23,3203.5,ETH
2026-01-07 10:03:00+00:00,180.0,3203.36,3203.19,3203.47,ETH
2026-01-07 10:03:01+00:00,181.0,3203.42,3203.1,3203.5,ETH
2026-01-07 10:03:02+00:00,182.0,3203.29,3203.09,3203.34,ETH
2026-01-07 10:03:03+00:00,183.0,3203.06,3202.98,3203.1,ETH
2026-01-07 10:03:04+00:00,184.0,3202.6,3202.42,3202.61,ETH
2026-01-07 10:03:05+00:00,185.0,3202.58,3202.4,3202.61,ETH
2026-01-07 10:03:06+00:00,186.0,3202.37,3202.26,3202.46,ETH
2026-01-07 10:03:07+00:00,187.0,3202.18,3202.05,3202.3,ETH
2026-01-07 10:03:08+00:00,188.0,3202.17,3201.98,3202.3,ETH
2026-01-07 10:03:09+00:00,189.0,3202.19,3202.1,3202.34,ETH
2026-01-07 10:03:10+00:00,190.0,3202.05,3201.98,3202.16,ETH
2026-01-07 10:03:12+00:00,192.0,3201.77,3201.68,3201.83,ETH
2026-01-07 10:03:13+00:00,193.0,3201.6,3201.6,3201.85,ETH
2026-01-07 10:03:14+00:00,194.0,3202.01,3201.92,3202.19,ETH
2026-01-07 10:03:15+00:00,195.0,3202.1,3202.09,3202.2,ETH
2026-01-07 10:03:16+00:00,196.0,3202.2,3202.11,3202.83,ETH
2026-01-07 10:03:17+00:00,197.0,3202.29,3202.11,3202.46,ETH
2026-01-07 10:03:18+00:00,198.0,3201.98,3201.84,3202.12,ETH
2026-01-07 10:03:19+00:00,199.0,3202.08,3201.97,3202.12,ETH
2026-01-07 10:03:20+00:00,200.0,3202.14,3202.11,3202.35,ETH
2026-01-07 10:03:21+00:00,201.0,3202.11,3202.11,3202.35,ETH
2026-01-07 10:03:22+00:00,202.0,3202.38,3202.18,3202.68,ETH
2026-01-07 10:03:23+00:00,203.0,3202.46,3202.39,3202.5,ETH
2026-01-07 10:03:24+00:00,204.0,3202.45,3202.39,3202.8,ETH
2026-01-07 10:03:25+00:00,205.0,3202.56,3202.39,3202.63,ETH
2026-01-07 10:03:26+00:00,206.0,3202.56,3202.39,3202.76,ETH
2026-01-07 10:03:27+00:00,207.0,3202.52,3202.39,3202.76,ETH
2026-01-07 10:03:28+00:00,208.0,3202.53,3202.39,3202.64,ETH
2026-01-07 10:03:29+00:00,209.0,3202.46,3202.39,3202.5,ETH
2026-01-07 10:03:30+00:00,210.0,3202.52,3202.41,3202.61,ETH
2026-01-07 10:03:31+00:00,211.0,3202.86,3202.67,3202.98,ETH
2026-01-07 10:03:32+00:00,212.0,3203.23,3203.07,3203.35,ETH
2026-01-07 10:03:33+00:00,213.0,3203.22,3203.16,3203.32,ETH
2026-01-07 10:03:34+00:00,214.0,3203.15,3203.08,3203.2,ETH
2026-01-07 10:03:35+00:00,215.0,3202.66,3202.6,3202.7,ETH
2026-01-07 10:03:36+00:00,216.0,3202.18,3202.07,3202.2,ETH
2026-01-07 10:03:37+00:00,217.0,3202.08,3201.96,3202.18,ETH
2026-01-07 10:03:38+00:00,218.0,3202.0,3201.97,3202.13,ETH
2026-01-07 10:03:39+00:00,219.0,3201.85,3201.83,3201.95,ETH
2026-01-07 10:03:40+00:00,220.0,3201.69,3201.67,3201.81,ETH
2026-01-07 10:03:41+00:00,221.0,3201.69,3201.67,3201.81,ETH
2026-01-07 10:03:42+00:00,222.0,3201.69,3201.67,3201.82,ETH
2026-01-07 10:03:43+00:00,223.0,3201.69,3201.57,3201.8,ETH
2026-01-07 10:03:44+00:00,224.0,3201.65,3201.54,3201.8,ETH
2026-01-07 10:03:45+00:00,225.0,3201.9,3201.78,3202.04,ETH
2026-01-07 10:03:46+00:00,226.0,3202.26,3202.12,3202.4,ETH
2026-01-07 10:03:47+00:00,227.0,3202.43,3202.41,3202.71,ETH
2026-01-07 10:03:48+00:00,228.0,3202.54,3202.52,3202.74,ETH
2026-01-07 10:03:49+00:00,229.0,3202.54,3202.46,3202.58,ETH
2026-01-07 10:03:50+00:00,230.0,3202.63,3202.46,3202.65,ETH
2026-01-07 10:03:51+00:00,231.0,3202.71,3202.5,3202.74,ETH
2026-01-07 10:03:52+00:00,232.0,3202.44,3202.38,3202.58,ETH
2026-01-07 10:03:53+00:00,233.0,3202.8,3202.71,3203.03,ETH
2026-01-07 10:03:54+00:00,234.0,3202.8,3202.79,3203.01,ETH
2026-01-07 10:03:55+00:00,235.0,3202.76,3202.56,3202.82,ETH
2026-01-07 10:03:56+00:00,236.0,3202.8,3202.76,3202.85,ETH
2026-01-07 10:03:57+00:00,237.0,3202.74,3202.7,3202.84,ETH
2026-01-07 10:03:58+00:00,238.0,3202.91,3202.91,3203.06,ETH
2026-01-07 10:03:59+00:00,239.0,3202.91,3202.91,3203.08,ETH
2026-01-07 10:04:00+00:00,240.0,3202.98,3202.91,3203.28,ETH
2026-01-07 10:04:01+00:00,241.0,3202.83,3202.6,3202.89,ETH
2026-01-07 10:04:02+00:00,242.0,3202.6,3202.6,3202.91,ETH
2026-01-07 10:04:03+00:00,243.0,3202.6,3202.6,3202.74,ETH
2026-01-07 10:04:04+00:00,244.0,3202.09,3201.83,3202.16,ETH
2026-01-07 10:04:05+00:00,245.0,3201.69,3201.69,3202.21,ETH
2026-01-07 10:04:06+00:00,246.0,3201.88,3201.69,3202.06,ETH
2026-01-07 10:04:07+00:00,247.0,3201.76,3201.7,3201.82,ETH
2026-01-07 10:04:08+00:00,248.0,3201.56,3201.54,3201.85,ETH
2026-01-07 10:04:09+00:00,249.0,3201.54,3201.53,3201.75,ETH
2026-01-07 10:04:10+00:00,250.0,3201.57,3201.51,3201.74,ETH
2026-01-07 10:04:11+00:00,251.0,3201.36,3201.18,3201.44,ETH
2026-01-07 10:04:12+00:00,252.0,3201.51,3201.28,3201.53,ETH
2026-01-07 10:04:13+00:00,253.0,3201.81,3201.64,3201.92,ETH
2026-01-07 10:04:14+00:00,254.0,3201.83,3201.78,3201.97,ETH
2026-01-07 10:04:15+00:00,255.0,3201.82,3201.68,3201.9,ETH
2026-01-07 10:04:16+00:00,256.0,3201.63,3201.42,3201.81,ETH
2026-01-07 10:04:17+00:00,257.0,3201.56,3201.36,3201.81,ETH
2026-01-07 10:04:18+00:00,258.0,3201.37,3201.34,3201.45,ETH
2026-01-07 10:04:19+00:00,259.0,3201.21,3201.2,3201.43,ETH
2026-01-07 10:04:20+00:00,260.0,3201.21,3201.2,3201.46,ETH
2026-01-07 10:04:21+00:00,261.0,3201.5,3201.43,3201.53,ETH
2026-01-07 10:04:22+00:00,262.0,3201.61,3201.5,3201.72,ETH
2026-01-07 10:04:23+00:00,263.0,3201.68,3201.5,3201.75,ETH
2026-01-07 10:04:24+00:00,264.0,3201.6,3201.5,3201.66,ETH
2026-01-07 10:04:25+00:00,265.0,3201.66,3201.5,3201.71,ETH
2026-01-07 10:04:26+00:00,266.0,3201.69,3201.64,3201.74,ETH
2026-01-07 10:04:27+00:00,267.0,3201.75,3201.65,3201.79,ETH
2026-01-07 10:04:28+00:00,268.0,3201.76,3201.65,3201.81,ETH
2026-01-07 10:04:29+00:00,269.0,3201.59,3201.58,3201.67,ETH
2026-01-07 10:04:30+00:00,270.0,3201.57,3201.33,3201.77,ETH
2026-01-07 10:04:31+00:00,271.0,3201.45,3201.4,3201.51,ETH
2026-01-07 10:04:32+00:00,272.0,3201.46,3201.41,3201.51,ETH
2026-01-07 10:04:33+00:00,273.0,3201.46,3201.42,3201.51,ETH
2026-01-07 10:04:34+00:00,274.0,3201.61,3201.52,3201.83,ETH
2026-01-07 10:04:35+00:00,275.0,3203.13,3203.08,3203.18,ETH
2026-01-07 10:04:36+00:00,276.0,3203.11,3203.1,3203.39,ETH
2026-01-07 10:04:37+00:00,277.0,3203.1,3203.1,3203.26,ETH
2026-01-07 10:04:38+00:00,278.0,3203.1,3203.1,3203.35,ETH
2026-01-07 10:04:39+00:00,279.0,3203.13,3203.08,3203.18,ETH
2026-01-07 10:04:40+00:00,280.0,3203.1,3202.99,3203.14,ETH
2026-01-07 10:04:41+00:00,281.0,3203.1,3202.99,3203.42,ETH
2026-01-07 10:04:42+00:00,282.0,3202.76,3202.75,3202.82,ETH
2026-01-07 10:04:43+00:00,283.0,3202.85,3202.76,3202.89,ETH
2026-01-07 10:04:44+00:00,284.0,3203.16,3202.78,3203.16,ETH
2026-01-07 10:04:45+00:00,285.0,3203.16,3202.89,3203.16,ETH
2026-01-07 10:04:46+00:00,286.0,3203.16,3202.89,3203.16,ETH
2026-01-07 10:04:47+00:00,287.0,3203.16,3202.89,3203.16,ETH
2026-01-07 10:04:48+00:00,288.0,3203.16,3203.1,3203.19,ETH
2026-01-07 10:04:49+00:00,289.0,3203.15,3203.03,3203.18,ETH
2026-01-07 10:04:50+00:00,290.0,3203.2,3203.16,3203.24,ETH
2026-01-07 10:04:51+00:00,291.0,3203.22,3203.15,3203.29,ETH
2026-01-07 10:04:52+00:00,292.0,3203.24,3203.17,3203.28,ETH
2026-01-07 10:04:53+00:00,293.0,3203.29,3203.17,3203.33,ETH
2026-01-07 10:04:54+00:00,294.0,3203.45,3203.27,3203.46,ETH
2026-01-07 10:04:55+00:00,295.0,3203.72,3203.45,3203.77,ETH
2026-01-07 10:04:56+00:00,296.0,3203.18,3203.1,3203.2,ETH
2026-01-07 10:04:57+00:00,297.0,3203.17,3203.07,3203.18,ETH
2026-01-07 10:04:58+00:00,298.0,3202.96,3202.87,3202.99,ETH
2026-01-07 10:04:59+00:00,299.0,3202.92,3202.87,3202.96,ETH
2026-01-07 10:05:00+00:00,300.0,3202.87,3202.86,3202.88,ETH
2026-01-07 10:05:01+00:00,301.0,3203.25,3203.12,3203.39,ETH
2026-01-07 10:05:02+00:00,302.0,3203.22,3203.05,3203.22,ETH
2026-01-07 10:05:03+00:00,303.0,3203.38,3203.22,3203.38,ETH
2026-01-07 10:05:04+00:00,304.0,3203.38,3203.24,3203.38,ETH
2026-01-07 10:05:05+00:00,305.0,3203.38,3203.26,3203.38,ETH
2026-01-07 10:05:06+00:00,306.0,3203.3,3203.16,3203.34,ETH
2026-01-07 10:05:07+00:00,307.0,3203.07,3202.87,3203.21,ETH
2026-01-07 10:05:08+00:00,308.0,3203.05,3203.03,3203.13,ETH
2026-01-07 10:05:09+00:00,309.0,3202.41,3202.27,3202.49,ETH
2026-01-07 10:05:10+00:00,310.0,3202.41,3202.27,3202.5,ETH
2026-01-07 10:05:11+00:00,311.0,3202.42,3202.27,3202.52,ETH
2026-01-07 10:05:12+00:00,312.0,3202.42,3202.27,3202.53,ETH
2026-01-07 10:05:13+00:00,313.0,3202.36,3202.26,3202.45,ETH
2026-01-07 10:05:14+00:00,314.0,3202.34,3202.25,3202.4,ETH
2026-01-07 10:05:15+00:00,315.0,3201.74,3201.47,3201.78,ETH
2026-01-07 10:05:16+00:00,316.0,3201.07,3200.65,3201.18,ETH
2026-01-07 10:05:17+00:00,317.0,3201.07,3200.83,3201.19,ETH
2026-01-07 10:05:18+00:00,318.0,3201.1,3201.03,3201.13,ETH
2026-01-07 10:05:19+00:00,319.0,3200.98,3200.91,3201.0,ETH
2026-01-07 10:05:20+00:00,320.0,3200.84,3200.79,3200.9,ETH
2026-01-07 10:05:21+00:00,321.0,3200.82,3200.78,3200.9,ETH
2026-01-07 10:05:22+00:00,322.0,3200.86,3200.84,3200.97,ETH
2026-01-07 10:05:23+00:00,323.0,3200.9,3200.84,3200.97,ETH
2026-01-07 10:05:24+00:00,324.0,3200.9,3200.8,3200.91,ETH
2026-01-07 10:05:25+00:00,325.0,3200.9,3200.85,3200.92,ETH
2026-01-07 10:05:26+00:00,326.0,3200.9,3200.86,3200.94,ETH
2026-01-07 10:05:27+00:00,327.0,3201.09,3200.98,3201.11,ETH
2026-01-07 10:05:28+00:00,328.0,3201.29,3201.16,3201.29,ETH
2026-01-07 10:05:29+00:00,329.0,3201.3,3201.2,3201.3,ETH
2026-01-07 10:05:30+00:00,330.0,3201.36,3201.3,3201.4,ETH
2026-01-07 10:05:31+00:00,331.0,3201.3,3201.25,3201.34,ETH
2026-01-07 10:05:32+00:00,332.0,3201.54,3201.37,3201.85,ETH
2026-01-07 10:05:33+00:00,333.0,3202.48,3202.19,3202.58,ETH
2026-01-07 10:05:34+00:00,334.0,3203.03,3202.91,3203.11,ETH
2026-01-07 10:05:35+00:00,335.0,3203.21,3203.1,3203.32,ETH
2026-01-07 10:05:36+00:00,336.0,3203.26,3203.1,3203.33,ETH
2026-01-07 10:05:37+00:00,337.0,3203.11,3203.04,3203.13,ETH
2026-01-07 10:05:38+00:00,338.0,3203.26,3203.1,3203.3,ETH
2026-01-07 10:05:39+00:00,339.0,3203.19,3203.1,3203.31,ETH
2026-01-07 10:05:40+00:00,340.0,3203.25,3203.08,3203.32,ETH
2026-01-07 10:05:41+00:00,341.0,3203.07,3203.02,3203.11,ETH
2026-01-07 10:05:42+00:00,342.0,3203.07,3203.02,3203.11,ETH
2026-01-07 10:05:43+00:00,343.0,3203.1,3203.02,3203.19,ETH
2026-01-07 10:05:44+00:00,344.0,3203.1,3203.05,3203.23,ETH
2026-01-07 10:05:45+00:00,345.0,3202.98,3202.8,3203.11,ETH
2026-01-07 10:05:46+00:00,346.0,3203.1,3203.1,3203.48,ETH
2026-01-07 10:05:47+00:00,347.0,3203.38,3203.27,3203.6,ETH
2026-01-07 10:05:48+00:00,348.0,3203.28,3203.16,3203.28,ETH
2026-01-07 10:05:49+00:00,349.0,3203.11,3203.1,3203.22,ETH
2026-01-07 10:05:50+00:00,350.0,3202.77,3202.76,3203.15,ETH
2026-01-07 10:05:51+00:00,351.0,3202.82,3202.76,3202.98,ETH
2026-01-07 10:05:52+00:00,352.0,3202.7,3202.63,3202.8,ETH
2026-01-07 10:05:53+00:00,353.0,3202.58,3202.51,3202.61,ETH
2026-01-07 10:05:54+00:00,354.0,3202.58,3202.51,3202.61,ETH
2026-01-07 10:05:55+00:00,355.0,3202.58,3202.49,3202.59,ETH
2026-01-07 10:05:56+00:00,356.0,3202.58,3202.48,3202.58,ETH
2026-01-07 10:05:57+00:00,357.0,3202.68,3202.57,3202.73,ETH
2026-01-07 10:05:58+00:00,358.0,3202.66,3202.57,3202.7,ETH
2026-01-07 10:05:59+00:00,359.0,3202.51,3202.45,3202.54,ETH
2026-01-07 10:06:00+00:00,360.0,3202.51,3202.47,3202.56,ETH
2026-01-07 10:06:01+00:00,361.0,3202.55,3202.5,3202.6,ETH
2026-01-07 10:06:02+00:00,362.0,3202.55,3202.5,3202.59,ETH
2026-01-07 10:06:03+00:00,363.0,3202.59,3202.5,3202.63,ETH
2026-01-07 10:06:04+00:00,364.0,3202.59,3202.5,3202.62,ETH
2026-01-07 10:06:05+00:00,365.0,3202.64,3202.59,3202.66,ETH
2026-01-07 10:06:06+00:00,366.0,3202.66,3202.61,3202.71,ETH
2026-01-07 10:06:07+00:00,367.0,3202.81,3202.71,3202.82,ETH
2026-01-07 10:06:08+00:00,368.0,3202.81,3202.71,3202.82,ETH
2026-01-07 10:06:09+00:00,369.0,3202.82,3202.78,3202.87,ETH
2026-01-07 10:06:10+00:00,370.0,3202.95,3202.82,3203.02,ETH
2026-01-07 10:06:11+00:00,371.0,3203.23,3203.19,3203.28,ETH
2026-01-07 10:06:12+00:00,372.0,3203.24,3203.19,3203.28,ETH
2026-01-07 10:06:13+00:00,373.0,3203.31,3203.28,3203.35,ETH
2026-01-07 10:06:14+00:00,374.0,3203.63,3203.54,3203.83,ETH
2026-01-07 10:06:15+00:00,375.0,3203.93,3203.81,3203.98,ETH
2026-01-07 10:06:16+00:00,376.0,3203.93,3203.81,3203.98,ETH
2026-01-07 10:06:17+00:00,377.0,3203.94,3203.82,3203.99,ETH
2026-01-07 10:06:18+00:00,378.0,3203.38,3203.34,3203.47,ETH
2026-01-07 10:06:19+00:00,379.0,3203.26,3203.24,3203.43,ETH
2026-01-07 10:06:20+00:00,380.0,3203.29,3203.24,3203.4,ETH
2026-01-07 10:06:21+00:00,381.0,3203.29,3203.24,3203.46,ETH
2026-01-07 10:06:22+00:00,382.0,3203.31,3203.24,3203.57,ETH
2026-01-07 10:06:23+00:00,383.0,3203.51,3203.43,3203.7,ETH
2026-01-07 10:06:24+00:00,384.0,3203.73,3203.7,3203.93,ETH
2026-01-07 10:06:25+00:00,385.0,3204.09,3204.08,3204.26,ETH
2026-01-07 10:06:26+00:00,386.0,3204.36,3204.33,3204.42,ETH
2026-01-07 10:06:27+00:00,387.0,3204.35,3204.29,3204.38,ETH
2026-01-07 10:06:28+00:00,388.0,3204.47,3204.43,3204.54,ETH
2026-01-07 10:06:29+00:00,389.0,3204.49,3204.48,3204.67,ETH
2026-01-07 10:06:30+00:00,390.0,3204.4,3204.39,3204.61,ETH
2026-01-07 10:06:31+00:00,391.0,3204.33,3204.25,3204.45,ETH
2026-01-07 10:06:32+00:00,392.0,3204.18,3204.06,3204.22,ETH
2026-01-07 10:06:33+00:00,393.0,3204.21,3204.1,3204.25,ETH
2026-01-07 10:06:34+00:00,394.0,3204.36,3204.21,3204.39,ETH
2026-01-07 10:06:35+00:00,395.0,3204.47,3204.34,3204.66,ETH
2026-01-07 10:06:36+00:00,396.0,3204.58,3204.53,3205.01,ETH
2026-01-07 10:06:37+00:00,397.0,3204.91,3204.83,3205.32,ETH
2026-01-07 10:06:38+00:00,398.0,3205.19,3205.11,3205.46,ETH
2026-01-07 10:06:39+00:00,399.0,3205.27,3205.19,3205.39,ETH
2026-01-07 10:06:40+00:00,400.0,3205.11,3205.01,3205.18,ETH
2026-01-07 10:06:41+00:00,401.0,3204.81,3204.65,3204.87,ETH
2026-01-07 10:06:42+00:00,402.0,3204.73,3204.48,3204.79,ETH
2026-01-07 10:06:43+00:00,403.0,3204.57,3204.45,3204.77,ETH
2026-01-07 10:06:44+00:00,404.0,3204.68,3204.67,3204.77,ETH
2026-01-07 10:06:45+00:00,405.0,3204.75,3204.53,3204.83,ETH
2026-01-07 10:06:46+00:00,406.0,3204.72,3204.43,3204.77,ETH
2026-01-07 10:06:47+00:00,407.0,3204.31,3204.07,3204.54,ETH
2026-01-07 10:06:48+00:00,408.0,3203.94,3203.88,3204.02,ETH
2026-01-07 10:06:49+00:00,409.0,3203.9,3203.83,3203.96,ETH
2026-01-07 10:06:50+00:00,410.0,3203.98,3203.86,3204.02,ETH
2026-01-07 10:06:51+00:00,411.0,3203.82,3203.73,3203.85,ETH
2026-01-07 10:06:52+00:00,412.0,3203.72,3203.65,3203.81,ETH
2026-01-07 10:06:53+00:00,413.0,3203.66,3203.65,3203.79,ETH
2026-01-07 10:06:54+00:00,414.0,3203.66,3203.65,3203.79,ETH
2026-01-07 10:06:55+00:00,415.0,3203.66,3203.65,3203.81,ETH
2026-01-07 10:06:56+00:00,416.0,3203.66,3203.65,3203.85,ETH
2026-01-07 10:06:57+00:00,417.0,3203.66,3203.65,3203.82,ETH
2026-01-07 10:06:58+00:00,418.0,3203.68,3203.65,3203.74,ETH
2026-01-07 10:06:59+00:00,419.0,3203.7,3203.65,3203.88,ETH
2026-01-07 10:07:00+00:00,420.0,3203.75,3203.72,3204.03,ETH
2026-01-07 10:07:01+00:00,421.0,3203.9,3203.88,3204.05,ETH
2026-01-07 10:07:02+00:00,422.0,3204.01,3203.95,3204.04,ETH
2026-01-07 10:07:03+00:00,423.0,3204.19,3203.97,3204.21,ETH
2026-01-07 10:07:04+00:00,424.0,3204.79,3204.44,3204.83,ETH
2026-01-07 10:07:05+00:00,425.0,3205.12,3204.92,3205.27,ETH
2026-01-07 10:07:06+00:00,426.0,3205.3,3205.14,3205.46,ETH
2026-01-07 10:07:07+00:00,427.0,3205.49,3205.31,3205.55,ETH
2026-01-07 10:07:08+00:00,428.0,3205.38,3205.31,3205.44,ETH
2026-01-07 10:07:09+00:00,429.0,3205.11,3204.94,3205.17,ETH
2026-01-07 10:07:10+00:00,430.0,3204.61,3204.46,3204.72,ETH
2026-01-07 10:07:11+00:00,431.0,3204.37,3204.36,3204.53,ETH
2026-01-07 10:07:12+00:00,432.0,3204.37,3204.37,3204.54,ETH
2026-01-07 10:07:13+00:00,433.0,3204.37,3204.37,3204.66,ETH
2026-01-07 10:07:14+00:00,434.0,3204.37,3204.37,3204.67,ETH
2026-01-07 10:07:15+00:00,435.0,3204.38,3204.37,3204.75,ETH
2026-01-07 10:07:16+00:00,436.0,3204.54,3204.49,3204.91,ETH
2026-01-07 10:07:17+00:00,437.0,3204.71,3204.53,3204.85,ETH
2026-01-07 10:07:18+00:00,438.0,3204.69,3204.48,3204.9,ETH
2026-01-07 10:07:19+00:00,439.0,3204.57,3204.35,3204.81,ETH
2026-01-07 10:07:20+00:00,440.0,3204.32,3204.18,3204.45,ETH
2026-01-07 10:07:21+00:00,441.0,3204.11,3204.1,3204.26,ETH
2026-01-07 10:07:22+00:00,442.0,3204.03,3203.99,3204.13,ETH
2026-01-07 10:07:23+00:00,443.0,3204.03,3203.98,3204.06,ETH
2026-01-07 10:07:24+00:00,444.0,3204.02,3203.98,3204.06,ETH
2026-01-07 10:07:25+00:00,445.0,3204.02,3203.86,3204.04,ETH
2026-01-07 10:07:26+00:00,446.0,3204.02,3203.78,3204.03,ETH
2026-01-07 10:07:27+00:00,447.0,3204.02,3203.81,3204.03,ETH
2026-01-07 10:07:28+00:00,448.0,3204.06,3203.91,3204.09,ETH
2026-01-07 10:07:29+00:00,449.0,3204.1,3204.02,3204.15,ETH
2026-01-07 10:07:30+00:00,450.0,3204.07,3203.91,3204.12,ETH
2026-01-07 10:07:31+00:00,451.0,3203.94,3203.83,3204.19,ETH
2026-01-07 10:07:32+00:00,452.0,3203.92,3203.85,3203.96,ETH
2026-01-07 10:07:33+00:00,453.0,3204.01,3203.98,3204.07,ETH
2026-01-07 10:07:34+00:00,454.0,3204.14,3204.0,3204.54,ETH
2026-01-07 10:07:35+00:00,455.0,3204.11,3204.0,3204.15,ETH
2026-01-07 10:07:36+00:00,456.0,3204.11,3204.01,3204.15,ETH
2026-01-07 10:07:37+00:00,457.0,3204.19,3204.01,3204.54,ETH
2026-01-07 10:07:38+00:00,458.0,3204.08,3204.01,3204.12,ETH
2026-01-07 10:07:39+00:00,459.0,3204.09,3204.01,3204.13,ETH
2026-01-07 10:07:40+00:00,460.0,3204.61,3204.35,3204.62,ETH
2026-01-07 10:07:41+00:00,461.0,3204.74,3204.44,3204.78,ETH
2026-01-07 10:07:42+00:00,462.0,3204.92,3204.88,3204.96,ETH
2026-01-07 10:07:43+00:00,463.0,3205.08,3204.92,3205.08,ETH
2026-01-07 10:07:44+00:00,464.0,3205.08,3204.94,3205.1,ETH
2026-01-07 10:07:45+00:00,465.0,3205.09,3204.95,3205.14,ETH
2026-01-07 10:07:46+00:00,466.0,3205.09,3204.97,3205.13,ETH
2026-01-07 10:07:47+00:00,467.0,3204.87,3204.78,3204.9,ETH
2026-01-07 10:07:48+00:00,468.0,3204.71,3204.55,3204.75,ETH
2026-01-07 10:07:49+00:00,469.0,3204.59,3204.41,3204.65,ETH
2026-01-07 10:07:50+00:00,470.0,3204.37,3204.24,3204.43,ETH
2026-01-07 10:07:51+00:00,471.0,3204.23,3204.15,3204.27,ETH
2026-01-07 10:07:52+00:00,472.0,3204.13,3204.1,3204.16,ETH
2026-01-07 10:07:53+00:00,473.0,3204.24,3204.12,3204.35,ETH
2026-01-07 10:07:54+00:00,474.0,3204.29,3204.12,3204.54,ETH
2026-01-07 10:07:55+00:00,475.0,3204.26,3204.12,3204.51,ETH
2026-01-07 10:07:56+00:00,476.0,3204.29,3204.12,3204.52,ETH
2026-01-07 10:07:57+00:00,477.0,3204.31,3204.12,3204.52,ETH
2026-01-07 10:07:58+00:00,478.0,3204.22,3204.13,3204.5,ETH
2026-01-07 10:07:59+00:00,479.0,3204.22,3204.15,3204.49,ETH
2026-01-07 10:08:00+00:00,480.0,3204.22,3204.15,3204.5,ETH
2026-01-07 10:08:01+00:00,481.0,3204.32,3204.15,3204.51,ETH
2026-01-07 10:08:02+00:00,482.0,3204.3,3204.15,3204.52,ETH
2026-01-07 10:08:03+00:00,483.0,3204.31,3204.14,3204.34,ETH
2026-01-07 10:08:04+00:00,484.0,3204.18,3204.14,3204.21,ETH
2026-01-07 10:08:05+00:00,485.0,3204.31,3204.15,3204.34,ETH
2026-01-07 10:08:06+00:00,486.0,3204.4,3204.15,3204.53,ETH
2026-01-07 10:08:07+00:00,487.0,3204.28,3204.15,3204.32,ETH
2026-01-07 10:08:08+00:00,488.0,3204.28,3204.15,3204.32,ETH
2026-01-07 10:08:09+00:00,489.0,3204.26,3204.19,3204.29,ETH
2026-01-07 10:08:10+00:00,490.0,3204.4,3204.27,3204.72,ETH
2026-01-07 10:08:11+00:00,491.0,3204.57,3204.52,3204.81,ETH
2026-01-07 10:08:12+00:00,492.0,3204.7,3204.66,3204.71,ETH
2026-01-07 10:08:13+00:00,493.0,3204.83,3204.66,3204.87,ETH
2026-01-07 10:08:14+00:00,494.0,3204.57,3204.43,3204.58,ETH
2026-01-07 10:08:15+00:00,495.0,3204.57,3204.56,3204.77,ETH
2026-01-07 10:08:16+00:00,496.0,3204.58,3204.55,3204.78,ETH
2026-01-07 10:08:17+00:00,497.0,3204.57,3204.43,3204.58,ETH
2026-01-07 10:08:18+00:00,498.0,3204.51,3204.35,3204.56,ETH
2026-01-07 10:08:19+00:00,499.0,3204.48,3204.35,3204.53,ETH
2026-01-07 10:08:20+00:00,500.0,3204.48,3204.35,3204.53,ETH
2026-01-07 10:08:21+00:00,501.0,3204.48,3204.36,3204.53,ETH
2026-01-07 10:08:22+00:00,502.0,3204.46,3204.36,3204.49,ETH
2026-01-07 10:08:23+00:00,503.0,3204.43,3204.33,3204.46,ETH
2026-01-07 10:08:24+00:00,504.0,3204.41,3204.32,3204.44,ETH
2026-01-07 10:08:25+00:00,505.0,3204.42,3204.33,3204.46,ETH
2026-01-07 10:08:26+00:00,506.0,3204.44,3204.33,3204.5,ETH
2026-01-07 10:08:27+00:00,507.0,3204.45,3204.34,3204.53,ETH
2026-01-07 10:08:28+00:00,508.0,3204.44,3204.34,3204.54,ETH
2026-01-07 10:08:29+00:00,509.0,3204.45,3204.34,3204.54,ETH
2026-01-07 10:08:30+00:00,510.0,3204.45,3204.33,3204.55,ETH
2026-01-07 10:08:31+00:00,511.0,3204.49,3204.37,3204.58,ETH
2026-01-07 10:08:32+00:00,512.0,3204.76,3204.65,3204.9,ETH
2026-01-07 10:08:33+00:00,513.0,3205.02,3204.93,3205.22,ETH
2026-01-07 10:08:35+00:00,515.0,3205.41,3205.27,3205.47,ETH
2026-01-07 10:08:36+00:00,516.0,3205.62,3205.4,3205.64,ETH
2026-01-07 10:08:37+00:00,517.0,3205.72,3205.46,3205.73,ETH
2026-01-07 10:08:38+00:00,518.0,3205.8,3205.56,3205.82,ETH
2026-01-07 10:08:39+00:00,519.0,3206.0,3205.81,3206.02,ETH
2026-01-07 10:08:40+00:00,520.0,3206.07,3205.81,3206.12,ETH
2026-01-07 10:08:41+00:00,521.0,3206.0,3205.74,3206.09,ETH
2026-01-07 10:08:42+00:00,522.0,3205.7,3205.53,3205.79,ETH
2026-01-07 10:08:43+00:00,523.0,3205.7,3205.62,3205.79,ETH
2026-01-07 10:08:44+00:00,524.0,3205.78,3205.71,3205.82,ETH
2026-01-07 10:08:45+00:00,525.0,3205.9,3205.84,3206.12,ETH
2026-01-07 10:08:46+00:00,526.0,3206.19,3206.07,3206.43,ETH
2026-01-07 10:08:47+00:00,527.0,3206.35,3206.18,3206.4,ETH
2026-01-07 10:08:48+00:00,528.0,3206.34,3206.23,3206.34,ETH
2026-01-07 10:08:49+00:00,529.0,3206.26,3206.17,3206.28,ETH
2026-01-07 10:08:50+00:00,530.0,3206.14,3206.01,3206.19,ETH
2026-01-07 10:08:51+00:00,531.0,3206.04,3205.92,3206.1,ETH
2026-01-07 10:08:52+00:00,532.0,3206.01,3205.89,3206.07,ETH
2026-01-07 10:08:53+00:00,533.0,3206.0,3205.88,3206.06,ETH
2026-01-07 10:08:54+00:00,534.0,3206.0,3205.88,3206.02,ETH
2026-01-07 10:08:55+00:00,535.0,3206.05,3205.9,3206.09,ETH
2026-01-07 10:08:56+00:00,536.0,3206.1,3205.93,3206.15,ETH
2026-01-07 10:08:57+00:00,537.0,3206.1,3205.93,3206.13,ETH
2026-01-07 10:08:58+00:00,538.0,3206.09,3205.88,3206.11,ETH
2026-01-07 10:08:59+00:00,539.0,3206.03,3205.83,3206.07,ETH
2026-01-07 10:09:00+00:00,540.0,3206.0,3205.9,3206.07,ETH
2026-01-07 10:09:01+00:00,541.0,3206.12,3206.0,3206.19,ETH
2026-01-07 10:09:02+00:00,542.0,3206.07,3205.85,3206.11,ETH
2026-01-07 10:09:03+00:00,543.0,3205.71,3205.32,3205.72,ETH
2026-01-07 10:09:04+00:00,544.0,3205.03,3204.69,3205.06,ETH
2026-01-07 10:09:05+00:00,545.0,3204.56,3204.38,3204.62,ETH
2026-01-07 10:09:06+00:00,546.0,3203.74,3203.72,3204.46,ETH
2026-01-07 10:09:07+00:00,547.0,3203.72,3203.47,3204.3,ETH
2026-01-07 10:09:08+00:00,548.0,3203.48,3203.17,3203.99,ETH
2026-01-07 10:09:09+00:00,549.0,3203.12,3203.05,3203.35,ETH
2026-01-07 10:09:10+00:00,550.0,3203.07,3203.04,3203.38,ETH
2026-01-07 10:09:11+00:00,551.0,3202.98,3202.95,3203.17,ETH
2026-01-07 10:09:12+00:00,552.0,3202.64,3202.63,3203.35,ETH
2026-01-07 10:09:13+00:00,553.0,3202.64,3202.55,3203.35,ETH
2026-01-07 10:09:14+00:00,554.0,3202.72,3202.56,3203.3,ETH
2026-01-07 10:09:15+00:00,555.0,3202.72,3202.56,3203.26,ETH
2026-01-07 10:09:16+00:00,556.0,3202.74,3202.55,3203.3,ETH
2026-01-07 10:09:17+00:00,557.0,3203.12,3202.88,3203.37,ETH
2026-01-07 10:09:18+00:00,558.0,3202.92,3202.77,3203.35,ETH
2026-01-07 10:09:19+00:00,559.0,3202.72,3202.67,3203.34,ETH
2026-01-07 10:09:20+00:00,560.0,3202.73,3202.69,3203.05,ETH
2026-01-07 10:09:21+00:00,561.0,3202.87,3202.71,3203.4,ETH
2026-01-07 10:09:22+00:00,562.0,3202.95,3202.83,3203.12,ETH
2026-01-07 10:09:23+00:00,563.0,3203.1,3202.85,3203.15,ETH
2026-01-07 10:09:24+00:00,564.0,3203.21,3202.85,3203.56,ETH
2026-01-07 10:09:25+00:00,565.0,3203.23,3202.9,3203.57,ETH
2026-01-07 10:09:26+00:00,566.0,3203.18,3202.9,3203.55,ETH
2026-01-07 10:09:27+00:00,567.0,3203.03,3202.9,3203.56,ETH
2026-01-07 10:09:28+00:00,568.0,3203.05,3202.9,3203.29,ETH
2026-01-07 10:09:29+00:00,569.0,3203.34,3203.16,3203.69,ETH
2026-01-07 10:09:30+00:00,570.0,3203.88,3203.72,3204.13,ETH
2026-01-07 10:09:31+00:00,571.0,3204.07,3204.01,3204.42,ETH
2026-01-07 10:09:32+00:00,572.0,3204.46,3204.44,3204.77,ETH
2026-01-07 10:09:33+00:00,573.0,3204.89,3204.8,3205.17,ETH
2026-01-07 10:09:34+00:00,574.0,3205.11,3204.89,3205.26,ETH
2026-01-07 10:09:35+00:00,575.0,3205.16,3204.89,3205.29,ETH
2026-01-07 10:09:36+00:00,576.0,3205.15,3204.91,3205.35,ETH
2026-01-07 10:09:37+00:00,577.0,3205.21,3205.0,3205.43,ETH
2026-01-07 10:09:38+00:00,578.0,3205.27,3205.06,3205.44,ETH
2026-01-07 10:09:39+00:00,579.0,3205.4,3205.2,3205.47,ETH
2026-01-07 10:09:41+00:00,581.0,3205.52,3205.32,3205.6,ETH
2026-01-07 10:09:42+00:00,582.0,3205.57,3205.33,3205.6,ETH
2026-01-07 10:09:43+00:00,583.0,3205.64,3205.33,3205.83,ETH
2026-01-07 10:09:44+00:00,584.0,3205.59,3205.31,3205.66,ETH
2026-01-07 10:09:45+00:00,585.0,3205.21,3205.04,3205.33,ETH
2026-01-07 10:09:46+00:00,586.0,3205.18,3204.99,3205.25,ETH
2026-01-07 10:09:47+00:00,587.0,3204.91,3204.85,3204.93,ETH
2026-01-07 10:09:48+00:00,588.0,3204.97,3204.9,3205.01,ETH
2026-01-07 10:09:49+00:00,589.0,3205.04,3204.9,3205.05,ETH
2026-01-07 10:09:50+00:00,590.0,3205.06,3204.9,3205.07,ETH
2026-01-07 10:09:51+00:00,591.0,3204.9,3204.9,3205.01,ETH
2026-01-07 10:09:52+00:00,592.0,3204.99,3204.97,3205.04,ETH
2026-01-07 10:09:53+00:00,593.0,3204.98,3204.95,3205.03,ETH
2026-01-07 10:09:54+00:00,594.0,3205.0,3204.95,3205.04,ETH
2026-01-07 10:09:55+00:00,595.0,3204.83,3204.52,3204.87,ETH
2026-01-07 10:09:56+00:00,596.0,3204.73,3204.56,3204.79,ETH
2026-01-07 10:09:57+00:00,597.0,3204.82,3204.7,3204.97,ETH
2026-01-07 10:09:58+00:00,598.0,3204.89,3204.77,3205.02,ETH
2026-01-07 10:09:59+00:00,599.0,3204.94,3204.78,3204.97,ETH
2026-01-07 10:10:00+00:00,600.0,3205.02,3204.84,3205.06,ETH
2026-01-07 10:10:01+00:00,601.0,3205.1,3204.91,3205.13,ETH
2026-01-07 10:10:02+00:00,602.0,3205.2,3204.99,3205.28,ETH
2026-01-07 10:10:03+00:00,603.0,3205.44,3205.27,3205.55,ETH
2026-01-07 10:10:04+00:00,604.0,3205.57,3205.48,3205.62,ETH
2026-01-07 10:10:05+00:00,605.0,3205.54,3205.47,3205.58,ETH
2026-01-07 10:10:06+00:00,606.0,3205.46,3205.43,3205.56,ETH
2026-01-07 10:10:07+00:00,607.0,3205.39,3205.35,3205.5,ETH
2026-01-07 10:10:08+00:00,608.0,3205.31,3205.25,3205.46,ETH
2026-01-07 10:10:09+00:00,609.0,3205.29,3205.24,3205.47,ETH
2026-01-07 10:10:10+00:00,610.0,3205.32,3205.29,3205.47,ETH
2026-01-07 10:10:11+00:00,611.0,3205.3,3205.26,3205.44,ETH
2026-01-07 10:10:12+00:00,612.0,3205.22,3204.99,3205.3,ETH
2026-01-07 10:10:13+00:00,613.0,3204.99,3204.73,3205.08,ETH
2026-01-07 10:10:14+00:00,614.0,3204.83,3204.69,3204.96,ETH
2026-01-07 10:10:15+00:00,615.0,3204.87,3204.77,3204.95,ETH
2026-01-07 10:10:16+00:00,616.0,3204.87,3204.82,3204.95,ETH
2026-01-07 10:10:17+00:00,617.0,3204.91,3204.74,3204.97,ETH
2026-01-07 10:10:18+00:00,618.0,3204.99,3204.85,3205.04,ETH
2026-01-07 10:10:19+00:00,619.0,3205.02,3205.01,3205.09,ETH
2026-01-07 10:10:20+00:00,620.0,3205.22,3205.01,3205.24,ETH
2026-01-07 10:10:21+00:00,621.0,3205.21,3205.03,3205.22,ETH
2026-01-07 10:10:22+00:00,622.0,3205.22,3205.02,3205.23,ETH
2026-01-07 10:10:23+00:00,623.0,3205.23,3205.0,3205.24,ETH
2026-01-07 10:10:24+00:00,624.0,3205.23,3204.99,3205.24,ETH
2026-01-07 10:10:25+00:00,625.0,3205.23,3205.0,3205.24,ETH
2026-01-07 10:10:26+00:00,626.0,3205.22,3204.98,3205.24,ETH
2026-01-07 10:10:27+00:00,627.0,3205.22,3205.02,3205.23,ETH
2026-01-07 10:10:28+00:00,628.0,3205.35,3205.21,3205.36,ETH
2026-01-07 10:10:29+00:00,629.0,3205.53,3205.3,3205.54,ETH
2026-01-07 10:10:30+00:00,630.0,3205.57,3205.34,3205.59,ETH
2026-01-07 10:10:31+00:00,631.0,3205.6,3205.49,3205.63,ETH
2026-01-07 10:10:32+00:00,632.0,3205.83,3205.73,3205.86,ETH
2026-01-07 10:10:33+00:00,633.0,3206.05,3205.87,3206.07,ETH
2026-01-07 10:10:34+00:00,634.0,3206.06,3205.87,3206.09,ETH
2026-01-07 10:10:35+00:00,635.0,3206.06,3205.88,3206.1,ETH
2026-01-07 10:10:36+00:00,636.0,3206.07,3205.86,3206.1,ETH
2026-01-07 10:10:37+00:00,637.0,3206.07,3205.86,3206.1,ETH
2026-01-07 10:10:38+00:00,638.0,3206.0,3205.84,3206.1,ETH
2026-01-07 10:10:39+00:00,639.0,3205.93,3205.83,3206.07,ETH
2026-01-07 10:10:40+00:00,640.0,3205.91,3205.83,3206.05,ETH
2026-01-07 10:10:41+00:00,641.0,3205.93,3205.8,3206.05,ETH
2026-01-07 10:10:42+00:00,642.0,3205.96,3205.81,3206.05,ETH
2026-01-07 10:10:43+00:00,643.0,3205.98,3205.88,3206.05,ETH
2026-01-07 10:10:44+00:00,644.0,3206.16,3206.1,3206.28,ETH
2026-01-07 10:10:45+00:00,645.0,3206.57,3206.46,3206.68,ETH
2026-01-07 10:10:46+00:00,646.0,3206.86,3206.74,3206.93,ETH
2026-01-07 10:10:47+00:00,647.0,3206.75,3206.58,3206.88,ETH
2026-01-07 10:10:48+00:00,648.0,3206.52,3206.35,3206.71,ETH
2026-01-07 10:10:49+00:00,649.0,3206.38,3206.31,3206.75,ETH
2026-01-07 10:10:50+00:00,650.0,3206.31,3206.22,3206.56,ETH
2026-01-07 10:10:51+00:00,651.0,3206.25,3206.19,3206.32,ETH
2026-01-07 10:10:52+00:00,652.0,3206.19,3206.19,3206.31,ETH
2026-01-07 10:10:53+00:00,653.0,3206.23,3206.21,3206.3,ETH
2026-01-07 10:10:54+00:00,654.0,3206.25,3206.21,3206.31,ETH
2026-01-07 10:10:55+00:00,655.0,3206.22,3206.01,3206.26,ETH
2026-01-07 10:10:56+00:00,656.0,3206.17,3205.9,3206.25,ETH
2026-01-07 10:10:57+00:00,657.0,3206.13,3205.99,3206.3,ETH
2026-01-07 10:10:58+00:00,658.0,3206.12,3206.01,3206.32,ETH
2026-01-07 10:10:59+00:00,659.0,3206.04,3205.98,3206.19,ETH
2026-01-07 10:11:00+00:00,660.0,3205.97,3205.96,3206.08,ETH
2026-01-07 10:11:01+00:00,661.0,3205.94,3205.71,3206.0,ETH
2026-01-07 10:11:02+00:00,662.0,3205.71,3205.46,3205.73,ETH
2026-01-07 10:11:03+00:00,663.0,3205.65,3205.56,3205.7,ETH
2026-01-07 10:11:04+00:00,664.0,3205.79,3205.7,3205.86,ETH
2026-01-07 10:11:05+00:00,665.0,3205.76,3205.63,3205.8,ETH
2026-01-07 10:11:06+00:00,666.0,3205.71,3205.56,3205.75,ETH
2026-01-07 10:11:07+00:00,667.0,3205.71,3205.6,3205.76,ETH
2026-01-07 10:11:08+00:00,668.0,3205.59,3205.54,3205.64,ETH
2026-01-07 10:11:09+00:00,669.0,3205.6,3205.53,3205.64,ETH
2026-01-07 10:11:10+00:00,670.0,3205.55,3205.51,3205.57,ETH
2026-01-07 10:11:11+00:00,671.0,3205.55,3205.51,3205.65,ETH
2026-01-07 10:11:12+00:00,672.0,3205.49,3205.48,3205.56,ETH
2026-01-07 10:11:13+00:00,673.0,3205.49,3205.42,3205.55,ETH
2026-01-07 10:11:14+00:00,674.0,3205.39,3205.37,3205.46,ETH
2026-01-07 10:11:15+00:00,675.0,3205.36,3205.32,3205.43,ETH
2026-01-07 10:11:16+00:00,676.0,3205.27,3205.26,3205.42,ETH
2026-01-07 10:11:17+00:00,677.0,3205.27,3205.26,3205.46,ETH
2026-01-07 10:11:18+00:00,678.0,3205.36,3205.3,3205.68,ETH
2026-01-07 10:11:19+00:00,679.0,3205.71,3205.47,3205.72,ETH
2026-01-07 10:11:20+00:00,680.0,3205.66,3205.47,3205.71,ETH
2026-01-07 10:11:21+00:00,681.0,3205.57,3205.47,3205.62,ETH
2026-01-07 10:11:22+00:00,682.0,3205.53,3205.47,3205.54,ETH
2026-01-07 10:11:23+00:00,683.0,3205.53,3205.47,3205.54,ETH
2026-01-07 10:11:24+00:00,684.0,3205.53,3205.47,3205.54,ETH
2026-01-07 10:11:25+00:00,685.0,3205.53,3205.47,3205.54,ETH
2026-01-07 10:11:26+00:00,686.0,3205.54,3205.47,3205.55,ETH
2026-01-07 10:11:27+00:00,687.0,3205.56,3205.47,3205.57,ETH
2026-01-07 10:11:28+00:00,688.0,3205.54,3205.47,3205.58,ETH
2026-01-07 10:11:29+00:00,689.0,3206.08,3206.0,3206.15,ETH
2026-01-07 10:11:30+00:00,690.0,3206.78,3206.68,3206.85,ETH
2026-01-07 10:11:31+00:00,691.0,3206.92,3206.83,3206.97,ETH
2026-01-07 10:11:32+00:00,692.0,3206.92,3206.85,3206.97,ETH
2026-01-07 10:11:33+00:00,693.0,3207.01,3206.87,3207.03,ETH
2026-01-07 10:11:34+00:00,694.0,3207.02,3206.86,3207.07,ETH
2026-01-07 10:11:35+00:00,695.0,3206.98,3206.74,3207.1,ETH
2026-01-07 10:11:36+00:00,696.0,3206.85,3206.74,3206.89,ETH
2026-01-07 10:11:37+00:00,697.0,3206.74,3206.69,3206.89,ETH
2026-01-07 10:11:38+00:00,698.0,3206.86,3206.75,3206.88,ETH
2026-01-07 10:11:39+00:00,699.0,3206.86,3206.86,3206.95,ETH
2026-01-07 10:11:40+00:00,700.0,3207.04,3206.91,3207.08,ETH
2026-01-07 10:11:41+00:00,701.0,3207.09,3206.91,3207.11,ETH
2026-01-07 10:11:42+00:00,702.0,3207.1,3206.89,3207.11,ETH
2026-01-07 10:11:43+00:00,703.0,3207.08,3206.88,3207.1,ETH
2026-01-07 10:11:44+00:00,704.0,3207.06,3206.88,3207.1,ETH
2026-01-07 10:11:45+00:00,705.0,3206.98,3206.74,3207.09,ETH
2026-01-07 10:11:46+00:00,706.0,3206.84,3206.61,3206.85,ETH
2026-01-07 10:11:47+00:00,707.0,3206.91,3206.79,3206.92,ETH
2026-01-07 10:11:48+00:00,708.0,3206.94,3206.86,3206.95,ETH
2026-01-07 10:11:49+00:00,709.0,3206.96,3206.86,3206.97,ETH
2026-01-07 10:11:50+00:00,710.0,3206.96,3206.85,3206.97,ETH
2026-01-07 10:11:51+00:00,711.0,3206.96,3206.88,3206.97,ETH
2026-01-07 10:11:52+00:00,712.0,3207.0,3206.87,3207.01,ETH
2026-01-07 10:11:53+00:00,713.0,3207.0,3206.88,3207.01,ETH
2026-01-07 10:11:54+00:00,714.0,3207.0,3206.88,3207.01,ETH
2026-01-07 10:11:55+00:00,715.0,3207.0,3206.88,3207.01,ETH
2026-01-07 10:11:56+00:00,716.0,3207.01,3206.86,3207.02,ETH
2026-01-07 10:11:57+00:00,717.0,3207.01,3206.87,3207.03,ETH
2026-01-07 10:11:58+00:00,718.0,3207.06,3206.99,3207.17,ETH
2026-01-07 10:11:59+00:00,719.0,3207.23,3207.13,3207.32,ETH
2026-01-07 10:12:00+00:00,720.0,3207.33,3207.15,3207.35,ETH
2026-01-07 10:12:01+00:00,721.0,3207.34,3207.18,3207.35,ETH
2026-01-07 10:12:02+00:00,722.0,3207.46,3207.32,3207.57,ETH
2026-01-07 10:12:03+00:00,723.0,3207.67,3207.51,3207.8,ETH
2026-01-07 10:12:04+00:00,724.0,3207.69,3207.27,3207.73,ETH
2026-01-07 10:12:05+00:00,725.0,3207.38,3206.98,3207.49,ETH
2026-01-07 10:12:06+00:00,726.0,3207.12,3206.99,3207.31,ETH
2026-01-07 10:12:07+00:00,727.0,3207.14,3206.99,3207.31,ETH
2026-01-07 10:12:08+00:00,728.0,3207.22,3207.08,3207.3,ETH
2026-01-07 10:12:10+00:00,730.0,3207.14,3207.04,3207.27,ETH
2026-01-07 10:12:11+00:00,731.0,3207.08,3206.98,3207.26,ETH
2026-01-07 10:12:12+00:00,732.0,3207.66,3207.44,3207.67,ETH
2026-01-07 10:12:13+00:00,733.0,3207.73,3207.41,3207.75,ETH
2026-01-07 10:12:14+00:00,734.0,3207.73,3207.58,3207.75,ETH
2026-01-07 10:12:15+00:00,735.0,3207.69,3207.58,3207.71,ETH
2026-01-07 10:12:16+00:00,736.0,3207.69,3207.58,3207.71,ETH
2026-01-07 10:12:17+00:00,737.0,3207.69,3207.58,3207.71,ETH
2026-01-07 10:12:18+00:00,738.0,3207.72,3207.58,3207.75,ETH
2026-01-07 10:12:19+00:00,739.0,3207.73,3207.62,3207.75,ETH
2026-01-07 10:12:20+00:00,740.0,3207.72,3207.58,3207.84,ETH
2026-01-07 10:12:21+00:00,741.0,3207.79,3207.68,3207.94,ETH
2026-01-07 10:12:22+00:00,742.0,3207.78,3207.68,3207.95,ETH
2026-01-07 10:12:23+00:00,743.0,3207.76,3207.67,3207.87,ETH
2026-01-07 10:12:24+00:00,744.0,3207.8,3207.64,3207.87,ETH
2026-01-07 10:12:25+00:00,745.0,3207.86,3207.68,3207.87,ETH
2026-01-07 10:12:26+00:00,746.0,3207.88,3207.77,3207.91,ETH
2026-01-07 10:12:27+00:00,747.0,3207.85,3207.75,3207.91,ETH
2026-01-07 10:12:29+00:00,749.0,3207.8,3207.72,3207.88,ETH
2026-01-07 10:12:30+00:00,750.0,3207.8,3207.73,3207.87,ETH
2026-01-07 10:12:31+00:00,751.0,3207.8,3207.73,3207.87,ETH
2026-01-07 10:12:32+00:00,752.0,3207.8,3207.73,3207.87,ETH
2026-01-07 10:12:33+00:00,753.0,3207.8,3207.73,3207.87,ETH
2026-01-07 10:12:34+00:00,754.0,3207.76,3207.68,3207.88,ETH
2026-01-07 10:12:35+00:00,755.0,3207.75,3207.64,3207.88,ETH
2026-01-07 10:12:36+00:00,756.0,3207.76,3207.65,3207.82,ETH
2026-01-07 10:12:37+00:00,757.0,3207.76,3207.65,3207.81,ETH
2026-01-07 10:12:38+00:00,758.0,3207.76,3207.6,3207.81,ETH
2026-01-07 10:12:39+00:00,759.0,3207.79,3207.63,3207.82,ETH
2026-01-07 10:12:40+00:00,760.0,3207.85,3207.8,3207.88,ETH
2026-01-07 10:12:41+00:00,761.0,3208.2,3208.04,3208.25,ETH
2026-01-07 10:12:42+00:00,762.0,3208.23,3208.15,3208.25,ETH
2026-01-07 10:12:43+00:00,763.0,3207.85,3207.6,3207.87,ETH
2026-01-07 10:12:44+00:00,764.0,3207.78,3207.6,3207.87,ETH
2026-01-07 10:12:45+00:00,765.0,3207.74,3207.63,3207.79,ETH
2026-01-07 10:12:46+00:00,766.0,3207.86,3207.8,3207.94,ETH
2026-01-07 10:12:47+00:00,767.0,3208.03,3207.94,3208.08,ETH
2026-01-07 10:12:48+00:00,768.0,3208.09,3207.94,3208.1,ETH
2026-01-07 10:12:49+00:00,769.0,3208.11,3207.98,3208.12,ETH
2026-01-07 10:12:50+00:00,770.0,3208.13,3208.01,3208.14,ETH
2026-01-07 10:12:51+00:00,771.0,3208.13,3207.9,3208.14,ETH
2026-01-07 10:12:52+00:00,772.0,3208.01,3207.82,3208.12,ETH
2026-01-07 10:12:53+00:00,773.0,3207.9,3207.84,3208.09,ETH
2026-01-07 10:12:54+00:00,774.0,3207.81,3207.76,3207.93,ETH
2026-01-07 10:12:55+00:00,775.0,3207.7,3207.56,3207.73,ETH
2026-01-07 10:12:56+00:00,776.0,3207.43,3207.26,3207.65,ETH
2026-01-07 10:12:57+00:00,777.0,3207.16,3207.05,3207.7,ETH
2026-01-07 10:12:58+00:00,778.0,3207.09,3207.03,3207.53,ETH
2026-01-07 10:12:59+00:00,779.0,3207.12,3207.03,3207.25,ETH
2026-01-07 10:13:00+00:00,780.0,3207.2,3207.04,3207.24,ETH
2026-01-07 10:13:01+00:00,781.0,3207.23,3207.11,3207.26,ETH
2026-01-07 10:13:02+00:00,782.0,3207.22,3207.17,3207.26,ETH
2026-01-07 10:13:04+00:00,784.0,3207.19,3207.16,3207.23,ETH
2026-01-07 10:13:05+00:00,785.0,3207.13,3207.08,3207.21,ETH
2026-01-07 10:13:07+00:00,787.0,3207.12,3207.07,3207.22,ETH
2026-01-07 10:13:08+00:00,788.0,3207.1,3207.03,3207.17,ETH
2026-01-07 10:13:09+00:00,789.0,3207.09,3206.99,3207.1,ETH
2026-01-07 10:13:10+00:00,790.0,3207.08,3206.98,3207.1,ETH
2026-01-07 10:13:11+00:00,791.0,3207.08,3207.02,3207.09,ETH
2026-01-07 10:13:12+00:00,792.0,3207.08,3207.03,3207.09,ETH
2026-01-07 10:13:13+00:00,793.0,3207.08,3207.03,3207.1,ETH
2026-01-07 10:13:14+00:00,794.0,3207.11,3207.06,3207.18,ETH
2026-01-07 10:13:15+00:00,795.0,3207.11,3207.06,3207.18,ETH
2026-01-07 10:13:16+00:00,796.0,3207.09,3207.06,3207.11,ETH
2026-01-07 10:13:17+00:00,797.0,3207.13,3207.08,3207.18,ETH
2026-01-07 10:13:18+00:00,798.0,3207.17,3207.09,3207.25,ETH
2026-01-07 10:13:19+00:00,799.0,3207.17,3207.09,3207.25,ETH
2026-01-07 10:13:20+00:00,800.0,3207.15,3207.09,3207.25,ETH
2026-01-07 10:13:21+00:00,801.0,3207.13,3207.11,3207.25,ETH
2026-01-07 10:13:22+00:00,802.0,3207.15,3207.13,3207.26,ETH
2026-01-07 10:13:23+00:00,803.0,3207.15,3207.13,3207.25,ETH
2026-01-07 10:13:24+00:00,804.0,3207.17,3207.12,3207.22,ETH
2026-01-07 10:13:25+00:00,805.0,3207.19,3207.09,3207.21,ETH
2026-01-07 10:13:26+00:00,806.0,3207.19,3207.08,3207.23,ETH
2026-01-07 10:13:27+00:00,807.0,3207.19,3207.07,3207.25,ETH
2026-01-07 10:13:28+00:00,808.0,3207.2,3207.11,3207.26,ETH
2026-01-07 10:13:29+00:00,809.0,3207.37,3207.3,3207.42,ETH
2026-01-07 10:13:30+00:00,810.0,3207.58,3207.34,3207.61,ETH
2026-01-07 10:13:31+00:00,811.0,3207.66,3207.27,3207.68,ETH
2026-01-07 10:13:32+00:00,812.0,3207.68,3207.31,3207.69,ETH
2026-01-07 10:13:33+00:00,813.0,3207.68,3207.39,3207.8,ETH
2026-01-07 10:13:34+00:00,814.0,3207.61,3207.4,3207.63,ETH
2026-01-07 10:13:35+00:00,815.0,3207.61,3207.24,3207.62,ETH
2026-01-07 10:13:36+00:00,816.0,3207.61,3207.4,3207.62,ETH
2026-01-07 10:13:37+00:00,817.0,3207.6,3207.47,3207.61,ETH
2026-01-07 10:13:38+00:00,818.0,3207.6,3207.49,3207.61,ETH
2026-01-07 10:13:39+00:00,819.0,3207.6,3207.24,3207.61,ETH
2026-01-07 10:13:40+00:00,820.0,3207.18,3207.09,3207.56,ETH
2026-01-07 10:13:41+00:00,821.0,3207.14,3207.09,3207.15,ETH
2026-01-07 10:13:42+00:00,822.0,3207.14,3207.01,3207.15,ETH
2026-01-07 10:13:43+00:00,823.0,3207.12,3207.06,3207.13,ETH
2026-01-07 10:13:44+00:00,824.0,3207.12,3207.04,3207.15,ETH
2026-01-07 10:13:45+00:00,825.0,3206.9,3206.87,3206.94,ETH
2026-01-07 10:13:46+00:00,826.0,3206.87,3206.82,3206.92,ETH
2026-01-07 10:13:47+00:00,827.0,3206.93,3206.85,3206.97,ETH
2026-01-07 10:13:48+00:00,828.0,3206.93,3206.88,3206.97,ETH
2026-01-07 10:13:49+00:00,829.0,3206.93,3206.86,3206.96,ETH
2026-01-07 10:13:50+00:00,830.0,3206.92,3206.81,3206.93,ETH
2026-01-07 10:13:51+00:00,831.0,3206.93,3206.86,3206.96,ETH
2026-01-07 10:13:52+00:00,832.0,3206.94,3206.9,3206.97,ETH
2026-01-07 10:13:53+00:00,833.0,3206.95,3206.88,3206.96,ETH
2026-01-07 10:13:54+00:00,834.0,3206.94,3206.88,3206.95,ETH
2026-01-07 10:13:55+00:00,835.0,3206.94,3206.9,3206.95,ETH
2026-01-07 10:13:56+00:00,836.0,3207.0,3206.96,3207.02,ETH
2026-01-07 10:13:57+00:00,837.0,3207.01,3206.95,3207.03,ETH
2026-01-07 10:13:58+00:00,838.0,3207.02,3206.99,3207.05,ETH
2026-01-07 10:13:59+00:00,839.0,3207.04,3206.99,3207.06,ETH
2026-01-07 10:14:00+00:00,840.0,3207.22,3207.02,3207.51,ETH
2026-01-07 10:14:01+00:00,841.0,3207.7,3207.65,3207.74,ETH
2026-01-07 10:14:02+00:00,842.0,3207.69,3207.63,3207.69,ETH
2026-01-07 10:14:03+00:00,843.0,3207.32,3207.25,3207.34,ETH
2026-01-07 10:14:04+00:00,844.0,3206.85,3206.79,3206.91,ETH
2026-01-07 10:14:05+00:00,845.0,3206.72,3206.67,3206.78,ETH
2026-01-07 10:14:06+00:00,846.0,3206.38,3206.28,3206.65,ETH
2026-01-07 10:14:07+00:00,847.0,3205.76,3205.34,3205.92,ETH
2026-01-07 10:14:08+00:00,848.0,3205.03,3205.0,3205.46,ETH
2026-01-07 10:14:09+00:00,849.0,3204.86,3204.82,3205.15,ETH
2026-01-07 10:14:10+00:00,850.0,3204.85,3204.82,3205.35,ETH
2026-01-07 10:14:11+00:00,851.0,3204.85,3204.82,3205.29,ETH
2026-01-07 10:14:12+00:00,852.0,3204.8,3204.77,3205.31,ETH
2026-01-07 10:14:13+00:00,853.0,3204.82,3204.61,3204.85,ETH
2026-01-07 10:14:14+00:00,854.0,3204.74,3204.71,3205.2,ETH
2026-01-07 10:14:15+00:00,855.0,3204.85,3204.81,3204.95,ETH
2026-01-07 10:14:16+00:00,856.0,3204.85,3204.81,3204.99,ETH
2026-01-07 10:14:17+00:00,857.0,3204.84,3204.76,3204.87,ETH
2026-01-07 10:14:18+00:00,858.0,3204.82,3204.76,3204.85,ETH
2026-01-07 10:14:19+00:00,859.0,3204.82,3204.78,3204.87,ETH
2026-01-07 10:14:20+00:00,860.0,3204.8,3204.65,3204.87,ETH
2026-01-07 10:14:21+00:00,861.0,3204.64,3204.38,3204.69,ETH
2026-01-07 10:14:22+00:00,862.0,3204.48,3204.27,3204.53,ETH
2026-01-07 10:14:23+00:00,863.0,3204.46,3204.27,3204.51,ETH
2026-01-07 10:14:24+00:00,864.0,3204.46,3204.27,3204.5,ETH
2026-01-07 10:14:25+00:00,865.0,3204.45,3204.27,3204.5,ETH
2026-01-07 10:14:26+00:00,866.0,3204.43,3204.27,3204.5,ETH
2026-01-07 10:14:27+00:00,867.0,3204.44,3204.27,3204.5,ETH
2026-01-07 10:14:28+00:00,868.0,3204.43,3204.33,3204.49,ETH
2026-01-07 10:14:29+00:00,869.0,3204.42,3204.33,3204.48,ETH
2026-01-07 10:14:30+00:00,870.0,3204.42,3204.27,3204.48,ETH
2026-01-07 10:14:31+00:00,871.0,3204.41,3204.27,3204.48,ETH
2026-01-07 10:14:32+00:00,872.0,3204.38,3204.27,3204.48,ETH
2026-01-07 10:14:33+00:00,873.0,3204.37,3204.27,3204.48,ETH
2026-01-07 10:14:34+00:00,874.0,3204.39,3204.27,3204.48,ETH
2026-01-07 10:14:35+00:00,875.0,3204.44,3204.27,3204.49,ETH
2026-01-07 10:14:36+00:00,876.0,3204.46,3204.27,3204.47,ETH
2026-01-07 10:14:37+00:00,877.0,3204.43,3204.34,3204.45,ETH
2026-01-07 10:14:38+00:00,878.0,3204.43,3204.41,3204.45,ETH
2026-01-07 10:14:39+00:00,879.0,3204.43,3204.41,3204.45,ETH
2026-01-07 10:14:40+00:00,880.0,3204.43,3204.41,3204.45,ETH
2026-01-07 10:14:42+00:00,882.0,3204.43,3204.41,3204.45,ETH
2026-01-07 10:14:43+00:00,883.0,3204.43,3204.41,3204.45,ETH
2026-01-07 10:14:44+00:00,884.0,3204.5,3204.42,3204.57,ETH
2026-01-07 10:14:45+00:00,885.0,3204.48,3204.43,3204.5,ETH
2026-01-07 10:14:46+00:00,886.0,3204.53,3204.45,3204.59,ETH
2026-01-07 10:14:47+00:00,887.0,3204.5,3204.44,3204.57,ETH
2026-01-07 10:14:48+00:00,888.0,3204.46,3204.41,3204.48,ETH
2026-01-07 10:14:49+00:00,889.0,3204.46,3204.41,3204.47,ETH
2026-01-07 10:14:50+00:00,890.0,3204.45,3204.41,3204.46,ETH
2026-01-07 10:14:51+00:00,891.0,3204.5,3204.42,3204.53,ETH
2026-01-07 10:14:52+00:00,892.0,3204.55,3204.44,3204.59,ETH
2026-01-07 10:14:53+00:00,893.0,3204.59,3204.44,3204.62,ETH
2026-01-07 10:14:55+00:00,895.0,3204.68,3204.59,3204.71,ETH
2026-01-07 10:14:56+00:00,896.0,3204.68,3204.63,3204.83,ETH
2026-01-07 10:14:57+00:00,897.0,3204.78,3204.65,3204.82,ETH
2026-01-07 10:14:58+00:00,898.0,3204.8,3204.65,3204.84,ETH
2026-01-07 10:14:59+00:00,899.0,3204.79,3204.65,3204.82,ETH
