timestamp,collected_at,seconds,up_mid,up_best_bid,up_best_ask,down_mid,down_best_bid,down_best_ask,up_best_bid_size,up_best_ask_size,down_best_bid_size,down_best_ask_size
2026-01-06 03:45:00.390000+00:00,2026-01-06 03:45:00.505384+00:00,0.39,0.485,0.47,0.5,0.515,0.5,0.53,,,,
2026-01-06 03:45:01.453000+00:00,2026-01-06 03:45:01.512902+00:00,1.453,0.495,0.49,0.5,0.505,0.5,0.51,,,,
2026-01-06 03:45:02.486000+00:00,2026-01-06 03:45:02.519613+00:00,2.486,0.515,0.51,0.52,0.485,0.48,0.49,,,,
2026-01-06 03:45:03.476000+00:00,2026-01-06 03:45:03.530142+00:00,3.476,0.505,0.5,0.51,0.495,0.49,0.5,,,,
2026-01-06 03:45:04.495000+00:00,2026-01-06 03:45:04.529932+00:00,4.495,0.505,0.5,0.51,0.495,0.49,0.5,,,,
2026-01-06 03:45:05.525000+00:00,2026-01-06 03:45:05.544282+00:00,5.525,0.515,0.51,0.52,0.485,0.48,0.49,,,,
2026-01-06 03:45:06.538000+00:00,2026-01-06 03:45:06.548211+00:00,6.538,0.51,0.5,0.52,0.49,0.48,0.5,,,,
2026-01-06 03:45:07.526000+00:00,2026-01-06 03:45:07.563394+00:00,7.526,0.505,0.5,0.51,0.495,0.49,0.5,,,,
2026-01-06 03:45:08.552000+00:00,2026-01-06 03:45:08.579587+00:00,8.552,0.505,0.5,0.51,0.49,0.48,0.5,,,,
2026-01-06 03:45:09.571000+00:00,2026-01-06 03:45:09.582311+00:00,9.571,0.505,0.5,0.51,0.495,0.49,0.5,,,,
2026-01-06 03:45:10.584000+00:00,2026-01-06 03:45:10.610432+00:00,10.584,0.505,0.5,0.51,0.495,0.49,0.5,,,,
2026-01-06 03:45:11.583000+00:00,2026-01-06 03:45:11.609231+00:00,11.583,0.505,0.5,0.51,0.495,0.49,0.5,,,,
2026-01-06 03:45:12.582000+00:00,2026-01-06 03:45:12.620265+00:00,12.582,0.505,0.5,0.51,0.495,0.49,0.5,,,,
2026-01-06 03:45:13.600000+00:00,2026-01-06 03:45:13.630283+00:00,13.6,0.515,0.51,0.52,0.485,0.48,0.49,,,,
2026-01-06 03:45:14.614000+00:00,2026-01-06 03:45:14.624327+00:00,14.614,0.525,0.52,0.53,0.475,0.47,0.48,,,,
2026-01-06 03:45:15.600000+00:00,2026-01-06 03:45:15.634526+00:00,15.6,0.525,0.52,0.53,0.475,0.47,0.48,,,,
2026-01-06 03:45:16.575000+00:00,2026-01-06 03:45:16.647578+00:00,16.575,0.52,0.51,0.53,0.48,0.47,0.49,,,,
2026-01-06 03:45:17.630000+00:00,2026-01-06 03:45:17.659414+00:00,17.63,0.525,0.52,0.53,0.475,0.47,0.48,,,,
2026-01-06 03:45:18.632000+00:00,2026-01-06 03:45:18.662251+00:00,18.632,0.555,0.55,0.56,0.445,0.44,0.45,,,,
2026-01-06 03:45:19.632000+00:00,2026-01-06 03:45:19.660331+00:00,19.632,0.5700000000000001,0.56,0.58,0.425,0.42,0.43,,,,
2026-01-06 03:45:20.624000+00:00,2026-01-06 03:45:20.668700+00:00,20.624,0.5700000000000001,0.56,0.58,0.43,0.42,0.44,,,,
2026-01-06 03:45:21.666000+00:00,2026-01-06 03:45:21.696286+00:00,21.666,0.5700000000000001,0.56,0.58,0.43,0.42,0.44,,,,
2026-01-06 03:45:22.676000+00:00,2026-01-06 03:45:22.703334+00:00,22.676,0.565,0.56,0.57,0.41,0.4,0.42,,,,
2026-01-06 03:45:23.689000+00:00,2026-01-06 03:45:23.715105+00:00,23.689,0.63,0.62,0.64,0.365,0.36,0.37,,,,
2026-01-06 03:45:24.660000+00:00,2026-01-06 03:45:24.713125+00:00,24.66,0.625,0.62,0.63,0.37,0.36,0.38,,,,
2026-01-06 03:45:25.635000+00:00,2026-01-06 03:45:25.712742+00:00,25.635,0.63,0.62,0.64,0.375,0.37,0.38,,,,
2026-01-06 03:45:26.686000+00:00,2026-01-06 03:45:26.710880+00:00,26.686,0.635,0.63,0.64,0.365,0.36,0.37,,,,
2026-01-06 03:45:27.691000+00:00,2026-01-06 03:45:27.713132+00:00,27.691,0.645,0.64,0.65,0.355,0.35,0.36,,,,
2026-01-06 03:45:28.662000+00:00,2026-01-06 03:45:28.726338+00:00,28.662,0.645,0.64,0.65,0.355,0.35,0.36,,,,
2026-01-06 03:45:29.657000+00:00,2026-01-06 03:45:29.732183+00:00,29.657,0.655,0.65,0.66,0.345,0.34,0.35,,,,
2026-01-06 03:45:30.718000+00:00,2026-01-06 03:45:30.739428+00:00,30.718,0.655,0.65,0.66,0.35,0.34,0.36,,,,
2026-01-06 03:45:31.660000+00:00,2026-01-06 03:45:31.748900+00:00,31.66,0.65,0.64,0.66,0.35,0.34,0.36,,,,
2026-01-06 03:45:32.728000+00:00,2026-01-06 03:45:32.757472+00:00,32.728,0.685,0.67,0.7,0.31,0.3,0.32,,,,
2026-01-06 03:45:33.734000+00:00,2026-01-06 03:45:33.768437+00:00,33.734,0.735,0.73,0.74,0.265,0.26,0.27,,,,
2026-01-06 03:45:34.760000+00:00,2026-01-06 03:45:34.782725+00:00,34.76,0.725,0.72,0.73,0.275,0.27,0.28,,,,
2026-01-06 03:45:35.766000+00:00,2026-01-06 03:45:35.795904+00:00,35.766,0.715,0.71,0.72,0.285,0.28,0.29,,,,
2026-01-06 03:45:36.774000+00:00,2026-01-06 03:45:36.795445+00:00,36.774,0.715,0.71,0.72,0.285,0.28,0.29,,,,
2026-01-06 03:45:37.761000+00:00,2026-01-06 03:45:37.798055+00:00,37.761,0.69,0.68,0.7,0.305,0.3,0.31,,,,
2026-01-06 03:45:38.785000+00:00,2026-01-06 03:45:38.808179+00:00,38.785,0.705,0.7,0.71,0.295,0.29,0.3,,,,
2026-01-06 03:45:39.788000+00:00,2026-01-06 03:45:39.812128+00:00,39.788,0.705,0.7,0.71,0.295,0.29,0.3,,,,
2026-01-06 03:45:40.790000+00:00,2026-01-06 03:45:40.821097+00:00,40.79,0.705,0.7,0.71,0.295,0.29,0.3,,,,
2026-01-06 03:45:41.800000+00:00,2026-01-06 03:45:41.828167+00:00,41.8,0.705,0.7,0.71,0.31,0.3,0.32,,,,
2026-01-06 03:45:42.797000+00:00,2026-01-06 03:45:42.834483+00:00,42.797,0.705,0.7,0.71,0.3,0.29,0.31,,,,
2026-01-06 03:45:43.818000+00:00,2026-01-06 03:45:43.852966+00:00,43.818,0.695,0.69,0.7,0.3,0.29,0.31,,,,
2026-01-06 03:45:44.769000+00:00,2026-01-06 03:45:44.845047+00:00,44.769,0.7,0.69,0.71,0.3,0.29,0.31,,,,
2026-01-06 03:45:45.816000+00:00,2026-01-06 03:45:45.863753+00:00,45.816,0.715,0.71,0.72,0.285,0.28,0.29,,,,
2026-01-06 03:45:46.759000+00:00,2026-01-06 03:45:46.868424+00:00,46.759,0.705,0.7,0.71,0.295,0.29,0.3,,,,
2026-01-06 03:45:47.855000+00:00,2026-01-06 03:45:47.876595+00:00,47.855,0.715,0.71,0.72,0.285,0.28,0.29,,,,
2026-01-06 03:45:48.855000+00:00,2026-01-06 03:45:48.877165+00:00,48.855,0.705,0.7,0.71,0.295,0.29,0.3,,,,
2026-01-06 03:45:49.870000+00:00,2026-01-06 03:45:49.895799+00:00,49.87,0.705,0.7,0.71,0.295,0.29,0.3,,,,
2026-01-06 03:45:50.870000+00:00,2026-01-06 03:45:50.911406+00:00,50.87,0.715,0.71,0.72,0.285,0.28,0.29,,,,
2026-01-06 03:45:51.872000+00:00,2026-01-06 03:45:51.920453+00:00,51.872,0.71,0.7,0.72,0.285,0.28,0.29,,,,
2026-01-06 03:45:52.900000+00:00,2026-01-06 03:45:52.927248+00:00,52.9,0.705,0.7,0.71,0.295,0.29,0.3,,,,
2026-01-06 03:45:53.912000+00:00,2026-01-06 03:45:53.931843+00:00,53.912,0.715,0.71,0.72,0.285,0.28,0.29,,,,
2026-01-06 03:45:54.906000+00:00,2026-01-06 03:45:54.934122+00:00,54.906,0.705,0.7,0.71,0.295,0.29,0.3,,,,
2026-01-06 03:45:55.924000+00:00,2026-01-06 03:45:55.954151+00:00,55.924,0.705,0.7,0.71,0.295,0.29,0.3,,,,
2026-01-06 03:45:56.923000+00:00,2026-01-06 03:45:56.961200+00:00,56.923,0.705,0.7,0.71,0.295,0.29,0.3,,,,
2026-01-06 03:45:57.914000+00:00,2026-01-06 03:45:57.954169+00:00,57.914,0.695,0.69,0.7,0.31,0.3,0.32,,,,
2026-01-06 03:45:58.837000+00:00,2026-01-06 03:45:58.944556+00:00,58.837,0.7,0.69,0.71,0.31,0.3,0.32,,,,
2026-01-06 03:45:59.922000+00:00,2026-01-06 03:45:59.937569+00:00,59.922,0.665,0.66,0.67,0.335,0.33,0.34,,,,
2026-01-06 03:46:00.918000+00:00,2026-01-06 03:46:00.943018+00:00,60.918,0.665,0.66,0.67,0.335,0.33,0.34,,,,
2026-01-06 03:46:01.882000+00:00,2026-01-06 03:46:01.937180+00:00,61.882,0.655,0.65,0.66,0.345,0.34,0.35,,,,
2026-01-06 03:46:02.864000+00:00,2026-01-06 03:46:02.927599+00:00,62.864,0.645,0.64,0.65,0.36,0.35,0.37,,,,
2026-01-06 03:46:03.879000+00:00,2026-01-06 03:46:03.934981+00:00,63.879,0.595,0.59,0.6,0.405,0.4,0.41,,,,
2026-01-06 03:46:04.916000+00:00,2026-01-06 03:46:04.942859+00:00,64.916,0.605,0.6,0.61,0.395,0.39,0.4,,,,
2026-01-06 03:46:05.908000+00:00,2026-01-06 03:46:05.960712+00:00,65.908,0.595,0.58,0.61,0.415,0.41,0.42,,,,
2026-01-06 03:46:06.928000+00:00,2026-01-06 03:46:06.964892+00:00,66.928,0.625,0.62,0.63,0.375,0.37,0.38,,,,
2026-01-06 03:46:07.948000+00:00,2026-01-06 03:46:07.968027+00:00,67.948,0.615,0.61,0.62,0.385,0.38,0.39,,,,
2026-01-06 03:46:08.945000+00:00,2026-01-06 03:46:08.980537+00:00,68.945,0.615,0.61,0.62,0.385,0.38,0.39,,,,
2026-01-06 03:46:09.950000+00:00,2026-01-06 03:46:09.978182+00:00,69.95,0.615,0.61,0.62,0.385,0.38,0.39,,,,
2026-01-06 03:46:10.940000+00:00,2026-01-06 03:46:10.993950+00:00,70.94,0.605,0.6,0.61,0.395,0.39,0.4,,,,
2026-01-06 03:46:11.965000+00:00,2026-01-06 03:46:11.994146+00:00,71.965,0.615,0.61,0.62,0.395,0.39,0.4,,,,
2026-01-06 03:46:12.918000+00:00,2026-01-06 03:46:12.994353+00:00,72.918,0.605,0.6,0.61,0.395,0.39,0.4,,,,
2026-01-06 03:46:13.939000+00:00,2026-01-06 03:46:13.988581+00:00,73.939,0.595,0.59,0.6,0.405,0.4,0.41,,,,
2026-01-06 03:46:14.969000+00:00,2026-01-06 03:46:15.001088+00:00,74.969,0.595,0.59,0.6,0.405,0.4,0.41,,,,
2026-01-06 03:46:15.987000+00:00,2026-01-06 03:46:16.010465+00:00,75.987,0.595,0.59,0.6,0.405,0.4,0.41,,,,
2026-01-06 03:46:16.961000+00:00,2026-01-06 03:46:17.009543+00:00,76.961,0.575,0.57,0.58,0.425,0.42,0.43,,,,
2026-01-06 03:46:17.992000+00:00,2026-01-06 03:46:18.024904+00:00,77.992,0.565,0.56,0.57,0.435,0.43,0.44,,,,
2026-01-06 03:46:18.990000+00:00,2026-01-06 03:46:19.031734+00:00,78.99,0.575,0.57,0.58,0.425,0.42,0.43,,,,
2026-01-06 03:46:20.008000+00:00,2026-01-06 03:46:20.032393+00:00,80.008,0.575,0.57,0.58,0.425,0.42,0.43,,,,
2026-01-06 03:46:21.025000+00:00,2026-01-06 03:46:21.059406+00:00,81.025,0.575,0.57,0.58,0.425,0.42,0.43,,,,
2026-01-06 03:46:22.051000+00:00,2026-01-06 03:46:22.073714+00:00,82.051,0.58,0.57,0.59,0.42,0.41,0.43,,,,
2026-01-06 03:46:23.049000+00:00,2026-01-06 03:46:23.090337+00:00,83.049,0.575,0.57,0.58,0.425,0.42,0.43,,,,
2026-01-06 03:46:24.068000+00:00,2026-01-06 03:46:24.092703+00:00,84.068,0.585,0.58,0.59,0.415,0.41,0.42,,,,
2026-01-06 03:46:25.066000+00:00,2026-01-06 03:46:25.093432+00:00,85.066,0.585,0.58,0.59,0.415,0.41,0.42,,,,
2026-01-06 03:46:26.049000+00:00,2026-01-06 03:46:26.092412+00:00,86.049,0.585,0.58,0.59,0.415,0.41,0.42,,,,
2026-01-06 03:46:27.084000+00:00,2026-01-06 03:46:27.109642+00:00,87.084,0.585,0.58,0.59,0.415,0.41,0.42,,,,
2026-01-06 03:46:28.097000+00:00,2026-01-06 03:46:28.123568+00:00,88.097,0.585,0.58,0.59,0.415,0.41,0.42,,,,
2026-01-06 03:46:29.096000+00:00,2026-01-06 03:46:29.124320+00:00,89.096,0.585,0.58,0.59,0.415,0.41,0.42,,,,
2026-01-06 03:46:30.097000+00:00,2026-01-06 03:46:30.125347+00:00,90.097,0.585,0.58,0.59,0.415,0.41,0.42,,,,
2026-01-06 03:46:31.099000+00:00,2026-01-06 03:46:31.128058+00:00,91.099,0.615,0.61,0.62,0.385,0.38,0.39,,,,
2026-01-06 03:46:32.103000+00:00,2026-01-06 03:46:32.142095+00:00,92.103,0.605,0.6,0.61,0.395,0.39,0.4,,,,
2026-01-06 03:46:33.115000+00:00,2026-01-06 03:46:33.143289+00:00,93.115,0.605,0.6,0.61,0.395,0.39,0.4,,,,
2026-01-06 03:46:34.122000+00:00,2026-01-06 03:46:34.145705+00:00,94.122,0.605,0.6,0.61,0.395,0.39,0.4,,,,
2026-01-06 03:46:35.140000+00:00,2026-01-06 03:46:35.156128+00:00,95.14,0.605,0.6,0.61,0.395,0.39,0.4,,,,
2026-01-06 03:46:36.138000+00:00,2026-01-06 03:46:36.162799+00:00,96.138,0.605,0.6,0.61,0.395,0.39,0.4,,,,
2026-01-06 03:46:37.147000+00:00,2026-01-06 03:46:37.190332+00:00,97.147,0.605,0.6,0.61,0.395,0.39,0.4,,,,
2026-01-06 03:46:38.109000+00:00,2026-01-06 03:46:38.205619+00:00,98.109,0.605,0.6,0.61,0.395,0.39,0.4,,,,
2026-01-06 03:46:39.135000+00:00,2026-01-06 03:46:39.199430+00:00,99.135,0.605,0.6,0.61,0.395,0.39,0.4,,,,
2026-01-06 03:46:40.153000+00:00,2026-01-06 03:46:40.194612+00:00,100.153,0.595,0.59,0.6,0.405,0.4,0.41,,,,
2026-01-06 03:46:41.183000+00:00,2026-01-06 03:46:41.208139+00:00,101.183,0.595,0.59,0.6,0.405,0.4,0.41,,,,
2026-01-06 03:46:42.174000+00:00,2026-01-06 03:46:42.203796+00:00,102.174,0.605,0.6,0.61,0.395,0.39,0.4,,,,
2026-01-06 03:46:43.172000+00:00,2026-01-06 03:46:43.207336+00:00,103.172,0.615,0.61,0.62,0.385,0.38,0.39,,,,
2026-01-06 03:46:44.196000+00:00,2026-01-06 03:46:44.229713+00:00,104.196,0.605,0.6,0.61,0.395,0.39,0.4,,,,
2026-01-06 03:46:45.198000+00:00,2026-01-06 03:46:45.238593+00:00,105.198,0.605,0.6,0.61,0.395,0.39,0.4,,,,
2026-01-06 03:46:46.218000+00:00,2026-01-06 03:46:46.247305+00:00,106.218,0.595,0.59,0.6,0.405,0.4,0.41,,,,
2026-01-06 03:46:47.192000+00:00,2026-01-06 03:46:47.256890+00:00,107.192,0.595,0.59,0.6,0.405,0.4,0.41,,,,
2026-01-06 03:46:48.221000+00:00,2026-01-06 03:46:48.268319+00:00,108.221,0.595,0.59,0.6,0.405,0.4,0.41,,,,
2026-01-06 03:46:49.201000+00:00,2026-01-06 03:46:49.267314+00:00,109.201,0.595,0.59,0.6,0.405,0.4,0.41,,,,
2026-01-06 03:46:50.249000+00:00,2026-01-06 03:46:50.281303+00:00,110.249,0.595,0.59,0.6,0.405,0.4,0.41,,,,
2026-01-06 03:46:51.200000+00:00,2026-01-06 03:46:51.289593+00:00,111.2,0.595,0.59,0.6,0.405,0.4,0.41,,,,
2026-01-06 03:46:52.181000+00:00,2026-01-06 03:46:52.294383+00:00,112.181,0.595,0.59,0.6,0.405,0.4,0.41,,,,
2026-01-06 03:46:53.263000+00:00,2026-01-06 03:46:53.303406+00:00,113.263,0.595,0.59,0.6,0.41,0.4,0.42,,,,
2026-01-06 03:46:54.274000+00:00,2026-01-06 03:46:54.309043+00:00,114.274,0.59,0.58,0.6,0.41,0.4,0.42,,,,
2026-01-06 03:46:55.221000+00:00,2026-01-06 03:46:55.310103+00:00,115.221,0.585,0.58,0.59,0.415,0.41,0.42,,,,
2026-01-06 03:46:56.297000+00:00,2026-01-06 03:46:56.325433+00:00,116.297,0.585,0.58,0.59,0.415,0.41,0.42,,,,
2026-01-06 03:46:57.292000+00:00,2026-01-06 03:46:57.342419+00:00,117.292,0.595,0.59,0.6,0.405,0.4,0.41,,,,
2026-01-06 03:46:58.296000+00:00,2026-01-06 03:46:58.360986+00:00,118.296,0.59,0.58,0.6,0.41,0.4,0.42,,,,
2026-01-06 03:46:59.356000+00:00,2026-01-06 03:46:59.379199+00:00,119.356,0.595,0.59,0.6,0.405,0.4,0.41,,,,
2026-01-06 03:47:00.363000+00:00,2026-01-06 03:47:00.392143+00:00,120.363,0.595,0.59,0.6,0.405,0.4,0.41,,,,
2026-01-06 03:47:01.390000+00:00,2026-01-06 03:47:01.400045+00:00,121.39,0.61,0.6,0.62,0.385,0.38,0.39,,,,
2026-01-06 03:47:02.366000+00:00,2026-01-06 03:47:02.411256+00:00,122.366,0.66,0.65,0.67,0.325,0.32,0.33,,,,
2026-01-06 03:47:03.392000+00:00,2026-01-06 03:47:03.429831+00:00,123.392,0.685,0.68,0.69,0.305,0.3,0.31,,,,
2026-01-06 03:47:04.429000+00:00,2026-01-06 03:47:04.443927+00:00,124.429,0.685,0.68,0.69,0.315,0.31,0.32,,,,
2026-01-06 03:47:05.410000+00:00,2026-01-06 03:47:05.441888+00:00,125.41,0.685,0.68,0.69,0.315,0.31,0.32,,,,
2026-01-06 03:47:06.396000+00:00,2026-01-06 03:47:06.434014+00:00,126.396,0.665,0.66,0.67,0.335,0.33,0.34,,,,
2026-01-06 03:47:07.378000+00:00,2026-01-06 03:47:07.435048+00:00,127.378,0.665,0.66,0.67,0.335,0.33,0.34,,,,
2026-01-06 03:47:08.458000+00:00,2026-01-06 03:47:08.419967+00:00,128.458,0.675,0.67,0.68,0.325,0.32,0.33,,,,
2026-01-06 03:47:09.367000+00:00,2026-01-06 03:47:09.417564+00:00,129.367,0.675,0.67,0.68,0.325,0.32,0.33,,,,
2026-01-06 03:47:10.308000+00:00,2026-01-06 03:47:10.411027+00:00,130.308,0.675,0.67,0.68,0.325,0.32,0.33,,,,
2026-01-06 03:47:11.402000+00:00,2026-01-06 03:47:11.426555+00:00,131.402,0.665,0.66,0.67,0.335,0.33,0.34,,,,
2026-01-06 03:47:12.495000+00:00,2026-01-06 03:47:12.431175+00:00,132.495,0.665,0.66,0.67,0.335,0.33,0.34,,,,
2026-01-06 03:47:13.410000+00:00,2026-01-06 03:47:13.444944+00:00,133.41,0.665,0.66,0.67,0.335,0.33,0.34,,,,
2026-01-06 03:47:14.400000+00:00,2026-01-06 03:47:14.445047+00:00,134.4,0.665,0.66,0.67,0.335,0.33,0.34,,,,
2026-01-06 03:47:15.440000+00:00,2026-01-06 03:47:15.453597+00:00,135.44,0.655,0.65,0.66,0.345,0.34,0.35,,,,
2026-01-06 03:47:16.423000+00:00,2026-01-06 03:47:16.455043+00:00,136.423,0.655,0.65,0.66,0.345,0.34,0.35,,,,
2026-01-06 03:47:17.444000+00:00,2026-01-06 03:47:17.468611+00:00,137.444,0.655,0.65,0.66,0.345,0.34,0.35,,,,
2026-01-06 03:47:18.364000+00:00,2026-01-06 03:47:18.471759+00:00,138.364,0.645,0.64,0.65,0.365,0.36,0.37,,,,
2026-01-06 03:47:19.421000+00:00,2026-01-06 03:47:19.485998+00:00,139.421,0.63,0.62,0.64,0.37,0.36,0.38,,,,
2026-01-06 03:47:20.369000+00:00,2026-01-06 03:47:20.480188+00:00,140.369,0.63,0.62,0.64,0.375,0.37,0.38,,,,
2026-01-06 03:47:21.444000+00:00,2026-01-06 03:47:21.471537+00:00,141.444,0.635,0.63,0.64,0.365,0.36,0.37,,,,
2026-01-06 03:47:22.342000+00:00,2026-01-06 03:47:22.464419+00:00,142.342,0.635,0.63,0.64,0.365,0.36,0.37,,,,
2026-01-06 03:47:23.452000+00:00,2026-01-06 03:47:23.474891+00:00,143.452,0.635,0.63,0.64,0.365,0.36,0.37,,,,
2026-01-06 03:47:24.450000+00:00,2026-01-06 03:47:24.473620+00:00,144.45,0.635,0.63,0.64,0.36,0.35,0.37,,,,
2026-01-06 03:47:25.430000+00:00,2026-01-06 03:47:25.490541+00:00,145.43,0.655,0.65,0.66,0.345,0.34,0.35,,,,
2026-01-06 03:47:26.431000+00:00,2026-01-06 03:47:26.489279+00:00,146.431,0.655,0.65,0.66,0.345,0.34,0.35,,,,
2026-01-06 03:47:27.462000+00:00,2026-01-06 03:47:27.507177+00:00,147.462,0.655,0.65,0.66,0.345,0.34,0.35,,,,
2026-01-06 03:47:28.512000+00:00,2026-01-06 03:47:28.525829+00:00,148.512,0.655,0.65,0.66,0.345,0.34,0.35,,,,
2026-01-06 03:47:29.521000+00:00,2026-01-06 03:47:29.540684+00:00,149.521,0.655,0.65,0.66,0.345,0.34,0.35,,,,
2026-01-06 03:47:30.420000+00:00,2026-01-06 03:47:30.547877+00:00,150.42,0.665,0.66,0.67,0.335,0.33,0.34,,,,
2026-01-06 03:47:31.538000+00:00,2026-01-06 03:47:31.556457+00:00,151.538,0.665,0.66,0.67,0.335,0.33,0.34,,,,
2026-01-06 03:47:32.523000+00:00,2026-01-06 03:47:32.556819+00:00,152.523,0.665,0.66,0.67,0.335,0.33,0.34,,,,
2026-01-06 03:47:33.490000+00:00,2026-01-06 03:47:33.555241+00:00,153.49,0.675,0.67,0.68,0.325,0.32,0.33,,,,
2026-01-06 03:47:34.567000+00:00,2026-01-06 03:47:34.543325+00:00,154.567,0.675,0.67,0.68,0.325,0.32,0.33,,,,
2026-01-06 03:47:35.540000+00:00,2026-01-06 03:47:35.555664+00:00,155.54,0.665,0.66,0.67,0.335,0.33,0.34,,,,
2026-01-06 03:47:36.658000+00:00,2026-01-06 03:47:36.561561+00:00,156.658,0.665,0.66,0.67,0.345,0.34,0.35,,,,
2026-01-06 03:47:37.541000+00:00,2026-01-06 03:47:37.587916+00:00,157.541,0.655,0.65,0.66,0.355,0.35,0.36,,,,
2026-01-06 03:47:38.586000+00:00,2026-01-06 03:47:38.584911+00:00,158.586,0.645,0.64,0.65,0.355,0.35,0.36,,,,
2026-01-06 03:47:39.570000+00:00,2026-01-06 03:47:39.594299+00:00,159.57,0.645,0.64,0.65,0.355,0.35,0.36,,,,
2026-01-06 03:47:40.580000+00:00,2026-01-06 03:47:40.602919+00:00,160.58,0.635,0.63,0.64,0.365,0.36,0.37,,,,
2026-01-06 03:47:41.499000+00:00,2026-01-06 03:47:41.596104+00:00,161.499,0.635,0.63,0.64,0.365,0.36,0.37,,,,
2026-01-06 03:47:42.590000+00:00,2026-01-06 03:47:42.593876+00:00,162.59,0.635,0.63,0.64,0.365,0.36,0.37,,,,
2026-01-06 03:47:43.576000+00:00,2026-01-06 03:47:43.606785+00:00,163.576,0.635,0.63,0.64,0.365,0.36,0.37,,,,
2026-01-06 03:47:44.590000+00:00,2026-01-06 03:47:44.617944+00:00,164.59,0.655,0.65,0.66,0.345,0.34,0.35,,,,
2026-01-06 03:47:45.576000+00:00,2026-01-06 03:47:45.625887+00:00,165.576,0.655,0.65,0.66,0.345,0.34,0.35,,,,
2026-01-06 03:47:46.612000+00:00,2026-01-06 03:47:46.640243+00:00,166.612,0.655,0.65,0.66,0.345,0.34,0.35,,,,
2026-01-06 03:47:47.595000+00:00,2026-01-06 03:47:47.639886+00:00,167.595,0.655,0.65,0.66,0.335,0.33,0.34,,,,
2026-01-06 03:47:48.601000+00:00,2026-01-06 03:47:48.640048+00:00,168.601,0.665,0.66,0.67,0.335,0.33,0.34,,,,
2026-01-06 03:47:49.601000+00:00,2026-01-06 03:47:49.646072+00:00,169.601,0.66,0.65,0.67,0.345,0.34,0.35,,,,
2026-01-06 03:47:50.616000+00:00,2026-01-06 03:47:50.643510+00:00,170.616,0.655,0.65,0.66,0.345,0.34,0.35,,,,
2026-01-06 03:47:51.576000+00:00,2026-01-06 03:47:51.655883+00:00,171.576,0.655,0.65,0.66,0.345,0.34,0.35,,,,
2026-01-06 03:47:52.606000+00:00,2026-01-06 03:47:52.671286+00:00,172.606,0.655,0.65,0.66,0.345,0.34,0.35,,,,
2026-01-06 03:47:53.596000+00:00,2026-01-06 03:47:53.675219+00:00,173.596,0.655,0.65,0.66,0.345,0.34,0.35,,,,
2026-01-06 03:47:54.642000+00:00,2026-01-06 03:47:54.686846+00:00,174.642,0.645,0.64,0.65,0.355,0.35,0.36,,,,
2026-01-06 03:47:55.651000+00:00,2026-01-06 03:47:55.674556+00:00,175.651,0.645,0.64,0.65,0.355,0.35,0.36,,,,
2026-01-06 03:47:56.632000+00:00,2026-01-06 03:47:56.682640+00:00,176.632,0.645,0.64,0.65,0.355,0.35,0.36,,,,
2026-01-06 03:47:57.648000+00:00,2026-01-06 03:47:57.691017+00:00,177.648,0.645,0.64,0.65,0.355,0.35,0.36,,,,
2026-01-06 03:47:58.686000+00:00,2026-01-06 03:47:58.705671+00:00,178.686,0.655,0.65,0.66,0.345,0.34,0.35,,,,
2026-01-06 03:47:59.677000+00:00,2026-01-06 03:47:59.705896+00:00,179.677,0.665,0.66,0.67,0.335,0.33,0.34,,,,
2026-01-06 03:48:00.686000+00:00,2026-01-06 03:48:00.724812+00:00,180.686,0.655,0.65,0.66,0.345,0.34,0.35,,,,
2026-01-06 03:48:01.712000+00:00,2026-01-06 03:48:01.739272+00:00,181.712,0.65,0.64,0.66,0.355,0.35,0.36,,,,
2026-01-06 03:48:02.720000+00:00,2026-01-06 03:48:02.745174+00:00,182.72,0.645,0.64,0.65,0.355,0.35,0.36,,,,
2026-01-06 03:48:03.735000+00:00,2026-01-06 03:48:03.763405+00:00,183.735,0.655,0.65,0.66,0.345,0.34,0.35,,,,
2026-01-06 03:48:04.778000+00:00,2026-01-06 03:48:04.767465+00:00,184.778,0.655,0.65,0.66,0.345,0.34,0.35,,,,
2026-01-06 03:48:05.733000+00:00,2026-01-06 03:48:05.761595+00:00,185.733,0.655,0.65,0.66,0.345,0.34,0.35,,,,
2026-01-06 03:48:06.766000+00:00,2026-01-06 03:48:06.772253+00:00,186.766,0.665,0.66,0.67,0.335,0.33,0.34,,,,
2026-01-06 03:48:07.845000+00:00,2026-01-06 03:48:07.782657+00:00,187.845,0.645,0.64,0.65,0.365,0.35,0.38,,,,
2026-01-06 03:48:08.813000+00:00,2026-01-06 03:48:08.789069+00:00,188.813,0.6,0.59,0.61,0.4,0.39,0.41,,,,
2026-01-06 03:48:09.783000+00:00,2026-01-06 03:48:09.805561+00:00,189.783,0.595,0.59,0.6,0.405,0.4,0.41,,,,
2026-01-06 03:48:10.825000+00:00,2026-01-06 03:48:10.812421+00:00,190.825,0.605,0.6,0.61,0.395,0.39,0.4,,,,
2026-01-06 03:48:11.784000+00:00,2026-01-06 03:48:11.822597+00:00,191.784,0.6,0.59,0.61,0.405,0.4,0.41,,,,
2026-01-06 03:48:12.824000+00:00,2026-01-06 03:48:12.831791+00:00,192.824,0.565,0.56,0.57,0.435,0.43,0.44,,,,
2026-01-06 03:48:13.905000+00:00,2026-01-06 03:48:13.838065+00:00,193.905,0.575,0.57,0.58,0.425,0.42,0.43,,,,
2026-01-06 03:48:14.824000+00:00,2026-01-06 03:48:14.845180+00:00,194.824,0.575,0.57,0.58,0.425,0.42,0.43,,,,
2026-01-06 03:48:15.835000+00:00,2026-01-06 03:48:15.846640+00:00,195.835,0.575,0.57,0.58,0.425,0.42,0.43,,,,
2026-01-06 03:48:16.812000+00:00,2026-01-06 03:48:16.854971+00:00,196.812,0.565,0.56,0.57,0.435,0.43,0.44,,,,
2026-01-06 03:48:17.827000+00:00,2026-01-06 03:48:17.871188+00:00,197.827,0.565,0.56,0.57,0.435,0.43,0.44,,,,
2026-01-06 03:48:18.874000+00:00,2026-01-06 03:48:18.871159+00:00,198.874,0.555,0.55,0.56,0.445,0.44,0.45,,,,
2026-01-06 03:48:19.858000+00:00,2026-01-06 03:48:19.871877+00:00,199.858,0.535,0.53,0.54,0.455,0.45,0.46,,,,
2026-01-06 03:48:20.874000+00:00,2026-01-06 03:48:20.890749+00:00,200.874,0.555,0.55,0.56,0.445,0.44,0.45,,,,
2026-01-06 03:48:21.890000+00:00,2026-01-06 03:48:21.902353+00:00,201.89,0.545,0.54,0.55,0.455,0.45,0.46,,,,
2026-01-06 03:48:22.875000+00:00,2026-01-06 03:48:22.913356+00:00,202.875,0.515,0.51,0.52,0.49,0.48,0.5,,,,
2026-01-06 03:48:23.925000+00:00,2026-01-06 03:48:23.933312+00:00,203.925,0.515,0.51,0.52,0.485,0.48,0.49,,,,
2026-01-06 03:48:24.843000+00:00,2026-01-06 03:48:24.957455+00:00,204.843,0.53,0.52,0.54,0.47,0.46,0.48,,,,
2026-01-06 03:48:25.943000+00:00,2026-01-06 03:48:25.971239+00:00,205.943,0.525,0.52,0.53,0.47,0.46,0.48,,,,
2026-01-06 03:48:26.920000+00:00,2026-01-06 03:48:26.969054+00:00,206.92,0.535,0.53,0.54,0.4649999999999999,0.46,0.47,,,,
2026-01-06 03:48:27.955000+00:00,2026-01-06 03:48:27.987227+00:00,207.955,0.525,0.52,0.53,0.475,0.47,0.48,,,,
2026-01-06 03:48:28.892000+00:00,2026-01-06 03:48:28.984856+00:00,208.892,0.525,0.52,0.53,0.475,0.47,0.48,,,,
2026-01-06 03:48:29.901000+00:00,2026-01-06 03:48:29.986809+00:00,209.901,0.53,0.52,0.54,0.47,0.46,0.48,,,,
2026-01-06 03:48:30.942000+00:00,2026-01-06 03:48:30.987354+00:00,210.942,0.525,0.52,0.53,0.475,0.47,0.48,,,,
2026-01-06 03:48:32.932000+00:00,2026-01-06 03:48:33.001385+00:00,212.932,0.53,0.52,0.54,0.47,0.46,0.48,,,,
2026-01-06 03:48:34.006000+00:00,2026-01-06 03:48:34.017292+00:00,214.006,0.535,0.53,0.54,0.4599999999999999,0.45,0.47,,,,
2026-01-06 03:48:35.952000+00:00,2026-01-06 03:48:36.026293+00:00,215.952,0.54,0.53,0.55,0.4649999999999999,0.46,0.47,,,,
2026-01-06 03:48:36.999000+00:00,2026-01-06 03:48:37.047812+00:00,216.999,0.535,0.53,0.54,0.4649999999999999,0.46,0.47,,,,
2026-01-06 03:48:38+00:00,2026-01-06 03:48:38.054082+00:00,218.0,0.535,0.53,0.54,0.4649999999999999,0.46,0.47,,,,
2026-01-06 03:48:39.052000+00:00,2026-01-06 03:48:39.062120+00:00,219.052,0.525,0.52,0.53,0.475,0.47,0.48,,,,
2026-01-06 03:48:40.028000+00:00,2026-01-06 03:48:40.069522+00:00,220.028,0.525,0.52,0.53,0.475,0.47,0.48,,,,
2026-01-06 03:48:41.004000+00:00,2026-01-06 03:48:41.070862+00:00,221.004,0.525,0.52,0.53,0.475,0.47,0.48,,,,
2026-01-06 03:48:42.005000+00:00,2026-01-06 03:48:42.070308+00:00,222.005,0.525,0.52,0.53,0.475,0.47,0.48,,,,
2026-01-06 03:48:43.142000+00:00,2026-01-06 03:48:43.087515+00:00,223.142,0.525,0.52,0.53,0.475,0.47,0.48,,,,
2026-01-06 03:48:44.046000+00:00,2026-01-06 03:48:44.096080+00:00,224.046,0.525,0.52,0.53,0.475,0.47,0.48,,,,
2026-01-06 03:48:45.076000+00:00,2026-01-06 03:48:45.093823+00:00,225.076,0.525,0.52,0.53,0.475,0.47,0.48,,,,
2026-01-06 03:48:46.056000+00:00,2026-01-06 03:48:46.104433+00:00,226.056,0.525,0.52,0.53,0.475,0.47,0.48,,,,
2026-01-06 03:48:47.059000+00:00,2026-01-06 03:48:47.115151+00:00,227.059,0.515,0.51,0.52,0.485,0.48,0.49,,,,
2026-01-06 03:48:48.129000+00:00,2026-01-06 03:48:48.127665+00:00,228.129,0.515,0.51,0.52,0.485,0.48,0.49,,,,
2026-01-06 03:48:49.108000+00:00,2026-01-06 03:48:49.136160+00:00,229.108,0.515,0.51,0.52,0.485,0.48,0.49,,,,
2026-01-06 03:48:50.140000+00:00,2026-01-06 03:48:50.146407+00:00,230.14,0.505,0.5,0.51,0.495,0.49,0.5,,,,
2026-01-06 03:48:51.131000+00:00,2026-01-06 03:48:51.166097+00:00,231.131,0.505,0.5,0.51,0.495,0.49,0.5,,,,
2026-01-06 03:48:52.114000+00:00,2026-01-06 03:48:52.165489+00:00,232.114,0.505,0.5,0.51,0.495,0.49,0.5,,,,
2026-01-06 03:48:53.135000+00:00,2026-01-06 03:48:53.177010+00:00,233.135,0.505,0.5,0.51,0.495,0.49,0.5,,,,
2026-01-06 03:48:54.207000+00:00,2026-01-06 03:48:54.205628+00:00,234.207,0.505,0.5,0.51,0.495,0.49,0.5,,,,
2026-01-06 03:48:55.200000+00:00,2026-01-06 03:48:55.226314+00:00,235.2,0.495,0.49,0.5,0.51,0.5,0.52,,,,
2026-01-06 03:48:56.204000+00:00,2026-01-06 03:48:56.226845+00:00,236.204,0.485,0.48,0.49,0.515,0.51,0.52,,,,
2026-01-06 03:48:57.216000+00:00,2026-01-06 03:48:57.237119+00:00,237.216,0.485,0.48,0.49,0.515,0.51,0.52,,,,
2026-01-06 03:48:58.142000+00:00,2026-01-06 03:48:58.241233+00:00,238.142,0.475,0.47,0.48,0.525,0.52,0.53,,,,
2026-01-06 03:48:59.217000+00:00,2026-01-06 03:48:59.234103+00:00,239.217,0.4649999999999999,0.46,0.47,0.535,0.53,0.54,,,,
2026-01-06 03:49:00.191000+00:00,2026-01-06 03:49:00.243694+00:00,240.191,0.4599999999999999,0.45,0.47,0.545,0.54,0.55,,,,
2026-01-06 03:49:01.228000+00:00,2026-01-06 03:49:01.255378+00:00,241.228,0.435,0.43,0.44,0.565,0.56,0.57,,,,
2026-01-06 03:49:02.209000+00:00,2026-01-06 03:49:02.263024+00:00,242.209,0.445,0.44,0.45,0.555,0.55,0.56,,,,
2026-01-06 03:49:03.254000+00:00,2026-01-06 03:49:03.275832+00:00,243.254,0.435,0.43,0.44,0.565,0.56,0.57,,,,
2026-01-06 03:49:04.233000+00:00,2026-01-06 03:49:04.286419+00:00,244.233,0.41,0.4,0.42,0.59,0.58,0.6,,,,
2026-01-06 03:49:05.265000+00:00,2026-01-06 03:49:05.294110+00:00,245.265,0.405,0.4,0.41,0.595,0.59,0.6,,,,
2026-01-06 03:49:06.253000+00:00,2026-01-06 03:49:06.306947+00:00,246.253,0.375,0.37,0.38,0.625,0.62,0.63,,,,
2026-01-06 03:49:07.362000+00:00,2026-01-06 03:49:07.319283+00:00,247.362,0.39,0.38,0.4,0.605,0.6,0.61,,,,
2026-01-06 03:49:08.300000+00:00,2026-01-06 03:49:08.342080+00:00,248.3,0.395,0.39,0.4,0.605,0.6,0.61,,,,
2026-01-06 03:49:09.316000+00:00,2026-01-06 03:49:09.343982+00:00,249.316,0.395,0.39,0.4,0.605,0.6,0.61,,,,
2026-01-06 03:49:10.348000+00:00,2026-01-06 03:49:10.357846+00:00,250.348,0.395,0.39,0.4,0.605,0.6,0.61,,,,
2026-01-06 03:49:11.343000+00:00,2026-01-06 03:49:11.370119+00:00,251.343,0.39,0.38,0.4,0.61,0.6,0.62,,,,
2026-01-06 03:49:12.373000+00:00,2026-01-06 03:49:12.390386+00:00,252.373,0.39,0.38,0.4,0.61,0.6,0.62,,,,
2026-01-06 03:49:13.353000+00:00,2026-01-06 03:49:13.388027+00:00,253.353,0.39,0.38,0.4,0.6,0.59,0.61,,,,
2026-01-06 03:49:14.382000+00:00,2026-01-06 03:49:14.395267+00:00,254.382,0.4649999999999999,0.46,0.47,0.535,0.53,0.54,,,,
2026-01-06 03:49:15.330000+00:00,2026-01-06 03:49:15.397691+00:00,255.33,0.505,0.5,0.51,0.495,0.49,0.5,,,,
2026-01-06 03:49:16.375000+00:00,2026-01-06 03:49:16.410156+00:00,256.375,0.485,0.48,0.49,0.515,0.51,0.52,,,,
2026-01-06 03:49:17.400000+00:00,2026-01-06 03:49:17.423706+00:00,257.4,0.475,0.47,0.48,0.515,0.51,0.52,,,,
2026-01-06 03:49:18.549000+00:00,2026-01-06 03:49:18.443244+00:00,258.549,0.48,0.47,0.49,0.515,0.51,0.52,,,,
2026-01-06 03:49:19.409000+00:00,2026-01-06 03:49:19.442400+00:00,259.409,0.4649999999999999,0.46,0.47,0.535,0.53,0.54,,,,
2026-01-06 03:49:20.443000+00:00,2026-01-06 03:49:20.464212+00:00,260.443,0.4649999999999999,0.46,0.47,0.53,0.52,0.54,,,,
2026-01-06 03:49:21.384000+00:00,2026-01-06 03:49:21.471002+00:00,261.384,0.475,0.47,0.48,0.53,0.52,0.54,,,,
2026-01-06 03:49:22.457000+00:00,2026-01-06 03:49:22.473745+00:00,262.457,0.475,0.47,0.48,0.53,0.52,0.54,,,,
2026-01-06 03:49:23.397000+00:00,2026-01-06 03:49:23.485916+00:00,263.397,0.455,0.45,0.46,0.545,0.54,0.55,,,,
2026-01-06 03:49:24.465000+00:00,2026-01-06 03:49:24.513010+00:00,264.465,0.405,0.4,0.41,0.595,0.59,0.6,,,,
2026-01-06 03:49:25.572000+00:00,2026-01-06 03:49:25.508558+00:00,265.572,0.405,0.4,0.41,0.595,0.59,0.6,,,,
2026-01-06 03:49:26.479000+00:00,2026-01-06 03:49:26.521090+00:00,266.479,0.41,0.4,0.42,0.585,0.58,0.59,,,,
2026-01-06 03:49:27.507000+00:00,2026-01-06 03:49:27.541033+00:00,267.507,0.425,0.42,0.43,0.575,0.57,0.58,,,,
2026-01-06 03:49:28.513000+00:00,2026-01-06 03:49:28.543729+00:00,268.513,0.435,0.43,0.44,0.565,0.56,0.57,,,,
2026-01-06 03:49:29.489000+00:00,2026-01-06 03:49:29.555291+00:00,269.489,0.43,0.42,0.44,0.58,0.57,0.59,,,,
2026-01-06 03:49:30.545000+00:00,2026-01-06 03:49:30.570748+00:00,270.545,0.425,0.42,0.43,0.575,0.57,0.58,,,,
2026-01-06 03:49:31.511000+00:00,2026-01-06 03:49:31.574702+00:00,271.511,0.425,0.42,0.43,0.575,0.57,0.58,,,,
2026-01-06 03:49:32.557000+00:00,2026-01-06 03:49:32.585088+00:00,272.557,0.435,0.43,0.44,0.565,0.56,0.57,,,,
2026-01-06 03:49:33.427000+00:00,2026-01-06 03:49:33.589257+00:00,273.427,0.435,0.43,0.44,0.565,0.56,0.57,,,,
2026-01-06 03:49:34.539000+00:00,2026-01-06 03:49:34.594876+00:00,274.539,0.435,0.43,0.44,0.565,0.56,0.57,,,,
2026-01-06 03:49:35.574000+00:00,2026-01-06 03:49:35.598715+00:00,275.574,0.435,0.43,0.44,0.565,0.56,0.57,,,,
2026-01-06 03:49:36.558000+00:00,2026-01-06 03:49:36.593454+00:00,276.558,0.435,0.43,0.44,0.565,0.56,0.57,,,,
2026-01-06 03:49:37.594000+00:00,2026-01-06 03:49:37.602043+00:00,277.594,0.435,0.43,0.44,0.565,0.56,0.57,,,,
2026-01-06 03:49:38.637000+00:00,2026-01-06 03:49:38.600401+00:00,278.637,0.435,0.43,0.44,0.575,0.57,0.58,,,,
2026-01-06 03:49:39.504000+00:00,2026-01-06 03:49:39.607186+00:00,279.504,0.425,0.42,0.43,0.58,0.57,0.59,,,,
2026-01-06 03:49:40.572000+00:00,2026-01-06 03:49:40.623201+00:00,280.572,0.42,0.41,0.43,0.58,0.57,0.59,,,,
2026-01-06 03:49:41.577000+00:00,2026-01-06 03:49:41.632289+00:00,281.577,0.42,0.41,0.43,0.58,0.57,0.59,,,,
2026-01-06 03:49:42.595000+00:00,2026-01-06 03:49:42.635608+00:00,282.595,0.42,0.41,0.43,0.58,0.57,0.59,,,,
2026-01-06 03:49:43.745000+00:00,2026-01-06 03:49:43.651992+00:00,283.745,0.415,0.41,0.42,0.585,0.58,0.59,,,,
2026-01-06 03:49:44.574000+00:00,2026-01-06 03:49:44.656110+00:00,284.574,0.415,0.41,0.42,0.585,0.58,0.59,,,,
2026-01-06 03:49:45.635000+00:00,2026-01-06 03:49:45.666199+00:00,285.635,0.405,0.4,0.41,0.595,0.59,0.6,,,,
2026-01-06 03:49:46.635000+00:00,2026-01-06 03:49:46.668706+00:00,286.635,0.405,0.4,0.41,0.595,0.59,0.6,,,,
2026-01-06 03:49:47.593000+00:00,2026-01-06 03:49:47.672229+00:00,287.593,0.405,0.4,0.41,0.595,0.59,0.6,,,,
2026-01-06 03:49:48.650000+00:00,2026-01-06 03:49:48.681230+00:00,288.65,0.395,0.39,0.4,0.605,0.6,0.61,,,,
2026-01-06 03:49:49.525000+00:00,2026-01-06 03:49:49.668377+00:00,289.525,0.395,0.39,0.4,0.605,0.6,0.61,,,,
2026-01-06 03:49:50.710000+00:00,2026-01-06 03:49:50.667175+00:00,290.71,0.395,0.39,0.4,0.605,0.6,0.61,,,,
2026-01-06 03:49:51.584000+00:00,2026-01-06 03:49:51.689151+00:00,291.584,0.395,0.39,0.4,0.605,0.6,0.61,,,,
2026-01-06 03:49:52.658000+00:00,2026-01-06 03:49:52.703428+00:00,292.658,0.39,0.38,0.4,0.61,0.6,0.62,,,,
2026-01-06 03:49:53.683000+00:00,2026-01-06 03:49:53.715461+00:00,293.683,0.385,0.38,0.39,0.615,0.61,0.62,,,,
2026-01-06 03:49:54.758000+00:00,2026-01-06 03:49:54.722622+00:00,294.758,0.385,0.38,0.39,0.615,0.61,0.62,,,,
2026-01-06 03:49:55.725000+00:00,2026-01-06 03:49:55.723094+00:00,295.725,0.385,0.38,0.39,0.615,0.61,0.62,,,,
2026-01-06 03:49:56.569000+00:00,2026-01-06 03:49:56.734765+00:00,296.569,0.385,0.38,0.39,0.615,0.61,0.62,,,,
2026-01-06 03:49:57.727000+00:00,2026-01-06 03:49:57.755783+00:00,297.727,0.385,0.38,0.39,0.615,0.61,0.62,,,,
2026-01-06 03:49:58.737000+00:00,2026-01-06 03:49:58.766698+00:00,298.737,0.385,0.38,0.39,0.615,0.61,0.62,,,,
2026-01-06 03:49:59.737000+00:00,2026-01-06 03:49:59.770095+00:00,299.737,0.385,0.38,0.39,0.615,0.61,0.62,,,,
2026-01-06 03:50:00.765000+00:00,2026-01-06 03:50:00.766995+00:00,300.765,0.385,0.38,0.39,0.615,0.61,0.62,,,,
2026-01-06 03:50:01.804000+00:00,2026-01-06 03:50:01.773888+00:00,301.804,0.385,0.38,0.39,0.625,0.62,0.63,,,,
2026-01-06 03:50:02.778000+00:00,2026-01-06 03:50:02.781861+00:00,302.778,0.375,0.37,0.38,0.625,0.62,0.63,,,,
2026-01-06 03:50:03.706000+00:00,2026-01-06 03:50:03.784374+00:00,303.706,0.375,0.37,0.38,0.625,0.62,0.63,,,,
2026-01-06 03:50:04.786000+00:00,2026-01-06 03:50:04.799036+00:00,304.786,0.365,0.36,0.37,0.635,0.63,0.64,,,,
2026-01-06 03:50:05.761000+00:00,2026-01-06 03:50:05.802430+00:00,305.761,0.365,0.36,0.37,0.635,0.63,0.64,,,,
2026-01-06 03:50:06.757000+00:00,2026-01-06 03:50:06.803201+00:00,306.757,0.365,0.36,0.37,0.635,0.63,0.64,,,,
2026-01-06 03:50:07.768000+00:00,2026-01-06 03:50:07.805198+00:00,307.768,0.375,0.37,0.38,0.625,0.62,0.63,,,,
2026-01-06 03:50:08.770000+00:00,2026-01-06 03:50:08.803966+00:00,308.77,0.38,0.37,0.39,0.625,0.62,0.63,,,,
2026-01-06 03:50:09.767000+00:00,2026-01-06 03:50:09.816482+00:00,309.767,0.365,0.36,0.37,0.635,0.63,0.64,,,,
2026-01-06 03:50:10.799000+00:00,2026-01-06 03:50:10.823902+00:00,310.799,0.355,0.35,0.36,0.645,0.64,0.65,,,,
2026-01-06 03:50:11.801000+00:00,2026-01-06 03:50:11.837666+00:00,311.801,0.365,0.36,0.37,0.635,0.63,0.64,,,,
2026-01-06 03:50:12.775000+00:00,2026-01-06 03:50:12.842699+00:00,312.775,0.355,0.35,0.36,0.645,0.64,0.65,,,,
2026-01-06 03:50:13.696000+00:00,2026-01-06 03:50:13.839524+00:00,313.696,0.355,0.35,0.36,0.655,0.65,0.66,,,,
2026-01-06 03:50:14.810000+00:00,2026-01-06 03:50:14.845159+00:00,314.81,0.365,0.36,0.37,0.635,0.63,0.64,,,,
2026-01-06 03:50:15.819000+00:00,2026-01-06 03:50:15.842632+00:00,315.819,0.365,0.36,0.37,0.635,0.63,0.64,,,,
2026-01-06 03:50:16.747000+00:00,2026-01-06 03:50:16.850309+00:00,316.747,0.365,0.36,0.37,0.645,0.64,0.65,,,,
2026-01-06 03:50:17.820000+00:00,2026-01-06 03:50:17.849513+00:00,317.82,0.345,0.34,0.35,0.65,0.64,0.66,,,,
2026-01-06 03:50:18.846000+00:00,2026-01-06 03:50:18.849366+00:00,318.846,0.35,0.34,0.36,0.655,0.65,0.66,,,,
2026-01-06 03:50:19.570000+00:00,2026-01-06 03:50:19.850402+00:00,319.57,0.35,0.34,0.36,0.65,0.64,0.66,,,,
2026-01-06 03:50:20.808000+00:00,2026-01-06 03:50:20.857402+00:00,320.808,0.35,0.34,0.36,0.655,0.65,0.66,,,,
2026-01-06 03:50:21.773000+00:00,2026-01-06 03:50:21.865058+00:00,321.773,0.355,0.35,0.36,0.64,0.63,0.65,,,,
2026-01-06 03:50:22.846000+00:00,2026-01-06 03:50:22.866451+00:00,322.846,0.355,0.35,0.36,0.645,0.64,0.65,,,,
2026-01-06 03:50:23.816000+00:00,2026-01-06 03:50:23.883666+00:00,323.816,0.345,0.34,0.35,0.655,0.65,0.66,,,,
2026-01-06 03:50:24.866000+00:00,2026-01-06 03:50:24.897011+00:00,324.866,0.3399999999999999,0.33,0.35,0.66,0.65,0.67,,,,
2026-01-06 03:50:25.798000+00:00,2026-01-06 03:50:25.911123+00:00,325.798,0.3399999999999999,0.33,0.35,0.66,0.65,0.67,,,,
2026-01-06 03:50:26.876000+00:00,2026-01-06 03:50:26.919753+00:00,326.876,0.325,0.32,0.33,0.675,0.67,0.68,,,,
2026-01-06 03:50:27.909000+00:00,2026-01-06 03:50:27.933315+00:00,327.909,0.315,0.31,0.32,0.675,0.67,0.68,,,,
2026-01-06 03:50:28.889000+00:00,2026-01-06 03:50:28.940190+00:00,328.889,0.325,0.32,0.33,0.675,0.67,0.68,,,,
2026-01-06 03:50:29.915000+00:00,2026-01-06 03:50:29.950195+00:00,329.915,0.325,0.32,0.33,0.675,0.67,0.68,,,,
2026-01-06 03:50:30.913000+00:00,2026-01-06 03:50:30.970830+00:00,330.913,0.325,0.32,0.33,0.67,0.66,0.68,,,,
2026-01-06 03:50:31.949000+00:00,2026-01-06 03:50:31.978969+00:00,331.949,0.33,0.32,0.34,0.675,0.67,0.68,,,,
2026-01-06 03:50:32.904000+00:00,2026-01-06 03:50:32.980333+00:00,332.904,0.335,0.33,0.34,0.665,0.66,0.67,,,,
2026-01-06 03:50:33.956000+00:00,2026-01-06 03:50:33.999263+00:00,333.956,0.3399999999999999,0.33,0.35,0.66,0.65,0.67,,,,
2026-01-06 03:50:34.914000+00:00,2026-01-06 03:50:35.004360+00:00,334.914,0.335,0.33,0.34,0.66,0.65,0.67,,,,
2026-01-06 03:50:36.001000+00:00,2026-01-06 03:50:36.018380+00:00,336.001,0.335,0.33,0.34,0.665,0.66,0.67,,,,
2026-01-06 03:50:37.006000+00:00,2026-01-06 03:50:37.033419+00:00,337.006,0.3399999999999999,0.33,0.35,0.66,0.65,0.67,,,,
2026-01-06 03:50:38.002000+00:00,2026-01-06 03:50:38.035058+00:00,338.002,0.3399999999999999,0.33,0.35,0.66,0.65,0.67,,,,
2026-01-06 03:50:39+00:00,2026-01-06 03:50:39.049589+00:00,339.0,0.325,0.32,0.33,0.67,0.66,0.68,,,,
2026-01-06 03:50:40.044000+00:00,2026-01-06 03:50:40.062651+00:00,340.044,0.335,0.33,0.34,0.67,0.66,0.68,,,,
2026-01-06 03:50:41.046000+00:00,2026-01-06 03:50:41.066347+00:00,341.046,0.335,0.33,0.34,0.665,0.66,0.67,,,,
2026-01-06 03:50:42.044000+00:00,2026-01-06 03:50:42.071867+00:00,342.044,0.345,0.33,0.36,0.665,0.66,0.67,,,,
2026-01-06 03:50:43.070000+00:00,2026-01-06 03:50:43.087908+00:00,343.07,0.335,0.33,0.34,0.665,0.66,0.67,,,,
2026-01-06 03:50:44.053000+00:00,2026-01-06 03:50:44.095361+00:00,344.053,0.335,0.33,0.34,0.665,0.66,0.67,,,,
2026-01-06 03:50:45.980000+00:00,2026-01-06 03:50:46.099714+00:00,345.98,0.325,0.32,0.33,0.675,0.67,0.68,,,,
2026-01-06 03:50:47.047000+00:00,2026-01-06 03:50:47.116200+00:00,347.047,0.325,0.32,0.33,0.675,0.67,0.68,,,,
2026-01-06 03:50:48.086000+00:00,2026-01-06 03:50:48.116248+00:00,348.086,0.33,0.32,0.34,0.665,0.66,0.67,,,,
2026-01-06 03:50:49.046000+00:00,2026-01-06 03:50:49.130468+00:00,349.046,0.33,0.32,0.34,0.67,0.66,0.68,,,,
2026-01-06 03:50:50.082000+00:00,2026-01-06 03:50:50.130586+00:00,350.082,0.345,0.34,0.35,0.655,0.65,0.66,,,,
2026-01-06 03:50:51.060000+00:00,2026-01-06 03:50:51.133124+00:00,351.06,0.335,0.33,0.34,0.665,0.66,0.67,,,,
2026-01-06 03:50:52.121000+00:00,2026-01-06 03:50:52.147684+00:00,352.121,0.33,0.32,0.34,0.67,0.66,0.68,,,,
2026-01-06 03:50:53.130000+00:00,2026-01-06 03:50:53.149152+00:00,353.13,0.33,0.32,0.34,0.67,0.66,0.68,,,,
2026-01-06 03:50:54.046000+00:00,2026-01-06 03:50:54.163081+00:00,354.046,0.325,0.32,0.33,0.675,0.67,0.68,,,,
2026-01-06 03:50:55.130000+00:00,2026-01-06 03:50:55.180248+00:00,355.13,0.33,0.32,0.34,0.67,0.66,0.68,,,,
2026-01-06 03:50:56.149000+00:00,2026-01-06 03:50:56.197683+00:00,356.149,0.33,0.32,0.34,0.665,0.66,0.67,,,,
2026-01-06 03:50:57.137000+00:00,2026-01-06 03:50:57.201059+00:00,357.137,0.345,0.34,0.35,0.655,0.65,0.66,,,,
2026-01-06 03:50:58.163000+00:00,2026-01-06 03:50:58.228050+00:00,358.163,0.335,0.33,0.34,0.665,0.66,0.67,,,,
2026-01-06 03:50:59.206000+00:00,2026-01-06 03:50:59.231873+00:00,359.206,0.33,0.32,0.34,0.67,0.66,0.68,,,,
2026-01-06 03:51:00.195000+00:00,2026-01-06 03:51:00.235414+00:00,360.195,0.325,0.32,0.33,0.675,0.67,0.68,,,,
2026-01-06 03:51:01.225000+00:00,2026-01-06 03:51:01.251452+00:00,361.225,0.335,0.33,0.34,0.675,0.67,0.68,,,,
2026-01-06 03:51:02.212000+00:00,2026-01-06 03:51:02.246220+00:00,362.212,0.28,0.27,0.29,0.725,0.72,0.73,,,,
2026-01-06 03:51:03.206000+00:00,2026-01-06 03:51:03.241219+00:00,363.206,0.28,0.27,0.29,0.72,0.71,0.73,,,,
2026-01-06 03:51:04.225000+00:00,2026-01-06 03:51:04.252641+00:00,364.225,0.28,0.27,0.29,0.72,0.71,0.73,,,,
2026-01-06 03:51:05.195000+00:00,2026-01-06 03:51:05.256997+00:00,365.195,0.28,0.27,0.29,0.72,0.71,0.73,,,,
2026-01-06 03:51:06.215000+00:00,2026-01-06 03:51:06.245509+00:00,366.215,0.285,0.28,0.29,0.715,0.71,0.72,,,,
2026-01-06 03:51:07.154000+00:00,2026-01-06 03:51:07.250179+00:00,367.154,0.285,0.28,0.29,0.715,0.71,0.72,,,,
2026-01-06 03:51:08.238000+00:00,2026-01-06 03:51:08.263188+00:00,368.238,0.28,0.27,0.29,0.72,0.71,0.73,,,,
2026-01-06 03:51:09.203000+00:00,2026-01-06 03:51:09.282344+00:00,369.203,0.28,0.27,0.29,0.72,0.71,0.73,,,,
2026-01-06 03:51:10.270000+00:00,2026-01-06 03:51:10.298334+00:00,370.27,0.28,0.27,0.29,0.72,0.71,0.73,,,,
2026-01-06 03:51:11.264000+00:00,2026-01-06 03:51:11.295993+00:00,371.264,0.28,0.27,0.29,0.715,0.71,0.72,,,,
2026-01-06 03:51:12.288000+00:00,2026-01-06 03:51:12.308411+00:00,372.288,0.285,0.28,0.29,0.715,0.71,0.72,,,,
2026-01-06 03:51:13.271000+00:00,2026-01-06 03:51:13.304342+00:00,373.271,0.285,0.28,0.29,0.725,0.72,0.73,,,,
2026-01-06 03:51:14.270000+00:00,2026-01-06 03:51:14.299747+00:00,374.27,0.275,0.27,0.28,0.725,0.72,0.73,,,,
2026-01-06 03:51:15.233000+00:00,2026-01-06 03:51:15.301460+00:00,375.233,0.28,0.27,0.29,0.72,0.71,0.73,,,,
2026-01-06 03:51:16.284000+00:00,2026-01-06 03:51:16.322677+00:00,376.284,0.28,0.27,0.29,0.72,0.71,0.73,,,,
2026-01-06 03:51:17.249000+00:00,2026-01-06 03:51:17.327141+00:00,377.249,0.285,0.28,0.29,0.72,0.71,0.73,,,,
2026-01-06 03:51:18.262000+00:00,2026-01-06 03:51:18.348995+00:00,378.262,0.28,0.27,0.29,0.72,0.71,0.73,,,,
2026-01-06 03:51:19.293000+00:00,2026-01-06 03:51:19.351065+00:00,379.293,0.28,0.27,0.29,0.715,0.7,0.73,,,,
2026-01-06 03:51:20.362000+00:00,2026-01-06 03:51:20.364466+00:00,380.362,0.275,0.27,0.28,0.725,0.72,0.73,,,,
2026-01-06 03:51:21.305000+00:00,2026-01-06 03:51:21.369349+00:00,381.305,0.265,0.26,0.27,0.735,0.73,0.74,,,,
2026-01-06 03:51:22.351000+00:00,2026-01-06 03:51:22.375917+00:00,382.351,0.285,0.28,0.29,0.715,0.71,0.72,,,,
2026-01-06 03:51:23.163000+00:00,2026-01-06 03:51:23.381493+00:00,383.163,0.275,0.27,0.28,0.725,0.72,0.73,,,,
2026-01-06 03:51:24.366000+00:00,2026-01-06 03:51:24.399426+00:00,384.366,0.27,0.26,0.28,0.735,0.73,0.74,,,,
2026-01-06 03:51:25.300000+00:00,2026-01-06 03:51:25.407421+00:00,385.3,0.265,0.26,0.27,0.735,0.73,0.74,,,,
2026-01-06 03:51:26.349000+00:00,2026-01-06 03:51:26.417676+00:00,386.349,0.265,0.26,0.27,0.725,0.72,0.73,,,,
2026-01-06 03:51:27.388000+00:00,2026-01-06 03:51:27.419094+00:00,387.388,0.285,0.28,0.29,0.715,0.71,0.72,,,,
2026-01-06 03:51:28.310000+00:00,2026-01-06 03:51:28.439416+00:00,388.31,0.285,0.28,0.29,0.715,0.71,0.72,,,,
2026-01-06 03:51:29.359000+00:00,2026-01-06 03:51:29.442486+00:00,389.359,0.275,0.27,0.28,0.725,0.72,0.73,,,,
2026-01-06 03:51:30.433000+00:00,2026-01-06 03:51:30.447585+00:00,390.433,0.275,0.27,0.28,0.735,0.73,0.74,,,,
2026-01-06 03:51:31.367000+00:00,2026-01-06 03:51:31.469147+00:00,391.367,0.265,0.26,0.27,0.735,0.73,0.74,,,,
2026-01-06 03:51:32.444000+00:00,2026-01-06 03:51:32.474287+00:00,392.444,0.275,0.27,0.28,0.715,0.71,0.72,,,,
2026-01-06 03:51:33.357000+00:00,2026-01-06 03:51:33.480952+00:00,393.357,0.29,0.28,0.3,0.705,0.7,0.71,,,,
2026-01-06 03:51:34.435000+00:00,2026-01-06 03:51:34.480383+00:00,394.435,0.365,0.36,0.37,0.635,0.63,0.64,,,,
2026-01-06 03:51:35.448000+00:00,2026-01-06 03:51:35.497613+00:00,395.448,0.415,0.41,0.42,0.605,0.6,0.61,,,,
2026-01-06 03:51:36.441000+00:00,2026-01-06 03:51:36.512240+00:00,396.441,0.445,0.44,0.45,0.555,0.55,0.56,,,,
2026-01-06 03:51:37.502000+00:00,2026-01-06 03:51:37.531024+00:00,397.502,0.455,0.45,0.46,0.545,0.54,0.55,,,,
2026-01-06 03:51:38.510000+00:00,2026-01-06 03:51:38.544417+00:00,398.51,0.455,0.45,0.46,0.5549999999999999,0.54,0.57,,,,
2026-01-06 03:51:39.547000+00:00,2026-01-06 03:51:39.565870+00:00,399.547,0.4649999999999999,0.46,0.47,0.535,0.53,0.54,,,,
2026-01-06 03:51:40.545000+00:00,2026-01-06 03:51:40.579603+00:00,400.545,0.4649999999999999,0.46,0.47,0.535,0.53,0.54,,,,
2026-01-06 03:51:41.582000+00:00,2026-01-06 03:51:41.597806+00:00,401.582,0.4649999999999999,0.46,0.47,0.535,0.53,0.54,,,,
2026-01-06 03:51:42.574000+00:00,2026-01-06 03:51:42.599952+00:00,402.574,0.4649999999999999,0.46,0.47,0.535,0.53,0.54,,,,
2026-01-06 03:51:43.548000+00:00,2026-01-06 03:51:43.600665+00:00,403.548,0.475,0.47,0.48,0.525,0.52,0.53,,,,
2026-01-06 03:51:44.616000+00:00,2026-01-06 03:51:44.630289+00:00,404.616,0.47,0.46,0.48,0.525,0.52,0.53,,,,
2026-01-06 03:51:45.623000+00:00,2026-01-06 03:51:45.646723+00:00,405.623,0.485,0.48,0.49,0.52,0.51,0.53,,,,
2026-01-06 03:51:46.615000+00:00,2026-01-06 03:51:46.658770+00:00,406.615,0.4599999999999999,0.45,0.47,0.54,0.53,0.55,,,,
2026-01-06 03:51:47.624000+00:00,2026-01-06 03:51:47.660652+00:00,407.624,0.4649999999999999,0.46,0.47,0.535,0.53,0.54,,,,
2026-01-06 03:51:48.565000+00:00,2026-01-06 03:51:48.660757+00:00,408.565,0.455,0.45,0.46,0.545,0.54,0.55,,,,
2026-01-06 03:51:49.615000+00:00,2026-01-06 03:51:49.667030+00:00,409.615,0.455,0.45,0.46,0.545,0.54,0.55,,,,
2026-01-06 03:51:50.569000+00:00,2026-01-06 03:51:50.682611+00:00,410.569,0.455,0.45,0.46,0.545,0.54,0.55,,,,
2026-01-06 03:51:51.660000+00:00,2026-01-06 03:51:51.695614+00:00,411.66,0.455,0.45,0.46,0.545,0.54,0.55,,,,
2026-01-06 03:51:52.675000+00:00,2026-01-06 03:51:52.709772+00:00,412.675,0.455,0.45,0.46,0.545,0.54,0.55,,,,
2026-01-06 03:51:53.680000+00:00,2026-01-06 03:51:53.709015+00:00,413.68,0.455,0.45,0.46,0.545,0.54,0.55,,,,
2026-01-06 03:51:54.689000+00:00,2026-01-06 03:51:54.719079+00:00,414.689,0.445,0.44,0.45,0.575,0.57,0.58,,,,
2026-01-06 03:51:55.696000+00:00,2026-01-06 03:51:55.727146+00:00,415.696,0.43,0.42,0.44,0.575,0.57,0.58,,,,
2026-01-06 03:51:56.715000+00:00,2026-01-06 03:51:56.730042+00:00,416.715,0.425,0.42,0.43,0.575,0.57,0.58,,,,
2026-01-06 03:51:57.569000+00:00,2026-01-06 03:51:57.746860+00:00,417.569,0.425,0.42,0.43,0.575,0.57,0.58,,,,
2026-01-06 03:51:58.724000+00:00,2026-01-06 03:51:58.753467+00:00,418.724,0.425,0.42,0.43,0.575,0.57,0.58,,,,
2026-01-06 03:51:59.724000+00:00,2026-01-06 03:51:59.756200+00:00,419.724,0.415,0.41,0.42,0.585,0.58,0.59,,,,
2026-01-06 03:52:00.678000+00:00,2026-01-06 03:52:00.754178+00:00,420.678,0.38,0.37,0.39,0.625,0.61,0.64,,,,
2026-01-06 03:52:01.744000+00:00,2026-01-06 03:52:01.772187+00:00,421.744,0.385,0.38,0.39,0.615,0.61,0.62,,,,
2026-01-06 03:52:02.745000+00:00,2026-01-06 03:52:02.776029+00:00,422.745,0.395,0.39,0.4,0.605,0.6,0.61,,,,
2026-01-06 03:52:03.797000+00:00,2026-01-06 03:52:03.795251+00:00,423.797,0.41,0.4,0.42,0.59,0.58,0.6,,,,
2026-01-06 03:52:04.788000+00:00,2026-01-06 03:52:04.810414+00:00,424.788,0.415,0.41,0.42,0.585,0.58,0.59,,,,
2026-01-06 03:52:05.783000+00:00,2026-01-06 03:52:05.818426+00:00,425.783,0.415,0.41,0.42,0.585,0.58,0.59,,,,
2026-01-06 03:52:06.740000+00:00,2026-01-06 03:52:06.816712+00:00,426.74,0.415,0.41,0.42,0.585,0.58,0.59,,,,
2026-01-06 03:52:07.771000+00:00,2026-01-06 03:52:07.813248+00:00,427.771,0.41,0.4,0.42,0.59,0.58,0.6,,,,
2026-01-06 03:52:08.766000+00:00,2026-01-06 03:52:08.818737+00:00,428.766,0.405,0.4,0.41,0.595,0.59,0.6,,,,
2026-01-06 03:52:09.814000+00:00,2026-01-06 03:52:09.828812+00:00,429.814,0.455,0.45,0.46,0.545,0.54,0.55,,,,
2026-01-06 03:52:10.798000+00:00,2026-01-06 03:52:10.832117+00:00,430.798,0.445,0.44,0.45,0.555,0.55,0.56,,,,
2026-01-06 03:52:11.899000+00:00,2026-01-06 03:52:11.845255+00:00,431.899,0.425,0.42,0.43,0.575,0.57,0.58,,,,
2026-01-06 03:52:12.777000+00:00,2026-01-06 03:52:12.848923+00:00,432.777,0.425,0.42,0.43,0.575,0.57,0.58,,,,
2026-01-06 03:52:13.667000+00:00,2026-01-06 03:52:13.861686+00:00,433.667,0.425,0.42,0.43,0.575,0.57,0.58,,,,
2026-01-06 03:52:14.843000+00:00,2026-01-06 03:52:14.869985+00:00,434.843,0.425,0.42,0.43,0.575,0.57,0.58,,,,
2026-01-06 03:52:15.826000+00:00,2026-01-06 03:52:15.873370+00:00,435.826,0.425,0.42,0.43,0.575,0.57,0.58,,,,
2026-01-06 03:52:16.708000+00:00,2026-01-06 03:52:16.876363+00:00,436.708,0.425,0.42,0.43,0.575,0.57,0.58,,,,
2026-01-06 03:52:17.752000+00:00,2026-01-06 03:52:17.882468+00:00,437.752,0.425,0.42,0.43,0.575,0.57,0.58,,,,
2026-01-06 03:52:18.850000+00:00,2026-01-06 03:52:18.885507+00:00,438.85,0.425,0.42,0.43,0.575,0.57,0.58,,,,
2026-01-06 03:52:19.814000+00:00,2026-01-06 03:52:19.894782+00:00,439.814,0.425,0.42,0.43,0.58,0.57,0.59,,,,
2026-01-06 03:52:20.871000+00:00,2026-01-06 03:52:20.922020+00:00,440.871,0.405,0.4,0.41,0.595,0.59,0.6,,,,
2026-01-06 03:52:21.894000+00:00,2026-01-06 03:52:21.919862+00:00,441.894,0.405,0.4,0.41,0.595,0.59,0.6,,,,
2026-01-06 03:52:22.887000+00:00,2026-01-06 03:52:22.932278+00:00,442.887,0.405,0.4,0.41,0.595,0.59,0.6,,,,
2026-01-06 03:52:23.832000+00:00,2026-01-06 03:52:23.938384+00:00,443.832,0.385,0.38,0.39,0.615,0.61,0.62,,,,
2026-01-06 03:52:24.907000+00:00,2026-01-06 03:52:24.936988+00:00,444.907,0.385,0.38,0.39,0.615,0.61,0.62,,,,
2026-01-06 03:52:25.909000+00:00,2026-01-06 03:52:25.946454+00:00,445.909,0.385,0.38,0.39,0.615,0.61,0.62,,,,
2026-01-06 03:52:26.896000+00:00,2026-01-06 03:52:26.937301+00:00,446.896,0.385,0.38,0.39,0.615,0.61,0.62,,,,
2026-01-06 03:52:27.897000+00:00,2026-01-06 03:52:27.937981+00:00,447.897,0.395,0.39,0.4,0.605,0.6,0.61,,,,
2026-01-06 03:52:28.911000+00:00,2026-01-06 03:52:28.944145+00:00,448.911,0.395,0.39,0.4,0.605,0.6,0.61,,,,
2026-01-06 03:52:29.889000+00:00,2026-01-06 03:52:29.955106+00:00,449.889,0.405,0.4,0.41,0.595,0.59,0.6,,,,
2026-01-06 03:52:30.908000+00:00,2026-01-06 03:52:30.958722+00:00,450.908,0.405,0.4,0.41,0.595,0.59,0.6,,,,
2026-01-06 03:52:31.924000+00:00,2026-01-06 03:52:31.953794+00:00,451.924,0.415,0.41,0.42,0.585,0.58,0.59,,,,
2026-01-06 03:52:32.919000+00:00,2026-01-06 03:52:32.966783+00:00,452.919,0.515,0.51,0.52,0.475,0.47,0.48,,,,
2026-01-06 03:52:33.924000+00:00,2026-01-06 03:52:33.970540+00:00,453.924,0.565,0.56,0.57,0.38,0.37,0.39,,,,
2026-01-06 03:52:34.943000+00:00,2026-01-06 03:52:34.970499+00:00,454.943,0.585,0.58,0.59,0.415,0.41,0.42,,,,
2026-01-06 03:52:35.958000+00:00,2026-01-06 03:52:35.992804+00:00,455.958,0.58,0.57,0.59,0.42,0.41,0.43,,,,
2026-01-06 03:52:36.959000+00:00,2026-01-06 03:52:36.984808+00:00,456.959,0.575,0.57,0.58,0.435,0.43,0.44,,,,
2026-01-06 03:52:37.963000+00:00,2026-01-06 03:52:37.992962+00:00,457.963,0.585,0.58,0.59,0.415,0.41,0.42,,,,
2026-01-06 03:52:38.884000+00:00,2026-01-06 03:52:38.998527+00:00,458.884,0.585,0.58,0.59,0.415,0.41,0.42,,,,
2026-01-06 03:52:39.970000+00:00,2026-01-06 03:52:40.001660+00:00,459.97,0.59,0.58,0.6,0.435,0.42,0.45,,,,
2026-01-06 03:52:40.927000+00:00,2026-01-06 03:52:41.010532+00:00,460.927,0.505,0.5,0.51,0.495,0.49,0.5,,,,
2026-01-06 03:52:42.002000+00:00,2026-01-06 03:52:42.031472+00:00,462.002,0.47,0.46,0.48,0.535,0.52,0.55,,,,
2026-01-06 03:52:43.015000+00:00,2026-01-06 03:52:43.047007+00:00,463.015,0.435,0.43,0.44,0.575,0.57,0.58,,,,
2026-01-06 03:52:44.043000+00:00,2026-01-06 03:52:44.056004+00:00,464.043,0.385,0.38,0.39,0.615,0.61,0.62,,,,
2026-01-06 03:52:45.038000+00:00,2026-01-06 03:52:45.077817+00:00,465.038,0.39,0.38,0.4,0.61,0.6,0.62,,,,
2026-01-06 03:52:46.065000+00:00,2026-01-06 03:52:46.100423+00:00,466.065,0.405,0.4,0.41,0.595,0.59,0.6,,,,
2026-01-06 03:52:47.103000+00:00,2026-01-06 03:52:47.126073+00:00,467.103,0.395,0.39,0.4,0.605,0.6,0.61,,,,
2026-01-06 03:52:48.089000+00:00,2026-01-06 03:52:48.137248+00:00,468.089,0.415,0.41,0.42,0.585,0.58,0.59,,,,
2026-01-06 03:52:49.120000+00:00,2026-01-06 03:52:49.152621+00:00,469.12,0.425,0.42,0.43,0.575,0.57,0.58,,,,
2026-01-06 03:52:50.096000+00:00,2026-01-06 03:52:50.158646+00:00,470.096,0.415,0.41,0.42,0.575,0.57,0.58,,,,
2026-01-06 03:52:51.132000+00:00,2026-01-06 03:52:51.167256+00:00,471.132,0.43,0.42,0.44,0.575,0.57,0.58,,,,
2026-01-06 03:52:52.144000+00:00,2026-01-06 03:52:52.171899+00:00,472.144,0.425,0.42,0.43,0.575,0.57,0.58,,,,
2026-01-06 03:52:53.147000+00:00,2026-01-06 03:52:53.179937+00:00,473.147,0.425,0.42,0.43,0.575,0.57,0.58,,,,
2026-01-06 03:52:54.137000+00:00,2026-01-06 03:52:54.177769+00:00,474.137,0.425,0.42,0.43,0.575,0.57,0.58,,,,
2026-01-06 03:52:55.122000+00:00,2026-01-06 03:52:55.189355+00:00,475.122,0.515,0.51,0.52,0.475,0.46,0.49,,,,
2026-01-06 03:52:56.200000+00:00,2026-01-06 03:52:56.208339+00:00,476.2,0.585,0.58,0.59,0.445,0.44,0.45,,,,
2026-01-06 03:52:57.241000+00:00,2026-01-06 03:52:57.215622+00:00,477.241,0.545,0.54,0.55,0.455,0.45,0.46,,,,
2026-01-06 03:52:58.191000+00:00,2026-01-06 03:52:58.232415+00:00,478.191,0.525,0.52,0.53,0.475,0.47,0.48,,,,
2026-01-06 03:52:59.134000+00:00,2026-01-06 03:52:59.224954+00:00,479.134,0.525,0.52,0.53,0.475,0.47,0.48,,,,
2026-01-06 03:53:00.183000+00:00,2026-01-06 03:53:00.227051+00:00,480.183,0.52,0.51,0.53,0.485,0.48,0.49,,,,
2026-01-06 03:53:01.183000+00:00,2026-01-06 03:53:01.234387+00:00,481.183,0.5,0.49,0.51,0.5,0.49,0.51,,,,
2026-01-06 03:53:02.225000+00:00,2026-01-06 03:53:02.240538+00:00,482.225,0.445,0.44,0.45,0.555,0.55,0.56,,,,
2026-01-06 03:53:03.226000+00:00,2026-01-06 03:53:03.250599+00:00,483.226,0.445,0.44,0.45,0.555,0.55,0.56,,,,
2026-01-06 03:53:04.202000+00:00,2026-01-06 03:53:04.263697+00:00,484.202,0.415,0.41,0.42,0.575,0.57,0.58,,,,
2026-01-06 03:53:05.476000+00:00,2026-01-06 03:53:05.277381+00:00,485.476,0.415,0.41,0.42,0.585,0.58,0.59,,,,
2026-01-06 03:53:06.240000+00:00,2026-01-06 03:53:06.324609+00:00,486.24,0.415,0.41,0.42,0.585,0.58,0.59,,,,
2026-01-06 03:53:07.296000+00:00,2026-01-06 03:53:07.329157+00:00,487.296,0.415,0.41,0.42,0.585,0.58,0.59,,,,
2026-01-06 03:53:08.242000+00:00,2026-01-06 03:53:08.327499+00:00,488.242,0.425,0.42,0.43,0.575,0.57,0.58,,,,
2026-01-06 03:53:09.291000+00:00,2026-01-06 03:53:09.339550+00:00,489.291,0.42,0.41,0.43,0.58,0.57,0.59,,,,
2026-01-06 03:53:10.273000+00:00,2026-01-06 03:53:10.339053+00:00,490.273,0.42,0.41,0.43,0.58,0.57,0.59,,,,
2026-01-06 03:53:11.304000+00:00,2026-01-06 03:53:11.344624+00:00,491.304,0.42,0.41,0.43,0.58,0.57,0.59,,,,
2026-01-06 03:53:12.304000+00:00,2026-01-06 03:53:12.340391+00:00,492.304,0.415,0.41,0.42,0.585,0.58,0.59,,,,
2026-01-06 03:53:13.302000+00:00,2026-01-06 03:53:13.342905+00:00,493.302,0.415,0.41,0.42,0.585,0.58,0.59,,,,
2026-01-06 03:53:14.311000+00:00,2026-01-06 03:53:14.341581+00:00,494.311,0.395,0.39,0.4,0.61,0.6,0.62,,,,
2026-01-06 03:53:15.334000+00:00,2026-01-06 03:53:15.347156+00:00,495.334,0.405,0.4,0.41,0.595,0.59,0.6,,,,
2026-01-06 03:53:16.337000+00:00,2026-01-06 03:53:16.368113+00:00,496.337,0.395,0.39,0.4,0.6,0.59,0.61,,,,
2026-01-06 03:53:17.338000+00:00,2026-01-06 03:53:17.373626+00:00,497.338,0.4,0.39,0.41,0.6,0.59,0.61,,,,
2026-01-06 03:53:18.349000+00:00,2026-01-06 03:53:18.381228+00:00,498.349,0.4,0.39,0.41,0.6,0.59,0.61,,,,
2026-01-06 03:53:19.305000+00:00,2026-01-06 03:53:19.381347+00:00,499.305,0.385,0.38,0.39,0.61,0.6,0.62,,,,
2026-01-06 03:53:20.370000+00:00,2026-01-06 03:53:20.400067+00:00,500.37,0.385,0.38,0.39,0.625,0.62,0.63,,,,
2026-01-06 03:53:21.374000+00:00,2026-01-06 03:53:21.410036+00:00,501.374,0.375,0.37,0.38,0.625,0.62,0.63,,,,
2026-01-06 03:53:22.362000+00:00,2026-01-06 03:53:22.425326+00:00,502.362,0.375,0.37,0.38,0.625,0.62,0.63,,,,
2026-01-06 03:53:23.405000+00:00,2026-01-06 03:53:23.440478+00:00,503.405,0.3399999999999999,0.33,0.35,0.66,0.65,0.67,,,,
2026-01-06 03:53:24.391000+00:00,2026-01-06 03:53:24.449007+00:00,504.391,0.3399999999999999,0.33,0.35,0.66,0.65,0.67,,,,
2026-01-06 03:53:25.438000+00:00,2026-01-06 03:53:25.467970+00:00,505.438,0.345,0.34,0.35,0.66,0.65,0.67,,,,
2026-01-06 03:53:26.374000+00:00,2026-01-06 03:53:26.468417+00:00,506.374,0.3399999999999999,0.33,0.35,0.66,0.65,0.67,,,,
2026-01-06 03:53:27.425000+00:00,2026-01-06 03:53:27.484485+00:00,507.425,0.345,0.34,0.35,0.665,0.66,0.67,,,,
2026-01-06 03:53:28.449000+00:00,2026-01-06 03:53:28.483689+00:00,508.449,0.305,0.3,0.31,0.735,0.73,0.74,,,,
2026-01-06 03:53:29.446000+00:00,2026-01-06 03:53:29.488777+00:00,509.446,0.275,0.27,0.28,0.725,0.72,0.73,,,,
2026-01-06 03:53:30.476000+00:00,2026-01-06 03:53:30.489680+00:00,510.476,0.32,0.31,0.33,0.675,0.66,0.69,,,,
2026-01-06 03:53:31.448000+00:00,2026-01-06 03:53:31.496327+00:00,511.448,0.395,0.39,0.4,0.605,0.6,0.61,,,,
2026-01-06 03:53:32.376000+00:00,2026-01-06 03:53:32.514702+00:00,512.376,0.365,0.36,0.37,0.635,0.63,0.64,,,,
2026-01-06 03:53:33.495000+00:00,2026-01-06 03:53:33.511238+00:00,513.495,0.355,0.35,0.36,0.645,0.64,0.65,,,,
2026-01-06 03:53:34.446000+00:00,2026-01-06 03:53:34.514205+00:00,514.446,0.355,0.35,0.36,0.645,0.64,0.65,,,,
2026-01-06 03:53:35.522000+00:00,2026-01-06 03:53:35.531272+00:00,515.522,0.355,0.35,0.36,0.645,0.64,0.65,,,,
2026-01-06 03:53:36.497000+00:00,2026-01-06 03:53:36.538619+00:00,516.497,0.345,0.34,0.35,0.665,0.66,0.67,,,,
2026-01-06 03:53:37.520000+00:00,2026-01-06 03:53:37.556650+00:00,517.52,0.36,0.35,0.37,0.645,0.64,0.65,,,,
2026-01-06 03:53:38.496000+00:00,2026-01-06 03:53:38.573080+00:00,518.496,0.355,0.35,0.36,0.645,0.64,0.65,,,,
2026-01-06 03:53:39.528000+00:00,2026-01-06 03:53:39.590542+00:00,519.528,0.355,0.35,0.36,0.65,0.64,0.66,,,,
2026-01-06 03:53:40.566000+00:00,2026-01-06 03:53:40.593138+00:00,520.566,0.35,0.34,0.36,0.645,0.64,0.65,,,,
2026-01-06 03:53:41.572000+00:00,2026-01-06 03:53:41.606801+00:00,521.572,0.355,0.35,0.36,0.625,0.62,0.63,,,,
2026-01-06 03:53:42.549000+00:00,2026-01-06 03:53:42.618945+00:00,522.549,0.355,0.35,0.36,0.645,0.64,0.65,,,,
2026-01-06 03:53:43.587000+00:00,2026-01-06 03:53:43.623105+00:00,523.587,0.355,0.35,0.36,0.645,0.64,0.65,,,,
2026-01-06 03:53:44.597000+00:00,2026-01-06 03:53:44.633295+00:00,524.597,0.355,0.35,0.36,0.645,0.64,0.65,,,,
2026-01-06 03:53:45.599000+00:00,2026-01-06 03:53:45.648874+00:00,525.599,0.355,0.35,0.36,0.645,0.64,0.65,,,,
2026-01-06 03:53:46.661000+00:00,2026-01-06 03:53:46.666694+00:00,526.661,0.355,0.35,0.36,0.65,0.64,0.66,,,,
2026-01-06 03:53:47.638000+00:00,2026-01-06 03:53:47.679244+00:00,527.638,0.345,0.34,0.35,0.655,0.65,0.66,,,,
2026-01-06 03:53:48.653000+00:00,2026-01-06 03:53:48.683171+00:00,528.653,0.345,0.34,0.35,0.655,0.65,0.66,,,,
2026-01-06 03:53:49.664000+00:00,2026-01-06 03:53:49.698606+00:00,529.664,0.335,0.33,0.34,0.665,0.66,0.67,,,,
2026-01-06 03:53:50.663000+00:00,2026-01-06 03:53:50.708059+00:00,530.663,0.3399999999999999,0.33,0.35,0.655,0.65,0.66,,,,
2026-01-06 03:53:51.653000+00:00,2026-01-06 03:53:51.721061+00:00,531.653,0.35,0.34,0.36,0.655,0.65,0.66,,,,
2026-01-06 03:53:52.584000+00:00,2026-01-06 03:53:52.723192+00:00,532.584,0.3399999999999999,0.33,0.35,0.66,0.65,0.67,,,,
2026-01-06 03:53:53.565000+00:00,2026-01-06 03:53:53.725018+00:00,533.565,0.345,0.33,0.36,0.655,0.64,0.67,,,,
2026-01-06 03:53:54.663000+00:00,2026-01-06 03:53:54.731056+00:00,534.663,0.345,0.33,0.36,0.655,0.64,0.67,,,,
2026-01-06 03:53:55.688000+00:00,2026-01-06 03:53:55.740248+00:00,535.688,0.3399999999999999,0.33,0.35,0.66,0.65,0.67,,,,
2026-01-06 03:53:56.732000+00:00,2026-01-06 03:53:56.758282+00:00,536.732,0.35,0.34,0.36,0.65,0.64,0.66,,,,
2026-01-06 03:53:57.719000+00:00,2026-01-06 03:53:57.775733+00:00,537.719,0.3399999999999999,0.33,0.35,0.66,0.65,0.67,,,,
2026-01-06 03:53:58.716000+00:00,2026-01-06 03:53:58.775113+00:00,538.716,0.3399999999999999,0.33,0.35,0.66,0.65,0.67,,,,
2026-01-06 03:53:59.728000+00:00,2026-01-06 03:53:59.784407+00:00,539.728,0.3399999999999999,0.33,0.35,0.665,0.66,0.67,,,,
2026-01-06 03:54:00.749000+00:00,2026-01-06 03:54:00.780001+00:00,540.749,0.3399999999999999,0.33,0.35,0.66,0.65,0.67,,,,
2026-01-06 03:54:01.723000+00:00,2026-01-06 03:54:01.775597+00:00,541.723,0.335,0.33,0.34,0.665,0.66,0.67,,,,
2026-01-06 03:54:02.742000+00:00,2026-01-06 03:54:02.781994+00:00,542.742,0.335,0.33,0.34,0.665,0.66,0.67,,,,
2026-01-06 03:54:03.757000+00:00,2026-01-06 03:54:03.799175+00:00,543.757,0.285,0.28,0.29,0.715,0.71,0.72,,,,
2026-01-06 03:54:04.772000+00:00,2026-01-06 03:54:04.807838+00:00,544.772,0.285,0.27,0.3,0.715,0.7,0.73,,,,
2026-01-06 03:54:05.746000+00:00,2026-01-06 03:54:05.823493+00:00,545.746,0.295,0.29,0.3,0.705,0.7,0.71,,,,
2026-01-06 03:54:06.761000+00:00,2026-01-06 03:54:06.823631+00:00,546.761,0.305,0.3,0.31,0.695,0.69,0.7,,,,
2026-01-06 03:54:07.798000+00:00,2026-01-06 03:54:07.824185+00:00,547.798,0.305,0.3,0.31,0.695,0.69,0.7,,,,
2026-01-06 03:54:08.763000+00:00,2026-01-06 03:54:08.822003+00:00,548.763,0.305,0.3,0.31,0.695,0.69,0.7,,,,
2026-01-06 03:54:09.708000+00:00,2026-01-06 03:54:09.815145+00:00,549.708,0.305,0.3,0.31,0.69,0.68,0.7,,,,
2026-01-06 03:54:10.705000+00:00,2026-01-06 03:54:10.828752+00:00,550.705,0.315,0.31,0.32,0.685,0.68,0.69,,,,
2026-01-06 03:54:11.798000+00:00,2026-01-06 03:54:11.830025+00:00,551.798,0.315,0.31,0.32,0.685,0.68,0.69,,,,
2026-01-06 03:54:12.789000+00:00,2026-01-06 03:54:12.840356+00:00,552.789,0.315,0.31,0.32,0.685,0.68,0.69,,,,
2026-01-06 03:54:13.792000+00:00,2026-01-06 03:54:13.830326+00:00,553.792,0.315,0.31,0.32,0.685,0.68,0.69,,,,
2026-01-06 03:54:14.795000+00:00,2026-01-06 03:54:14.848840+00:00,554.795,0.315,0.31,0.32,0.6799999999999999,0.67,0.69,,,,
2026-01-06 03:54:15.829000+00:00,2026-01-06 03:54:15.857805+00:00,555.829,0.32,0.31,0.33,0.6799999999999999,0.67,0.69,,,,
2026-01-06 03:54:16.771000+00:00,2026-01-06 03:54:16.881434+00:00,556.771,0.315,0.31,0.32,0.685,0.68,0.69,,,,
2026-01-06 03:54:17.808000+00:00,2026-01-06 03:54:17.894467+00:00,557.808,0.315,0.31,0.32,0.685,0.68,0.69,,,,
2026-01-06 03:54:18.844000+00:00,2026-01-06 03:54:18.897520+00:00,558.844,0.31,0.3,0.32,0.69,0.68,0.7,,,,
2026-01-06 03:54:19.876000+00:00,2026-01-06 03:54:19.915663+00:00,559.876,0.305,0.3,0.31,0.69,0.68,0.7,,,,
2026-01-06 03:54:20.765000+00:00,2026-01-06 03:54:20.917143+00:00,560.765,0.325,0.32,0.33,0.675,0.67,0.68,,,,
2026-01-06 03:54:21.738000+00:00,2026-01-06 03:54:21.927669+00:00,561.738,0.325,0.32,0.33,0.685,0.68,0.69,,,,
2026-01-06 03:54:22.914000+00:00,2026-01-06 03:54:22.936903+00:00,562.914,0.315,0.31,0.32,0.685,0.68,0.69,,,,
2026-01-06 03:54:23.853000+00:00,2026-01-06 03:54:23.956966+00:00,563.853,0.325,0.32,0.33,0.675,0.67,0.68,,,,
2026-01-06 03:54:24.904000+00:00,2026-01-06 03:54:24.964059+00:00,564.904,0.335,0.33,0.34,0.665,0.66,0.67,,,,
2026-01-06 03:54:25.938000+00:00,2026-01-06 03:54:25.978555+00:00,565.938,0.325,0.32,0.33,0.675,0.67,0.68,,,,
2026-01-06 03:54:26.934000+00:00,2026-01-06 03:54:26.996709+00:00,566.934,0.325,0.32,0.33,0.6799999999999999,0.67,0.69,,,,
2026-01-06 03:54:27.973000+00:00,2026-01-06 03:54:28.005731+00:00,567.973,0.32,0.31,0.33,0.6799999999999999,0.67,0.69,,,,
2026-01-06 03:54:28.575000+00:00,2026-01-06 03:54:29.006885+00:00,568.575,0.32,0.31,0.33,0.675,0.67,0.68,,,,
2026-01-06 03:54:29.984000+00:00,2026-01-06 03:54:30.015586+00:00,569.984,0.395,0.39,0.4,0.595,0.58,0.61,,,,
2026-01-06 03:54:31+00:00,2026-01-06 03:54:31.023879+00:00,571.0,0.43,0.42,0.44,0.575,0.57,0.58,,,,
2026-01-06 03:54:32.001000+00:00,2026-01-06 03:54:32.035018+00:00,572.001,0.435,0.43,0.44,0.585,0.58,0.59,,,,
2026-01-06 03:54:33+00:00,2026-01-06 03:54:33.046262+00:00,573.0,0.41,0.4,0.42,0.59,0.58,0.6,,,,
2026-01-06 03:54:34+00:00,2026-01-06 03:54:34.052802+00:00,574.0,0.405,0.4,0.41,0.59,0.58,0.6,,,,
2026-01-06 03:54:35.016000+00:00,2026-01-06 03:54:35.051016+00:00,575.016,0.41,0.4,0.42,0.59,0.58,0.6,,,,
2026-01-06 03:54:36.065000+00:00,2026-01-06 03:54:36.071100+00:00,576.065,0.4,0.39,0.41,0.6,0.59,0.61,,,,
2026-01-06 03:54:37.040000+00:00,2026-01-06 03:54:37.088622+00:00,577.04,0.385,0.38,0.39,0.615,0.61,0.62,,,,
2026-01-06 03:54:38.062000+00:00,2026-01-06 03:54:38.094681+00:00,578.062,0.375,0.37,0.38,0.625,0.62,0.63,,,,
2026-01-06 03:54:39.903000+00:00,2026-01-06 03:54:40.105658+00:00,579.903,0.375,0.37,0.38,0.625,0.62,0.63,,,,
2026-01-06 03:54:41.083000+00:00,2026-01-06 03:54:41.114908+00:00,581.083,0.375,0.37,0.38,0.625,0.62,0.63,,,,
2026-01-06 03:54:42.047000+00:00,2026-01-06 03:54:42.106886+00:00,582.047,0.375,0.37,0.38,0.62,0.61,0.63,,,,
2026-01-06 03:54:43.087000+00:00,2026-01-06 03:54:43.130754+00:00,583.087,0.38,0.37,0.39,0.62,0.61,0.63,,,,
2026-01-06 03:54:44.106000+00:00,2026-01-06 03:54:44.132775+00:00,584.106,0.375,0.37,0.38,0.625,0.62,0.63,,,,
2026-01-06 03:54:45.107000+00:00,2026-01-06 03:54:45.139108+00:00,585.107,0.385,0.38,0.39,0.615,0.61,0.62,,,,
2026-01-06 03:54:46.043000+00:00,2026-01-06 03:54:46.140045+00:00,586.043,0.385,0.38,0.39,0.615,0.61,0.62,,,,
2026-01-06 03:54:47.124000+00:00,2026-01-06 03:54:47.137443+00:00,587.124,0.385,0.38,0.39,0.615,0.61,0.62,,,,
2026-01-06 03:54:48.094000+00:00,2026-01-06 03:54:48.139131+00:00,588.094,0.385,0.38,0.39,0.615,0.61,0.62,,,,
2026-01-06 03:54:49.056000+00:00,2026-01-06 03:54:49.136255+00:00,589.056,0.385,0.38,0.39,0.615,0.61,0.62,,,,
2026-01-06 03:54:50.114000+00:00,2026-01-06 03:54:50.150163+00:00,590.114,0.39,0.38,0.4,0.61,0.6,0.62,,,,
2026-01-06 03:54:51.124000+00:00,2026-01-06 03:54:51.153748+00:00,591.124,0.39,0.38,0.4,0.61,0.6,0.62,,,,
2026-01-06 03:54:52.119000+00:00,2026-01-06 03:54:52.162212+00:00,592.119,0.39,0.38,0.4,0.61,0.6,0.62,,,,
2026-01-06 03:54:53.144000+00:00,2026-01-06 03:54:53.166236+00:00,593.144,0.385,0.38,0.39,0.615,0.61,0.62,,,,
2026-01-06 03:54:54.140000+00:00,2026-01-06 03:54:54.172554+00:00,594.14,0.375,0.37,0.38,0.625,0.62,0.63,,,,
2026-01-06 03:54:55.096000+00:00,2026-01-06 03:54:55.178050+00:00,595.096,0.375,0.37,0.38,0.625,0.62,0.63,,,,
2026-01-06 03:54:56.158000+00:00,2026-01-06 03:54:56.187585+00:00,596.158,0.375,0.37,0.38,0.625,0.62,0.63,,,,
2026-01-06 03:54:57.084000+00:00,2026-01-06 03:54:57.182605+00:00,597.084,0.38,0.37,0.39,0.62,0.61,0.63,,,,
2026-01-06 03:54:58.162000+00:00,2026-01-06 03:54:58.204108+00:00,598.162,0.38,0.37,0.39,0.62,0.61,0.63,,,,
2026-01-06 03:54:59.154000+00:00,2026-01-06 03:54:59.215358+00:00,599.154,0.38,0.37,0.39,0.625,0.62,0.63,,,,
2026-01-06 03:55:00.123000+00:00,2026-01-06 03:55:00.233872+00:00,600.123,0.365,0.36,0.37,0.635,0.63,0.64,,,,
2026-01-06 03:55:01.205000+00:00,2026-01-06 03:55:01.237743+00:00,601.205,0.355,0.35,0.36,0.645,0.64,0.65,,,,
2026-01-06 03:55:02.193000+00:00,2026-01-06 03:55:02.243191+00:00,602.193,0.295,0.29,0.3,0.735,0.73,0.74,,,,
2026-01-06 03:55:03.223000+00:00,2026-01-06 03:55:03.252805+00:00,603.223,0.26,0.25,0.27,0.735,0.73,0.74,,,,
2026-01-06 03:55:04.211000+00:00,2026-01-06 03:55:04.253493+00:00,604.211,0.2299999999999999,0.22,0.24,0.77,0.76,0.78,,,,
2026-01-06 03:55:05.229000+00:00,2026-01-06 03:55:05.265798+00:00,605.229,0.225,0.22,0.23,0.775,0.77,0.78,,,,
2026-01-06 03:55:06.203000+00:00,2026-01-06 03:55:06.282375+00:00,606.203,0.215,0.21,0.22,0.775,0.77,0.78,,,,
2026-01-06 03:55:07.274000+00:00,2026-01-06 03:55:07.293291+00:00,607.274,0.215,0.21,0.22,0.785,0.78,0.79,,,,
2026-01-06 03:55:08.240000+00:00,2026-01-06 03:55:08.288192+00:00,608.24,0.185,0.18,0.19,0.815,0.81,0.82,,,,
2026-01-06 03:55:09.280000+00:00,2026-01-06 03:55:09.312864+00:00,609.28,0.195,0.19,0.2,0.805,0.8,0.81,,,,
2026-01-06 03:55:10.272000+00:00,2026-01-06 03:55:10.311723+00:00,610.272,0.195,0.19,0.2,0.805,0.8,0.81,,,,
2026-01-06 03:55:11.294000+00:00,2026-01-06 03:55:11.327879+00:00,611.294,0.215,0.21,0.22,0.785,0.78,0.79,,,,
2026-01-06 03:55:12.262000+00:00,2026-01-06 03:55:12.330393+00:00,612.262,0.205,0.2,0.21,0.795,0.79,0.8,,,,
2026-01-06 03:55:13.289000+00:00,2026-01-06 03:55:13.337398+00:00,613.289,0.205,0.2,0.21,0.795,0.79,0.8,,,,
2026-01-06 03:55:14.302000+00:00,2026-01-06 03:55:14.331562+00:00,614.302,0.205,0.2,0.21,0.795,0.79,0.8,,,,
2026-01-06 03:55:15.317000+00:00,2026-01-06 03:55:15.343250+00:00,615.317,0.205,0.2,0.21,0.795,0.79,0.8,,,,
2026-01-06 03:55:16.286000+00:00,2026-01-06 03:55:16.337094+00:00,616.286,0.195,0.19,0.2,0.805,0.8,0.81,,,,
2026-01-06 03:55:17.310000+00:00,2026-01-06 03:55:17.345464+00:00,617.31,0.19,0.18,0.2,0.81,0.8,0.82,,,,
2026-01-06 03:55:18.190000+00:00,2026-01-06 03:55:18.354063+00:00,618.19,0.19,0.18,0.2,0.81,0.8,0.82,,,,
2026-01-06 03:55:19.335000+00:00,2026-01-06 03:55:19.360021+00:00,619.335,0.195,0.19,0.2,0.805,0.8,0.81,,,,
2026-01-06 03:55:20.333000+00:00,2026-01-06 03:55:20.369503+00:00,620.333,0.195,0.19,0.2,0.805,0.8,0.81,,,,
2026-01-06 03:55:21.426000+00:00,2026-01-06 03:55:21.360950+00:00,621.426,0.205,0.2,0.21,0.795,0.79,0.8,,,,
2026-01-06 03:55:22.314000+00:00,2026-01-06 03:55:22.372879+00:00,622.314,0.2,0.19,0.21,0.8,0.79,0.81,,,,
2026-01-06 03:55:23.344000+00:00,2026-01-06 03:55:23.388255+00:00,623.344,0.195,0.19,0.2,0.805,0.8,0.81,,,,
2026-01-06 03:55:24.316000+00:00,2026-01-06 03:55:24.395116+00:00,624.316,0.185,0.18,0.19,0.815,0.81,0.82,,,,
2026-01-06 03:55:25.293000+00:00,2026-01-06 03:55:25.415962+00:00,625.293,0.185,0.18,0.19,0.815,0.81,0.82,,,,
2026-01-06 03:55:26.362000+00:00,2026-01-06 03:55:26.418978+00:00,626.362,0.205,0.2,0.21,0.795,0.79,0.8,,,,
2026-01-06 03:55:27.378000+00:00,2026-01-06 03:55:27.420999+00:00,627.378,0.205,0.2,0.21,0.795,0.79,0.8,,,,
2026-01-06 03:55:28.406000+00:00,2026-01-06 03:55:28.435805+00:00,628.406,0.205,0.2,0.21,0.795,0.79,0.8,,,,
2026-01-06 03:55:29.418000+00:00,2026-01-06 03:55:29.448205+00:00,629.418,0.215,0.21,0.22,0.785,0.78,0.79,,,,
2026-01-06 03:55:30.425000+00:00,2026-01-06 03:55:30.445255+00:00,630.425,0.295,0.29,0.3,0.705,0.7,0.71,,,,
2026-01-06 03:55:31.401000+00:00,2026-01-06 03:55:31.453179+00:00,631.401,0.275,0.27,0.28,0.725,0.72,0.73,,,,
2026-01-06 03:55:32.412000+00:00,2026-01-06 03:55:32.454291+00:00,632.412,0.275,0.27,0.28,0.725,0.72,0.73,,,,
2026-01-06 03:55:33.440000+00:00,2026-01-06 03:55:33.478251+00:00,633.44,0.275,0.27,0.28,0.725,0.72,0.73,,,,
2026-01-06 03:55:34.434000+00:00,2026-01-06 03:55:34.486810+00:00,634.434,0.305,0.3,0.31,0.67,0.66,0.68,,,,
2026-01-06 03:55:35.522000+00:00,2026-01-06 03:55:35.487448+00:00,635.522,0.375,0.37,0.38,0.615,0.6,0.63,,,,
2026-01-06 03:55:36.460000+00:00,2026-01-06 03:55:36.502516+00:00,636.46,0.395,0.39,0.4,0.605,0.6,0.61,,,,
2026-01-06 03:55:37.454000+00:00,2026-01-06 03:55:37.497641+00:00,637.454,0.39,0.37,0.41,0.61,0.6,0.62,,,,
2026-01-06 03:55:38.480000+00:00,2026-01-06 03:55:38.510426+00:00,638.48,0.375,0.37,0.38,0.625,0.62,0.63,,,,
2026-01-06 03:55:39.463000+00:00,2026-01-06 03:55:39.511546+00:00,639.463,0.365,0.36,0.37,0.635,0.63,0.64,,,,
2026-01-06 03:55:40.456000+00:00,2026-01-06 03:55:40.516504+00:00,640.456,0.365,0.36,0.37,0.635,0.63,0.64,,,,
2026-01-06 03:55:41.496000+00:00,2026-01-06 03:55:41.535278+00:00,641.496,0.365,0.36,0.37,0.635,0.63,0.64,,,,
2026-01-06 03:55:42.456000+00:00,2026-01-06 03:55:42.541910+00:00,642.456,0.345,0.34,0.35,0.655,0.65,0.66,,,,
2026-01-06 03:55:43.581000+00:00,2026-01-06 03:55:43.542146+00:00,643.581,0.335,0.33,0.34,0.665,0.66,0.67,,,,
2026-01-06 03:55:44.507000+00:00,2026-01-06 03:55:44.550478+00:00,644.507,0.335,0.33,0.34,0.665,0.66,0.67,,,,
2026-01-06 03:55:45.549000+00:00,2026-01-06 03:55:45.558196+00:00,645.549,0.33,0.32,0.34,0.67,0.66,0.68,,,,
2026-01-06 03:55:46.541000+00:00,2026-01-06 03:55:46.567451+00:00,646.541,0.325,0.32,0.33,0.675,0.67,0.68,,,,
2026-01-06 03:55:47.539000+00:00,2026-01-06 03:55:47.576714+00:00,647.539,0.325,0.32,0.33,0.675,0.67,0.68,,,,
2026-01-06 03:55:48.554000+00:00,2026-01-06 03:55:48.590223+00:00,648.554,0.32,0.31,0.33,0.6799999999999999,0.67,0.69,,,,
2026-01-06 03:55:49.505000+00:00,2026-01-06 03:55:49.599917+00:00,649.505,0.32,0.31,0.33,0.6799999999999999,0.67,0.69,,,,
2026-01-06 03:55:50.621000+00:00,2026-01-06 03:55:50.607870+00:00,650.621,0.315,0.31,0.32,0.685,0.68,0.69,,,,
2026-01-06 03:55:51.569000+00:00,2026-01-06 03:55:51.614638+00:00,651.569,0.315,0.31,0.32,0.685,0.68,0.69,,,,
2026-01-06 03:55:52.583000+00:00,2026-01-06 03:55:52.620591+00:00,652.583,0.285,0.28,0.29,0.715,0.71,0.72,,,,
2026-01-06 03:55:53.517000+00:00,2026-01-06 03:55:53.636730+00:00,653.517,0.285,0.28,0.29,0.715,0.71,0.72,,,,
2026-01-06 03:55:54.540000+00:00,2026-01-06 03:55:54.636431+00:00,654.54,0.285,0.28,0.29,0.715,0.71,0.72,,,,
2026-01-06 03:55:55.544000+00:00,2026-01-06 03:55:55.636132+00:00,655.544,0.285,0.28,0.29,0.715,0.71,0.72,,,,
2026-01-06 03:55:56.451000+00:00,2026-01-06 03:55:56.648402+00:00,656.451,0.285,0.28,0.29,0.715,0.71,0.72,,,,
2026-01-06 03:55:57.606000+00:00,2026-01-06 03:55:57.653175+00:00,657.606,0.285,0.28,0.29,0.715,0.71,0.72,,,,
2026-01-06 03:55:58.566000+00:00,2026-01-06 03:55:58.659666+00:00,658.566,0.28,0.27,0.29,0.72,0.71,0.73,,,,
2026-01-06 03:55:59.612000+00:00,2026-01-06 03:55:59.679970+00:00,659.612,0.28,0.27,0.29,0.72,0.71,0.73,,,,
2026-01-06 03:56:00.641000+00:00,2026-01-06 03:56:00.691972+00:00,660.641,0.285,0.28,0.29,0.715,0.71,0.72,,,,
2026-01-06 03:56:01.676000+00:00,2026-01-06 03:56:01.709747+00:00,661.676,0.275,0.27,0.28,0.725,0.72,0.73,,,,
2026-01-06 03:56:02.679000+00:00,2026-01-06 03:56:02.708918+00:00,662.679,0.27,0.26,0.28,0.725,0.72,0.73,,,,
2026-01-06 03:56:03.668000+00:00,2026-01-06 03:56:03.713592+00:00,663.668,0.28,0.27,0.29,0.725,0.72,0.73,,,,
2026-01-06 03:56:04.682000+00:00,2026-01-06 03:56:04.710713+00:00,664.682,0.285,0.28,0.29,0.715,0.71,0.72,,,,
2026-01-06 03:56:05.676000+00:00,2026-01-06 03:56:05.726504+00:00,665.676,0.415,0.41,0.42,0.585,0.58,0.59,,,,
2026-01-06 03:56:06.697000+00:00,2026-01-06 03:56:06.729334+00:00,666.697,0.38,0.37,0.39,0.62,0.61,0.63,,,,
2026-01-06 03:56:07.713000+00:00,2026-01-06 03:56:07.745790+00:00,667.713,0.41,0.4,0.42,0.575,0.57,0.58,,,,
2026-01-06 03:56:08.732000+00:00,2026-01-06 03:56:08.751861+00:00,668.732,0.505,0.5,0.51,0.505,0.5,0.51,,,,
2026-01-06 03:56:09.739000+00:00,2026-01-06 03:56:09.769777+00:00,669.739,0.505,0.5,0.51,0.455,0.45,0.46,,,,
2026-01-06 03:56:10.737000+00:00,2026-01-06 03:56:10.780961+00:00,670.737,0.585,0.58,0.59,0.43,0.42,0.44,,,,
2026-01-06 03:56:11.759000+00:00,2026-01-06 03:56:11.787585+00:00,671.759,0.575,0.56,0.59,0.415,0.41,0.42,,,,
2026-01-06 03:56:12.756000+00:00,2026-01-06 03:56:12.792848+00:00,672.756,0.555,0.55,0.56,0.445,0.44,0.45,,,,
2026-01-06 03:56:13.782000+00:00,2026-01-06 03:56:13.808694+00:00,673.782,0.525,0.52,0.53,0.475,0.47,0.48,,,,
2026-01-06 03:56:14.764000+00:00,2026-01-06 03:56:14.815089+00:00,674.764,0.535,0.53,0.54,0.4649999999999999,0.46,0.47,,,,
2026-01-06 03:56:15.785000+00:00,2026-01-06 03:56:15.824444+00:00,675.785,0.525,0.52,0.53,0.475,0.47,0.48,,,,
2026-01-06 03:56:16.810000+00:00,2026-01-06 03:56:16.845113+00:00,676.81,0.525,0.52,0.53,0.475,0.47,0.48,,,,
2026-01-06 03:56:17.814000+00:00,2026-01-06 03:56:17.842745+00:00,677.814,0.515,0.51,0.52,0.485,0.48,0.49,,,,
