timestamp,collected_at,seconds,up_mid,up_best_bid,up_best_ask,down_mid,down_best_bid,down_best_ask,up_best_bid_size,up_best_ask_size,down_best_bid_size,down_best_ask_size,up_bid_2,up_bid_2_size,up_ask_2,up_ask_2_size,up_bid_3,up_bid_3_size,up_ask_3,up_ask_3_size,up_bid_4,up_bid_4_size,up_ask_4,up_ask_4_size,up_bid_5,up_bid_5_size,up_ask_5,up_ask_5_size,up_bid_6,up_bid_6_size,up_ask_6,up_ask_6_size,down_bid_2,down_bid_2_size,down_ask_2,down_ask_2_size,down_bid_3,down_bid_3_size,down_ask_3,down_ask_3_size,down_bid_4,down_bid_4_size,down_ask_4,down_ask_4_size,down_bid_5,down_bid_5_size,down_ask_5,down_ask_5_size,down_bid_6,down_bid_6_size,down_ask_6,down_ask_6_size
2026-01-07 08:30:00.618000+00:00,2026-01-07 08:29:58.148344+00:00,0.618,0.001,,0.001,0.999,0.999,,,1059.42,21079.42,,,,0.01,12501.04,,,0.02,317.77,,,0.03,121.16,,,0.04,57.7,,,0.05,220.9,0.99,94856.04,,,0.98,317.77,,,0.97,121.16,,,0.96,57.7,,,0.95,220.9,,
2026-01-07 08:30:01.679000+00:00,2026-01-07 08:29:59.168036+00:00,1.679,0.001,,0.001,0.999,0.999,,,36647.41,36647.41,,,,0.008,30.0,,,0.009,50.0,,,0.01,196496.9,,,0.02,117.77,,,0.03,121.16,0.992,30.0,,,0.991,50.0,,,0.99,196501.9,,,0.98,117.77,,,0.97,121.16,,
2026-01-07 08:30:02.663000+00:00,2026-01-07 08:30:00.174740+00:00,2.663,0.545,0.54,0.55,0.455,0.45,0.46,69.0,60.55,60.55,69.0,0.53,56.0,0.56,61.0,0.52,10.0,0.57,182.0,0.51,100.0,0.58,182.0,0.5,710.76,0.59,304.0,0.49,269.0,0.6,514.0,0.44,61.0,0.47,56.0,0.43,182.0,0.48,10.0,0.42,182.0,0.49,100.0,0.41,394.0,0.5,710.76,0.4,424.0,0.51,269.0
2026-01-07 08:30:03.703000+00:00,2026-01-07 08:30:01.186152+00:00,3.703,0.545,0.54,0.55,0.455,0.45,0.46,101.0,55.15,55.15,106.0,0.53,56.0,0.56,61.0,0.52,100.0,0.57,182.0,0.51,10.0,0.58,182.0,0.5,710.76,0.59,304.0,0.49,320.0,0.6,424.0,0.44,61.0,0.47,56.0,0.43,182.0,0.48,100.0,0.42,182.0,0.49,10.0,0.41,304.0,0.5,717.76,0.4,514.0,0.51,320.0
2026-01-07 08:30:04.705000+00:00,2026-01-07 08:30:02.193979+00:00,4.705,0.545,0.54,0.55,0.455,0.45,0.46,99.0,25.0,25.0,106.0,0.53,146.0,0.58,61.0,0.52,193.0,0.59,304.0,0.51,193.0,0.6,434.0,0.5,838.76,0.61,394.0,0.49,441.0,0.62,304.0,0.42,61.0,0.47,146.0,0.41,304.0,0.48,193.0,0.4,434.0,0.49,193.0,0.39,394.0,0.5,838.76,0.38,304.0,0.51,441.0
2026-01-07 08:30:05.731000+00:00,2026-01-07 08:30:03.212521+00:00,5.731,0.545,0.54,0.55,0.455,0.45,0.46,138.0,32.0,257.0,73.0,0.53,168.0,0.56,102.0,0.52,200.69,0.57,80.0,0.51,193.0,0.58,61.0,0.5,838.76,0.59,304.0,0.49,390.0,0.6,434.0,0.44,67.0,0.47,128.0,0.43,167.0,0.48,215.69,0.42,61.0,0.49,208.0,0.41,304.0,0.5,838.76,0.4,434.0,0.51,390.0
2026-01-07 08:30:06.756000+00:00,2026-01-07 08:30:04.230933+00:00,6.756,0.525,0.52,0.53,0.475,0.47,0.48,87.69,45.0,96.0,87.69,0.51,25.0,0.54,175.35,0.5,534.76,0.55,280.0,0.49,176.0,0.56,371.0,0.48,188.0,0.57,439.0,0.47,314.0,0.58,242.0,0.46,175.35,0.49,10.0,0.45,280.0,0.5,534.76,0.44,356.0,0.51,176.0,0.43,454.0,0.52,188.0,0.42,182.0,0.53,314.0
2026-01-07 08:30:07.729000+00:00,2026-01-07 08:30:05.238017+00:00,7.729,0.525,0.52,0.53,0.475,0.47,0.48,97.69,186.0,186.0,97.69,0.51,10.0,0.54,235.35,0.5,614.76,0.55,366.0,0.49,101.0,0.56,356.0,0.48,188.0,0.57,439.0,0.47,314.0,0.58,242.0,0.46,235.35,0.49,90.0,0.45,366.0,0.5,579.76,0.44,356.0,0.51,101.0,0.43,439.0,0.52,188.0,0.42,182.0,0.53,314.0
2026-01-07 08:30:08.708000+00:00,2026-01-07 08:30:06.258279+00:00,8.708,0.52,0.51,0.53,0.48,0.47,0.49,180.0,176.0,171.0,180.0,0.5,579.76,0.54,235.35,0.49,171.0,0.55,436.0,0.48,258.0,0.56,516.0,0.47,384.0,0.57,419.0,0.46,374.0,0.58,312.0,0.46,235.35,0.5,579.76,0.45,436.0,0.51,171.0,0.44,516.0,0.52,258.0,0.43,419.0,0.53,384.0,0.42,312.0,0.54,374.0
2026-01-07 08:30:09.692000+00:00,2026-01-07 08:30:07.266527+00:00,9.692,0.52,0.51,0.53,0.48,0.47,0.49,180.0,163.0,163.0,180.0,0.5,579.76,0.54,305.35,0.49,171.0,0.55,436.0,0.48,258.0,0.56,516.0,0.47,384.0,0.57,419.0,0.46,374.0,0.58,312.0,0.46,305.35,0.5,579.76,0.45,436.0,0.51,171.0,0.44,516.0,0.52,258.0,0.43,419.0,0.53,384.0,0.42,312.0,0.54,374.0
2026-01-07 08:30:10.589000+00:00,2026-01-07 08:30:08.273493+00:00,10.589,0.525,0.52,0.53,0.475,0.47,0.48,5.0,199.23,199.23,5.0,0.51,250.0,0.54,395.35,0.5,704.76,0.55,471.0,0.49,201.0,0.56,551.0,0.48,293.0,0.57,454.0,0.47,419.0,0.58,312.0,0.46,395.35,0.49,250.0,0.45,471.0,0.5,704.76,0.44,551.0,0.51,201.0,0.43,454.0,0.52,293.0,0.42,312.0,0.53,419.0
2026-01-07 08:30:11.594000+00:00,2026-01-07 08:30:09.261705+00:00,11.594,0.525,0.52,0.53,0.475,0.47,0.48,5.0,181.64,186.64,5.0,0.51,320.0,0.54,395.35,0.5,704.76,0.55,459.0,0.49,201.0,0.56,551.0,0.48,293.0,0.57,454.0,0.47,419.0,0.58,312.0,0.46,395.35,0.49,240.0,0.45,459.0,0.5,739.76,0.44,544.0,0.51,201.0,0.43,454.0,0.52,293.0,0.42,312.0,0.53,419.0
2026-01-07 08:30:12.779000+00:00,2026-01-07 08:30:10.267027+00:00,12.779,0.515,0.51,0.52,0.485,0.48,0.49,150.0,237.0,298.0,150.0,0.5,829.76,0.53,121.64,0.49,201.0,0.54,420.35,0.48,110.0,0.55,549.0,0.47,298.0,0.56,454.0,0.46,409.0,0.57,419.0,0.47,115.64,0.5,829.76,0.46,420.35,0.51,201.0,0.45,549.0,0.52,110.0,0.44,454.0,0.53,298.0,0.43,419.0,0.54,409.0
2026-01-07 08:30:13.771000+00:00,2026-01-07 08:30:11.273129+00:00,13.771,0.515,0.51,0.52,0.485,0.48,0.49,105.0,264.75,264.75,105.0,0.5,874.76,0.53,135.64,0.49,201.0,0.54,345.35,0.48,110.0,0.55,549.0,0.47,298.0,0.56,454.0,0.46,409.0,0.57,419.0,0.47,170.64,0.5,874.76,0.46,355.35,0.51,201.0,0.45,549.0,0.52,110.0,0.44,454.0,0.53,298.0,0.43,454.0,0.54,409.0
2026-01-07 08:30:14.798000+00:00,2026-01-07 08:30:12.279339+00:00,14.798,0.515,0.51,0.52,0.485,0.48,0.49,154.5,188.0,188.0,120.0,0.5,814.76,0.53,175.64,0.49,201.0,0.54,335.35,0.48,110.0,0.55,544.0,0.47,298.0,0.56,454.0,0.46,463.0,0.57,454.0,0.47,180.64,0.5,824.76,0.46,385.35,0.51,201.0,0.45,544.0,0.52,110.0,0.44,454.0,0.53,298.0,0.43,454.0,0.54,463.0
2026-01-07 08:30:15.809000+00:00,2026-01-07 08:30:13.287165+00:00,15.809,0.505,0.5,0.51,0.495,0.49,0.5,629.76,262.0,317.0,624.76,0.49,216.0,0.52,328.0,0.48,5.0,0.53,185.64,0.47,278.0,0.54,446.35,0.46,409.0,0.55,544.0,0.45,430.0,0.56,419.0,0.48,313.0,0.51,191.0,0.47,180.64,0.52,105.0,0.46,446.35,0.53,80.0,0.45,544.0,0.54,409.0,0.44,419.0,0.55,465.0
2026-01-07 08:30:16.806000+00:00,2026-01-07 08:30:14.296431+00:00,16.806,0.535,0.53,0.54,0.46499999999999997,0.46,0.47,40.0,80.0,80.0,40.0,0.52,287.0,0.55,100.0,0.51,177.0,0.56,283.0,0.5,972.76,0.57,627.0,0.49,640.0,0.58,287.0,0.48,414.0,0.59,409.0,0.45,100.0,0.48,287.0,0.44,283.0,0.49,177.0,0.43,569.0,0.5,972.76,0.42,347.0,0.51,560.0,0.41,409.0,0.52,414.0
2026-01-07 08:30:17.782000+00:00,2026-01-07 08:30:15.301639+00:00,17.782,0.535,0.53,0.54,0.46499999999999997,0.46,0.47,20.0,88.0,30.0,35.0,0.52,438.0,0.55,100.0,0.51,238.0,0.56,283.0,0.5,882.76,0.57,499.0,0.49,560.0,0.58,287.0,0.48,414.0,0.59,470.0,0.45,115.0,0.48,423.0,0.44,283.0,0.49,253.0,0.43,489.0,0.5,867.76,0.42,287.0,0.51,560.0,0.41,470.0,0.52,414.0
2026-01-07 08:30:18.830000+00:00,2026-01-07 08:30:16.312018+00:00,18.83,0.545,0.54,0.55,0.455,0.45,0.46,175.0,15.0,15.0,175.0,0.53,277.0,0.56,268.0,0.52,278.0,0.57,449.0,0.51,333.0,0.58,212.0,0.5,1038.76,0.59,429.0,0.49,525.0,0.6,469.0,0.44,85.0,0.47,338.0,0.43,145.0,0.48,278.0,0.42,30.0,0.49,333.0,0.41,429.0,0.5,1038.76,0.4,469.0,0.51,525.0
2026-01-07 08:30:19.837000+00:00,2026-01-07 08:30:17.317680+00:00,19.837,0.555,0.55,0.56,0.435,0.43,0.44,118.0,65.0,115.0,10.0,0.54,110.0,0.57,85.0,0.53,353.0,0.58,90.0,0.52,263.0,0.59,429.0,0.51,382.0,0.6,539.0,0.5,988.76,0.61,414.0,0.42,35.0,0.45,178.0,0.41,469.0,0.46,90.0,0.4,559.0,0.47,343.0,0.39,414.0,0.48,263.0,0.38,384.0,0.49,382.0
2026-01-07 08:30:20.836000+00:00,2026-01-07 08:30:18.325943+00:00,20.836,0.565,0.56,0.57,0.435,0.43,0.44,332.0,12.0,12.0,357.0,0.55,267.0,0.58,7.0,0.54,413.0,0.59,115.0,0.53,454.0,0.6,459.0,0.52,502.0,0.61,344.0,0.51,419.0,0.62,419.0,0.42,7.0,0.45,292.0,0.41,120.0,0.46,413.0,0.4,524.0,0.47,454.0,0.39,454.0,0.48,502.0,0.38,419.0,0.49,419.0
2026-01-07 08:30:21.851000+00:00,2026-01-07 08:30:19.326981+00:00,21.851,0.575,0.57,0.58,0.425,0.42,0.43,257.0,92.0,97.0,244.6,0.56,338.0,0.59,50.0,0.55,433.0,0.6,330.0,0.54,348.0,0.61,15.0,0.53,454.0,0.62,236.0,0.52,467.0,0.63,409.0,0.41,100.0,0.44,338.0,0.4,300.0,0.45,433.0,0.39,15.0,0.46,348.0,0.38,236.0,0.47,454.0,0.37,409.0,0.48,467.0
2026-01-07 08:30:22.845000+00:00,2026-01-07 08:30:20.329597+00:00,22.845,0.575,0.57,0.58,0.425,0.42,0.43,226.6,112.0,107.0,226.6,0.56,348.0,0.59,122.0,0.55,433.0,0.6,285.0,0.54,348.0,0.61,198.0,0.53,454.0,0.62,419.0,0.52,419.0,0.63,477.0,0.41,122.0,0.44,348.0,0.4,285.0,0.45,433.0,0.39,198.0,0.46,348.0,0.38,419.0,0.47,454.0,0.37,477.0,0.48,419.0
2026-01-07 08:30:23.651000+00:00,2026-01-07 08:30:21.329864+00:00,23.651,0.575,0.57,0.58,0.425,0.42,0.43,217.68,92.0,92.0,182.68,0.56,418.0,0.59,177.0,0.55,448.0,0.6,370.0,0.54,333.0,0.61,268.0,0.53,454.0,0.62,419.0,0.52,467.0,0.63,409.0,0.41,177.0,0.44,408.0,0.4,335.0,0.45,413.0,0.39,258.0,0.46,333.0,0.38,419.0,0.47,454.0,0.37,477.0,0.48,419.0
2026-01-07 08:30:24.850000+00:00,2026-01-07 08:30:22.333951+00:00,24.85,0.575,0.57,0.58,0.425,0.42,0.43,114.0,17.0,17.0,149.0,0.56,408.0,0.59,257.0,0.55,423.0,0.6,335.0,0.54,333.0,0.61,293.0,0.53,454.0,0.62,419.0,0.52,454.0,0.63,477.0,0.41,257.0,0.44,408.0,0.4,335.0,0.45,423.0,0.39,293.0,0.46,333.0,0.38,419.0,0.47,454.0,0.37,477.0,0.48,454.0
2026-01-07 08:30:25.876000+00:00,2026-01-07 08:30:23.354406+00:00,25.876,0.585,0.58,0.59,0.415,0.41,0.42,10.0,192.0,192.0,10.0,0.57,155.0,0.6,280.0,0.56,433.0,0.61,413.0,0.55,323.0,0.62,419.0,0.54,333.0,0.63,477.0,0.53,454.0,0.64,374.0,0.4,265.0,0.43,165.0,0.39,428.0,0.44,468.0,0.38,419.0,0.45,308.0,0.37,477.0,0.46,333.0,0.36,374.0,0.47,454.0
2026-01-07 08:30:26.811000+00:00,2026-01-07 08:30:24.358980+00:00,26.811,0.585,0.58,0.59,0.415,0.41,0.42,7.21,192.0,192.0,7.21,0.57,165.0,0.6,265.0,0.56,468.0,0.61,428.0,0.55,308.0,0.62,419.0,0.54,333.0,0.63,519.1,0.53,454.0,0.64,374.0,0.4,265.0,0.43,150.0,0.39,245.0,0.44,468.0,0.38,419.0,0.45,308.0,0.37,519.1,0.46,333.0,0.36,374.0,0.47,454.0
2026-01-07 08:30:27.888000+00:00,2026-01-07 08:30:25.368859+00:00,27.888,0.585,0.58,0.59,0.415,0.41,0.42,7.21,202.0,202.0,7.21,0.57,70.0,0.6,305.0,0.56,453.0,0.61,200.0,0.55,298.0,0.62,419.0,0.54,333.0,0.63,519.1,0.53,454.0,0.64,374.0,0.4,290.0,0.43,332.0,0.39,215.0,0.44,443.0,0.38,419.0,0.45,333.0,0.37,519.1,0.46,333.0,0.36,374.0,0.47,454.0
2026-01-07 08:30:28.874000+00:00,2026-01-07 08:30:26.391683+00:00,28.874,0.585,0.58,0.59,0.415,0.41,0.42,12.21,125.0,124.0,12.21,0.57,463.0,0.6,290.0,0.56,443.0,0.61,215.0,0.55,333.0,0.62,236.0,0.54,333.0,0.63,519.1,0.53,454.0,0.64,374.0,0.4,290.0,0.43,463.0,0.39,215.0,0.44,443.0,0.38,302.0,0.45,333.0,0.37,451.1,0.46,333.0,0.36,374.0,0.47,454.0
2026-01-07 08:30:29.915000+00:00,2026-01-07 08:30:27.401287+00:00,29.915,0.585,0.58,0.59,0.415,0.41,0.42,17.21,125.0,5.0,259.21,0.57,463.0,0.6,290.0,0.56,353.0,0.61,125.0,0.55,333.0,0.62,236.0,0.54,710.1,0.63,477.0,0.53,454.0,0.64,374.0,0.4,424.0,0.43,323.0,0.39,175.0,0.44,388.0,0.38,216.0,0.45,419.0,0.37,409.0,0.46,486.1,0.36,409.0,0.47,419.0
2026-01-07 08:30:30.825000+00:00,2026-01-07 08:30:28.405906+00:00,30.825,0.595,0.59,0.6,0.405,0.4,0.41,288.0,364.0,364.0,288.0,0.58,400.21,0.61,180.0,0.57,443.0,0.62,145.0,0.56,333.0,0.63,294.0,0.55,678.0,0.64,226.0,0.54,486.1,0.65,414.0,0.39,180.0,0.42,395.21,0.38,145.0,0.43,443.0,0.37,294.0,0.44,333.0,0.36,226.0,0.45,678.0,0.35,414.0,0.46,486.1
2026-01-07 08:30:31.939000+00:00,2026-01-07 08:30:29.410356+00:00,31.939,0.595,0.59,0.6,0.405,0.4,0.41,198.0,444.0,524.0,183.0,0.58,430.21,0.61,145.0,0.57,443.0,0.62,145.0,0.56,333.0,0.63,294.0,0.55,715.1,0.64,226.0,0.54,454.0,0.65,414.0,0.39,120.0,0.42,380.21,0.38,110.0,0.43,443.0,0.37,294.0,0.44,358.0,0.36,226.0,0.45,715.1,0.35,414.0,0.46,454.0
2026-01-07 08:30:32.956000+00:00,2026-01-07 08:30:30.419751+00:00,32.956,0.595,0.59,0.6,0.415,0.41,0.42,183.0,484.0,135.0,7.21,0.58,190.21,0.61,303.0,0.57,183.0,0.62,378.0,0.56,368.0,0.63,348.0,0.55,506.1,0.64,348.0,0.54,499.0,0.65,379.0,0.4,514.0,0.44,185.0,0.39,398.0,0.45,385.1,0.38,424.0,0.46,403.0,0.37,409.0,0.47,418.0,0.36,374.0,0.48,444.0
2026-01-07 08:30:33.940000+00:00,2026-01-07 08:30:31.426517+00:00,33.94,0.565,0.56,0.57,0.435,0.43,0.44,230.0,5.0,5.0,230.0,0.55,388.0,0.58,40.0,0.54,443.0,0.59,155.0,0.53,318.0,0.6,479.0,0.52,492.0,0.61,474.0,0.51,404.0,0.62,419.0,0.42,40.0,0.45,383.0,0.41,155.0,0.46,433.0,0.4,494.0,0.47,318.0,0.39,459.0,0.48,492.0,0.38,419.0,0.49,404.0
2026-01-07 08:30:34.956000+00:00,2026-01-07 08:30:32.435255+00:00,34.956,0.58,0.57,0.59,0.42,0.41,0.43,115.0,145.0,175.0,145.0,0.56,156.0,0.6,604.0,0.55,478.0,0.61,459.0,0.54,333.0,0.62,419.0,0.53,318.0,0.63,477.0,0.52,457.0,0.64,374.0,0.4,589.0,0.44,195.0,0.39,474.0,0.45,453.0,0.38,419.0,0.46,333.0,0.37,477.0,0.47,318.0,0.36,374.0,0.48,457.0
2026-01-07 08:30:35.943000+00:00,2026-01-07 08:30:33.441946+00:00,35.943,0.58,0.57,0.59,0.42,0.41,0.43,130.0,130.0,120.0,125.0,0.56,200.0,0.6,639.0,0.55,448.0,0.61,434.0,0.54,333.0,0.62,419.0,0.53,359.9,0.63,409.0,0.52,409.0,0.64,409.0,0.4,624.0,0.44,215.0,0.39,449.0,0.45,433.0,0.38,419.0,0.46,333.0,0.37,477.0,0.47,359.9,0.36,409.0,0.48,457.0
2026-01-07 08:30:37.993000+00:00,2026-01-07 08:30:35.471703+00:00,37.993,0.595,0.59,0.6,0.405,0.4,0.41,213.0,176.23,176.23,203.0,0.58,428.0,0.61,50.0,0.57,323.0,0.62,55.0,0.56,678.0,0.63,135.0,0.55,459.0,0.64,79.0,0.54,454.0,0.65,277.5,0.39,65.0,0.42,438.0,0.38,85.0,0.43,343.0,0.37,135.0,0.44,678.0,0.36,79.0,0.45,459.0,0.35,277.5,0.46,454.0
2026-01-07 08:30:38.997000+00:00,2026-01-07 08:30:36.475566+00:00,38.997,0.595,0.59,0.6,0.405,0.4,0.41,173.0,150.0,155.0,173.0,0.58,373.0,0.61,85.0,0.57,348.0,0.62,324.0,0.56,713.0,0.63,346.0,0.55,473.0,0.64,253.0,0.54,419.0,0.65,353.0,0.39,85.0,0.42,373.0,0.38,334.0,0.43,373.0,0.37,346.0,0.44,698.0,0.36,253.0,0.45,473.0,0.35,353.0,0.46,419.0
2026-01-07 08:30:39.595000+00:00,2026-01-07 08:30:37.483212+00:00,39.595,0.595,0.59,0.6,0.405,0.4,0.41,5.0,85.0,85.0,5.0,0.58,180.0,0.61,115.0,0.57,338.0,0.62,354.0,0.56,582.0,0.63,304.0,0.55,473.0,0.64,304.0,0.54,555.0,0.65,450.0,0.39,115.0,0.42,180.0,0.38,130.0,0.43,338.0,0.37,304.0,0.44,547.0,0.36,304.0,0.45,473.0,0.35,450.0,0.46,555.0
2026-01-07 08:30:40.993000+00:00,2026-01-07 08:30:38.490398+00:00,40.993,0.585,0.58,0.59,0.415,0.41,0.42,5.0,90.0,90.0,5.0,0.57,443.0,0.6,135.0,0.56,557.0,0.61,265.0,0.55,507.3,0.62,115.0,0.54,590.0,0.63,409.0,0.53,439.0,0.64,409.0,0.4,135.0,0.43,423.0,0.39,265.0,0.44,577.0,0.38,181.0,0.45,512.3,0.37,409.0,0.46,544.0,0.36,409.0,0.47,439.0
2026-01-07 08:30:42.643000+00:00,2026-01-07 08:30:40.504984+00:00,42.643,0.5700000000000001,0.56,0.58,0.43,0.42,0.44,80.0,170.0,170.0,80.0,0.55,363.0,0.59,90.0,0.54,542.0,0.6,250.0,0.53,529.0,0.61,459.0,0.52,444.0,0.62,485.0,0.51,488.0,0.63,374.0,0.41,90.0,0.45,363.0,0.4,250.0,0.46,542.0,0.39,459.0,0.47,529.0,0.38,485.0,0.48,444.0,0.37,374.0,0.49,488.0
2026-01-07 08:30:44.951000+00:00,2026-01-07 08:30:42.519719+00:00,44.951,0.575,0.57,0.58,0.425,0.42,0.43,105.0,55.0,40.0,120.0,0.56,90.0,0.59,175.0,0.55,408.0,0.6,160.0,0.54,542.0,0.61,459.0,0.53,439.0,0.62,485.0,0.52,493.0,0.63,374.0,0.41,200.0,0.44,207.0,0.4,190.0,0.45,408.0,0.39,549.0,0.46,542.0,0.38,419.0,0.47,439.0,0.37,442.0,0.48,541.0
2026-01-07 08:30:46.598000+00:00,2026-01-07 08:30:44.536105+00:00,46.598,0.575,0.57,0.58,0.425,0.42,0.43,125.0,40.0,40.0,125.0,0.56,458.0,0.59,210.0,0.55,358.0,0.6,404.0,0.54,542.0,0.61,255.0,0.53,439.0,0.62,419.0,0.52,541.0,0.63,442.0,0.41,210.0,0.44,458.0,0.4,404.0,0.45,358.0,0.39,255.0,0.46,542.0,0.38,419.0,0.47,439.0,0.37,442.0,0.48,541.0
2026-01-07 08:30:48.915000+00:00,2026-01-07 08:30:46.562690+00:00,48.915,0.575,0.57,0.58,0.425,0.42,0.43,80.0,55.0,55.0,80.0,0.56,428.0,0.59,225.0,0.55,398.0,0.6,394.0,0.54,542.0,0.61,309.0,0.53,439.0,0.62,419.0,0.52,493.0,0.63,374.0,0.41,225.0,0.44,428.0,0.4,394.0,0.45,398.0,0.39,309.0,0.46,542.0,0.38,419.0,0.47,439.0,0.37,374.0,0.48,493.0
2026-01-07 08:30:49.791000+00:00,2026-01-07 08:30:47.585636+00:00,49.791,0.575,0.57,0.58,0.425,0.42,0.43,85.0,55.0,55.0,85.0,0.56,423.0,0.59,225.0,0.55,398.0,0.6,394.0,0.54,542.0,0.61,309.0,0.53,439.0,0.62,419.0,0.52,493.0,0.63,374.0,0.41,225.0,0.44,423.0,0.4,394.0,0.45,398.0,0.39,309.0,0.46,542.0,0.38,419.0,0.47,439.0,0.37,374.0,0.48,493.0
2026-01-07 08:30:51.101000+00:00,2026-01-07 08:30:48.591494+00:00,51.101,0.5700000000000001,0.56,0.58,0.43,0.42,0.44,408.0,125.0,135.0,398.0,0.55,438.0,0.59,195.0,0.54,582.0,0.6,434.0,0.53,439.0,0.61,219.0,0.52,493.0,0.62,419.0,0.51,453.0,0.63,409.0,0.41,225.0,0.45,448.0,0.4,434.0,0.46,582.0,0.39,462.0,0.47,439.0,0.38,419.0,0.48,493.0,0.37,409.0,0.49,453.0
2026-01-07 08:30:52.081000+00:00,2026-01-07 08:30:49.598450+00:00,52.081,0.565,0.56,0.57,0.435,0.43,0.44,155.0,100.0,150.0,105.0,0.55,408.0,0.58,120.0,0.54,622.0,0.59,175.0,0.53,459.0,0.6,434.0,0.52,503.0,0.61,523.0,0.51,453.0,0.62,419.0,0.42,120.0,0.45,443.0,0.41,175.0,0.46,632.0,0.4,556.0,0.47,459.0,0.39,523.0,0.48,503.0,0.38,419.0,0.49,453.0
2026-01-07 08:30:53.082000+00:00,2026-01-07 08:30:50.620136+00:00,53.082,0.565,0.56,0.57,0.435,0.43,0.44,105.0,100.0,100.0,105.0,0.55,483.0,0.58,180.0,0.54,602.0,0.59,205.0,0.53,449.0,0.6,617.0,0.52,493.0,0.61,523.0,0.51,453.0,0.62,419.0,0.42,180.0,0.45,483.0,0.41,205.0,0.46,602.0,0.4,617.0,0.47,449.0,0.39,523.0,0.48,493.0,0.38,419.0,0.49,453.0
2026-01-07 08:30:54.123000+00:00,2026-01-07 08:30:51.626611+00:00,54.123,0.565,0.56,0.57,0.435,0.43,0.44,115.0,95.0,95.0,115.0,0.55,513.0,0.58,185.0,0.54,582.0,0.59,205.0,0.53,439.0,0.6,617.0,0.52,493.0,0.61,523.0,0.51,453.0,0.62,419.0,0.42,185.0,0.45,513.0,0.41,205.0,0.46,582.0,0.4,617.0,0.47,439.0,0.39,523.0,0.48,493.0,0.38,419.0,0.49,453.0
2026-01-07 08:30:55.054000+00:00,2026-01-07 08:30:52.633281+00:00,55.054,0.565,0.56,0.57,0.435,0.43,0.44,195.0,20.0,20.0,195.0,0.55,478.0,0.58,220.0,0.54,582.0,0.59,205.0,0.53,439.0,0.6,434.0,0.52,493.0,0.61,523.0,0.51,453.0,0.62,419.0,0.42,220.0,0.45,478.0,0.41,205.0,0.46,582.0,0.4,434.0,0.47,439.0,0.39,523.0,0.48,493.0,0.38,419.0,0.49,453.0
2026-01-07 08:30:56.096000+00:00,2026-01-07 08:30:53.642563+00:00,56.096,0.565,0.56,0.57,0.435,0.43,0.44,195.0,70.0,55.0,195.0,0.55,478.0,0.58,220.0,0.54,582.0,0.59,205.0,0.53,439.0,0.6,434.0,0.52,493.0,0.61,523.0,0.51,453.0,0.62,419.0,0.42,235.0,0.45,478.0,0.41,205.0,0.46,582.0,0.4,210.0,0.47,439.0,0.39,523.0,0.48,493.0,0.38,419.0,0.49,453.0
2026-01-07 08:30:57.087000+00:00,2026-01-07 08:30:54.645376+00:00,57.087,0.565,0.56,0.57,0.435,0.43,0.44,195.0,20.0,20.0,195.0,0.55,478.0,0.58,220.0,0.54,582.0,0.59,205.0,0.53,439.0,0.6,220.0,0.52,493.0,0.61,459.0,0.51,404.0,0.62,485.0,0.42,220.0,0.45,478.0,0.41,205.0,0.46,582.0,0.4,220.0,0.47,439.0,0.39,459.0,0.48,493.0,0.38,485.0,0.49,404.0
2026-01-07 08:30:58.041000+00:00,2026-01-07 08:30:55.656978+00:00,58.041,0.5700000000000001,0.56,0.58,0.43,0.42,0.44,195.0,260.0,260.0,195.0,0.55,478.0,0.59,205.0,0.54,582.0,0.6,220.0,0.53,439.0,0.61,459.0,0.52,493.0,0.62,485.0,0.51,404.0,0.63,409.0,0.41,205.0,0.45,478.0,0.4,220.0,0.46,582.0,0.39,459.0,0.47,439.0,0.38,485.0,0.48,493.0,0.37,409.0,0.49,404.0
2026-01-07 08:30:59.192000+00:00,2026-01-07 08:30:56.664049+00:00,59.192,0.575,0.57,0.58,0.425,0.42,0.43,85.0,135.0,165.0,122.0,0.56,170.0,0.59,250.0,0.55,453.0,0.6,165.0,0.54,557.0,0.61,459.0,0.53,439.0,0.62,485.0,0.52,493.0,0.63,409.0,0.41,160.0,0.44,155.0,0.4,190.0,0.45,433.0,0.39,489.0,0.46,557.0,0.38,485.0,0.47,439.0,0.37,409.0,0.48,493.0
2026-01-07 08:31:00.194000+00:00,2026-01-07 08:30:57.670119+00:00,60.194,0.575,0.57,0.58,0.425,0.42,0.43,117.67,150.0,115.0,135.0,0.56,215.0,0.59,200.0,0.55,333.0,0.6,190.0,0.54,557.0,0.61,569.0,0.53,439.0,0.62,495.0,0.52,493.0,0.63,409.0,0.41,215.0,0.44,200.0,0.4,414.0,0.45,333.0,0.39,579.0,0.46,557.0,0.38,485.0,0.47,439.0,0.37,409.0,0.48,493.0
2026-01-07 08:31:01.145000+00:00,2026-01-07 08:30:58.661001+00:00,61.145,0.575,0.57,0.58,0.425,0.42,0.43,135.0,70.0,70.0,130.0,0.56,185.0,0.59,185.0,0.55,318.0,0.6,394.0,0.54,557.0,0.61,639.0,0.53,439.0,0.62,454.0,0.52,541.0,0.63,487.0,0.41,185.0,0.44,185.0,0.4,394.0,0.45,318.0,0.39,639.0,0.46,557.0,0.38,439.0,0.47,439.0,0.37,487.0,0.48,541.0
2026-01-07 08:31:02.193000+00:00,2026-01-07 08:30:59.667958+00:00,62.193,0.575,0.57,0.58,0.425,0.42,0.43,268.0,20.0,15.0,268.0,0.56,358.0,0.59,330.0,0.55,393.0,0.6,409.0,0.54,567.0,0.61,245.0,0.53,439.0,0.62,419.0,0.52,546.0,0.63,477.0,0.41,330.0,0.44,358.0,0.4,409.0,0.45,393.0,0.39,245.0,0.46,567.0,0.38,419.0,0.47,439.0,0.37,477.0,0.48,546.0
2026-01-07 08:31:03.183000+00:00,2026-01-07 08:31:00.675846+00:00,63.183,0.575,0.57,0.58,0.425,0.42,0.43,188.0,165.0,175.0,188.0,0.56,373.0,0.59,250.0,0.55,393.0,0.6,409.0,0.54,567.0,0.61,245.0,0.53,439.0,0.62,419.0,0.52,498.0,0.63,477.0,0.41,230.0,0.44,373.0,0.4,409.0,0.45,383.0,0.39,245.0,0.46,567.0,0.38,419.0,0.47,439.0,0.37,477.0,0.48,498.0
2026-01-07 08:31:04.217000+00:00,2026-01-07 08:31:01.696512+00:00,64.217,0.5700000000000001,0.56,0.58,0.43,0.42,0.44,373.0,235.0,235.0,378.0,0.55,483.0,0.59,215.0,0.54,577.0,0.6,165.0,0.53,439.0,0.61,309.0,0.52,498.0,0.62,419.0,0.51,404.0,0.63,409.0,0.41,215.0,0.45,483.0,0.4,165.0,0.46,577.0,0.39,309.0,0.47,439.0,0.38,419.0,0.48,498.0,0.37,409.0,0.49,404.0
2026-01-07 08:31:05.197000+00:00,2026-01-07 08:31:02.704839+00:00,65.197,0.565,0.56,0.57,0.435,0.43,0.44,378.0,11.0,11.0,388.0,0.55,473.0,0.58,193.03,0.54,577.0,0.59,205.0,0.53,439.0,0.6,165.0,0.52,498.0,0.61,309.0,0.51,404.0,0.62,419.0,0.42,193.03,0.45,483.0,0.41,235.0,0.46,567.0,0.4,175.0,0.47,439.0,0.39,309.0,0.48,498.0,0.38,419.0,0.49,404.0
2026-01-07 08:31:06.005000+00:00,2026-01-07 08:31:03.710236+00:00,66.005,0.565,0.56,0.57,0.435,0.43,0.44,393.0,11.0,11.0,393.0,0.55,468.0,0.58,198.03,0.54,582.0,0.59,250.0,0.53,439.0,0.6,160.0,0.52,498.0,0.61,309.0,0.51,404.0,0.62,419.0,0.42,198.03,0.45,468.0,0.41,250.0,0.46,582.0,0.4,160.0,0.47,439.0,0.39,309.0,0.48,498.0,0.38,419.0,0.49,404.0
2026-01-07 08:31:07.205000+00:00,2026-01-07 08:31:04.720691+00:00,67.205,0.565,0.56,0.57,0.435,0.43,0.44,393.0,11.0,11.0,393.0,0.55,483.0,0.58,218.03,0.54,567.0,0.59,225.0,0.53,439.0,0.6,165.0,0.52,498.0,0.61,309.0,0.51,404.0,0.62,419.0,0.42,218.03,0.45,483.0,0.41,225.0,0.46,567.0,0.4,165.0,0.47,439.0,0.39,309.0,0.48,498.0,0.38,419.0,0.49,404.0
2026-01-07 08:31:08.238000+00:00,2026-01-07 08:31:05.730298+00:00,68.238,0.5700000000000001,0.56,0.58,0.43,0.42,0.44,393.0,264.03,264.03,393.0,0.55,483.0,0.59,459.0,0.54,567.0,0.6,165.0,0.53,439.0,0.61,245.0,0.52,498.0,0.62,419.0,0.51,453.0,0.63,477.0,0.41,469.0,0.45,483.0,0.4,165.0,0.46,567.0,0.39,245.0,0.47,439.0,0.38,419.0,0.48,546.0,0.37,409.0,0.49,404.0
2026-01-07 08:31:09.083000+00:00,2026-01-07 08:31:06.736394+00:00,69.083,0.5700000000000001,0.56,0.58,0.43,0.42,0.44,388.0,264.03,264.03,388.0,0.55,483.0,0.59,469.0,0.54,567.0,0.6,165.0,0.53,439.0,0.61,245.0,0.52,498.0,0.62,419.0,0.51,453.0,0.63,477.0,0.41,469.0,0.45,483.0,0.4,165.0,0.46,567.0,0.39,245.0,0.47,439.0,0.38,419.0,0.48,546.0,0.37,409.0,0.49,404.0
2026-01-07 08:31:10.177000+00:00,2026-01-07 08:31:07.742404+00:00,70.177,0.5700000000000001,0.56,0.58,0.43,0.42,0.44,398.0,254.03,254.03,398.0,0.55,473.0,0.59,469.0,0.54,567.0,0.6,165.0,0.53,439.0,0.61,245.0,0.52,546.0,0.62,419.0,0.51,404.0,0.63,409.0,0.41,469.0,0.45,473.0,0.4,165.0,0.46,567.0,0.39,245.0,0.47,439.0,0.38,419.0,0.48,546.0,0.37,409.0,0.49,404.0
2026-01-07 08:31:11.280000+00:00,2026-01-07 08:31:08.747876+00:00,71.28,0.575,0.57,0.58,0.425,0.42,0.43,135.0,80.0,80.0,155.0,0.56,343.0,0.59,494.0,0.55,423.0,0.6,245.0,0.54,557.0,0.61,265.0,0.53,439.0,0.62,419.0,0.52,546.0,0.63,409.0,0.41,494.0,0.44,353.0,0.4,245.0,0.45,423.0,0.39,265.0,0.46,557.0,0.38,419.0,0.47,439.0,0.37,409.0,0.48,546.0
2026-01-07 08:31:12.281000+00:00,2026-01-07 08:31:09.756408+00:00,72.281,0.565,0.56,0.57,0.435,0.43,0.44,393.0,5.0,5.0,393.0,0.55,478.0,0.58,230.0,0.54,577.0,0.59,454.0,0.53,439.0,0.6,255.0,0.52,498.0,0.61,155.0,0.51,453.0,0.62,419.0,0.42,230.0,0.45,478.0,0.41,454.0,0.46,577.0,0.4,255.0,0.47,439.0,0.39,155.0,0.48,498.0,0.38,419.0,0.49,453.0
2026-01-07 08:31:13.034000+00:00,2026-01-07 08:31:10.775636+00:00,73.034,0.565,0.56,0.57,0.435,0.43,0.44,393.0,5.0,5.0,393.0,0.55,443.0,0.58,225.0,0.54,602.0,0.59,469.0,0.53,449.0,0.6,240.0,0.52,498.0,0.61,155.0,0.51,453.0,0.62,439.0,0.42,225.0,0.45,458.0,0.41,439.0,0.46,567.0,0.4,270.0,0.47,449.0,0.39,155.0,0.48,498.0,0.38,439.0,0.49,453.0
2026-01-07 08:31:14.302000+00:00,2026-01-07 08:31:11.783447+00:00,74.302,0.565,0.56,0.57,0.435,0.43,0.44,353.97,35.0,35.0,353.97,0.55,493.0,0.58,233.98,0.54,567.0,0.59,469.0,0.53,439.0,0.6,265.0,0.52,498.0,0.61,155.0,0.51,439.0,0.62,470.0,0.42,233.98,0.45,493.0,0.41,469.0,0.46,567.0,0.4,265.0,0.47,439.0,0.39,155.0,0.48,498.0,0.38,470.0,0.49,439.0
2026-01-07 08:31:15.098000+00:00,2026-01-07 08:31:12.788077+00:00,75.098,0.565,0.56,0.57,0.435,0.43,0.44,358.97,30.0,30.0,358.97,0.55,508.0,0.58,183.98,0.54,542.0,0.59,489.0,0.53,439.0,0.6,295.0,0.52,498.0,0.61,155.0,0.51,488.0,0.62,404.0,0.42,183.98,0.45,508.0,0.41,489.0,0.46,542.0,0.4,295.0,0.47,439.0,0.39,155.0,0.48,498.0,0.38,404.0,0.49,488.0
2026-01-07 08:31:16.330000+00:00,2026-01-07 08:31:13.795721+00:00,76.33,0.58,0.57,0.59,0.415,0.41,0.42,90.0,454.0,489.0,76.0,0.56,333.97,0.6,265.0,0.55,423.0,0.61,190.0,0.54,643.0,0.62,110.0,0.53,439.0,0.63,259.0,0.52,498.0,0.64,406.4,0.4,295.0,0.43,206.0,0.39,215.0,0.44,353.97,0.38,135.0,0.45,433.0,0.37,226.0,0.46,678.0,0.36,406.4,0.47,439.0
2026-01-07 08:31:17.332000+00:00,2026-01-07 08:31:14.821012+00:00,77.332,0.585,0.58,0.59,0.405,0.4,0.41,308.0,224.0,15.0,65.0,0.57,293.0,0.6,250.0,0.56,343.97,0.61,180.0,0.55,474.0,0.62,115.0,0.54,678.0,0.63,226.0,0.53,439.0,0.64,510.4,0.39,250.0,0.42,264.0,0.38,60.0,0.43,278.0,0.37,131.0,0.44,449.97,0.36,510.4,0.45,439.0,0.35,379.0,0.46,509.0
2026-01-07 08:31:18.354000+00:00,2026-01-07 08:31:15.830440+00:00,78.354,0.605,0.6,0.61,0.395,0.39,0.4,88.0,215.0,165.0,153.0,0.59,303.0,0.62,115.0,0.58,298.0,0.63,10.0,0.57,353.0,0.64,188.4,0.56,459.97,0.65,302.0,0.55,554.0,0.66,559.0,0.38,135.0,0.41,323.0,0.37,10.0,0.42,248.0,0.36,156.0,0.43,358.0,0.35,302.0,0.44,668.97,0.34,559.0,0.45,554.0
2026-01-07 08:31:19.295000+00:00,2026-01-07 08:31:16.837360+00:00,79.295,0.605,0.6,0.61,0.395,0.39,0.4,153.0,157.0,157.0,153.0,0.59,371.4,0.62,145.0,0.58,258.0,0.63,120.0,0.57,358.0,0.64,156.0,0.56,668.97,0.65,232.0,0.55,554.0,0.66,559.0,0.38,145.0,0.41,371.4,0.37,120.0,0.42,258.0,0.36,156.0,0.43,358.0,0.35,232.0,0.44,668.97,0.34,559.0,0.45,554.0
2026-01-07 08:31:20.359000+00:00,2026-01-07 08:31:17.840302+00:00,80.359,0.605,0.6,0.61,0.395,0.39,0.4,113.0,152.0,152.0,113.0,0.59,371.4,0.62,145.0,0.58,328.0,0.63,120.0,0.57,358.0,0.64,156.0,0.56,668.97,0.65,232.0,0.55,554.0,0.66,601.3,0.38,145.0,0.41,371.4,0.37,120.0,0.42,328.0,0.36,156.0,0.43,358.0,0.35,232.0,0.44,668.97,0.34,601.3,0.45,554.0
2026-01-07 08:31:21.258000+00:00,2026-01-07 08:31:18.844584+00:00,81.258,0.605,0.6,0.61,0.395,0.39,0.4,101.38,152.0,156.59,96.38,0.59,441.4,0.62,145.0,0.58,418.0,0.63,120.0,0.57,358.0,0.64,156.0,0.56,663.97,0.65,232.0,0.55,464.0,0.66,601.3,0.38,110.01,0.41,441.4,0.37,120.0,0.42,408.0,0.36,156.0,0.43,348.0,0.35,232.0,0.44,663.97,0.34,601.3,0.45,464.0
2026-01-07 08:31:22.373000+00:00,2026-01-07 08:31:19.851002+00:00,82.373,0.565,0.56,0.57,0.44,0.43,0.45,183.0,50.0,136.59,113.4,0.55,296.4,0.58,10.0,0.54,404.0,0.6,90.0,0.53,409.0,0.61,1053.09,0.52,389.0,0.62,393.0,0.51,449.0,0.63,348.0,0.42,105.0,0.46,303.0,0.41,65.0,0.47,384.0,0.4,186.0,0.48,399.0,0.39,1084.09,0.49,439.0,0.38,454.0,0.5,968.76
2026-01-07 08:31:23.179000+00:00,2026-01-07 08:31:20.844506+00:00,83.179,0.56,0.55,0.57,0.44,0.43,0.45,118.4,399.59,399.59,118.4,0.54,130.0,0.58,358.0,0.53,160.0,0.59,248.0,0.52,95.0,0.6,429.0,0.51,369.0,0.61,854.09,0.5,948.76,0.62,374.0,0.42,358.0,0.46,130.0,0.41,248.0,0.47,160.0,0.4,429.0,0.48,95.0,0.39,854.09,0.49,369.0,0.38,374.0,0.5,948.76
2026-01-07 08:31:24.344000+00:00,2026-01-07 08:31:21.851095+00:00,84.344,0.56,0.55,0.57,0.44,0.43,0.45,123.4,399.59,399.59,123.4,0.54,135.0,0.58,368.0,0.53,150.0,0.59,248.0,0.52,85.0,0.6,499.0,0.51,369.0,0.61,858.99,0.5,948.76,0.62,374.0,0.42,368.0,0.46,145.0,0.41,248.0,0.47,140.0,0.4,499.0,0.48,85.0,0.39,858.99,0.49,369.0,0.38,374.0,0.5,948.76
2026-01-07 08:31:25.343000+00:00,2026-01-07 08:31:22.858771+00:00,85.343,0.565,0.56,0.57,0.435,0.43,0.44,5.0,399.59,248.0,160.0,0.55,123.4,0.58,368.0,0.54,145.0,0.59,248.0,0.53,150.0,0.6,499.0,0.52,75.0,0.61,634.99,0.51,593.0,0.62,374.0,0.42,468.0,0.45,80.0,0.41,248.0,0.46,115.0,0.4,499.0,0.47,150.0,0.39,634.99,0.48,75.0,0.38,374.0,0.49,593.0
2026-01-07 08:31:26.164000+00:00,2026-01-07 08:31:23.864771+00:00,86.164,0.565,0.56,0.57,0.435,0.43,0.44,210.0,218.0,218.0,210.0,0.55,180.0,0.58,408.0,0.54,150.0,0.59,328.0,0.53,110.0,0.6,669.0,0.52,145.0,0.61,570.99,0.51,663.0,0.62,440.0,0.42,408.0,0.45,180.0,0.41,328.0,0.46,150.0,0.4,669.0,0.47,110.0,0.39,570.99,0.48,145.0,0.38,440.0,0.49,663.0
2026-01-07 08:31:27.393000+00:00,2026-01-07 08:31:24.871497+00:00,87.393,0.575,0.57,0.58,0.425,0.42,0.43,138.4,224.0,224.0,168.4,0.56,508.0,0.59,181.59,0.55,338.0,0.6,180.0,0.54,454.0,0.61,366.99,0.53,439.0,0.62,475.0,0.52,449.0,0.63,409.0,0.41,181.59,0.44,498.0,0.4,180.0,0.45,338.0,0.39,366.99,0.46,454.0,0.38,409.0,0.47,439.0,0.37,409.0,0.48,449.0
2026-01-07 08:31:28.417000+00:00,2026-01-07 08:31:25.896913+00:00,88.417,0.59,0.58,0.6,0.4,0.39,0.41,170.0,35.0,577.58,163.4,0.57,222.0,0.61,288.58,0.56,443.0,0.62,374.0,0.55,464.0,0.63,407.0,0.54,678.0,0.64,409.0,0.53,439.0,0.65,379.0,0.38,364.0,0.42,175.0,0.37,369.0,0.43,192.0,0.36,408.0,0.44,453.0,0.35,344.0,0.45,464.0,0.34,524.0,0.46,454.0
2026-01-07 08:31:29.231000+00:00,2026-01-07 08:31:26.908272+00:00,89.231,0.6,0.59,0.61,0.4,0.39,0.41,122.68,567.58,567.58,122.68,0.58,155.0,0.62,70.0,0.57,318.0,0.63,369.0,0.56,453.0,0.64,408.0,0.55,464.0,0.65,344.0,0.54,454.0,0.66,524.0,0.38,70.0,0.42,155.0,0.37,369.0,0.43,318.0,0.36,408.0,0.44,453.0,0.35,344.0,0.45,464.0,0.34,524.0,0.46,454.0
2026-01-07 08:31:30.428000+00:00,2026-01-07 08:31:27.901139+00:00,90.428,0.605,0.6,0.61,0.395,0.39,0.4,297.0,106.59,11.59,347.0,0.59,244.68,0.62,5.0,0.58,317.0,0.63,359.0,0.57,454.0,0.64,383.0,0.56,574.0,0.65,344.0,0.55,429.0,0.66,538.0,0.38,10.0,0.41,264.68,0.37,354.0,0.42,652.0,0.36,334.0,0.43,454.0,0.35,344.0,0.44,574.0,0.34,587.0,0.45,429.0
2026-01-07 08:31:31.422000+00:00,2026-01-07 08:31:28.906384+00:00,91.422,0.655,0.65,0.66,0.345,0.34,0.35,45.0,149.05,184.05,45.0,0.64,105.0,0.67,246.0,0.63,105.0,0.68,439.0,0.62,263.0,0.69,443.99,0.61,263.0,0.7,589.0,0.6,384.0,0.71,494.0,0.33,246.0,0.36,110.0,0.32,439.0,0.37,115.0,0.31,429.0,0.38,263.0,0.3,619.0,0.39,263.0,0.29,474.0,0.4,384.0
2026-01-07 08:31:32.391000+00:00,2026-01-07 08:31:29.898838+00:00,92.391,0.665,0.66,0.67,0.335,0.33,0.34,50.0,318.8,318.8,65.0,0.65,114.31,0.68,419.0,0.64,100.0,0.69,404.0,0.63,80.0,0.7,619.0,0.62,353.0,0.71,489.0,0.61,333.0,0.72,604.0,0.32,419.0,0.35,114.31,0.31,404.0,0.36,100.0,0.3,619.0,0.37,100.0,0.29,489.0,0.38,353.0,0.28,604.0,0.39,333.0
2026-01-07 08:31:33.431000+00:00,2026-01-07 08:31:30.921338+00:00,93.431,0.665,0.66,0.67,0.335,0.33,0.34,50.0,331.8,331.8,65.0,0.65,114.31,0.68,357.6,0.64,95.0,0.69,404.0,0.63,100.0,0.7,649.0,0.62,263.0,0.71,609.0,0.61,333.0,0.72,604.0,0.32,377.6,0.35,114.31,0.31,404.0,0.36,95.0,0.3,644.0,0.37,100.0,0.29,609.0,0.38,353.0,0.28,604.0,0.39,333.0
2026-01-07 08:31:34.442000+00:00,2026-01-07 08:31:31.929823+00:00,94.442,0.665,0.66,0.67,0.335,0.33,0.34,120.0,248.33,248.33,120.0,0.65,99.31,0.68,510.6,0.64,55.0,0.69,509.0,0.63,190.0,0.7,549.0,0.62,263.0,0.71,673.99,0.61,333.0,0.72,589.0,0.32,510.6,0.35,99.31,0.31,509.0,0.36,55.0,0.3,549.0,0.37,190.0,0.29,673.99,0.38,263.0,0.28,589.0,0.39,333.0
2026-01-07 08:31:35.397000+00:00,2026-01-07 08:31:32.936108+00:00,95.397,0.665,0.66,0.67,0.335,0.33,0.34,150.0,278.33,292.33,140.0,0.65,34.31,0.68,363.0,0.64,80.0,0.69,536.7,0.63,235.0,0.7,647.0,0.62,333.0,0.71,504.0,0.61,333.0,0.72,639.0,0.32,363.0,0.35,34.31,0.31,541.7,0.36,80.0,0.3,642.0,0.37,235.0,0.29,504.0,0.38,333.0,0.28,639.0,0.39,333.0
2026-01-07 08:31:36.263000+00:00,2026-01-07 08:31:33.943819+00:00,96.263,0.665,0.66,0.67,0.335,0.33,0.34,210.0,257.33,257.33,195.0,0.65,139.31,0.68,205.0,0.64,125.0,0.69,325.7,0.63,443.0,0.7,642.0,0.62,333.0,0.71,504.0,0.61,454.0,0.72,674.0,0.32,205.0,0.35,139.31,0.31,325.7,0.36,125.0,0.3,642.0,0.37,443.0,0.29,504.0,0.38,333.0,0.28,674.0,0.39,454.0
2026-01-07 08:31:37.416000+00:00,2026-01-07 08:31:34.951549+00:00,97.416,0.665,0.66,0.67,0.335,0.33,0.34,185.0,252.33,252.33,180.0,0.65,169.31,0.68,210.0,0.64,125.0,0.69,318.0,0.63,443.0,0.7,632.0,0.62,333.0,0.71,563.0,0.61,454.0,0.72,644.0,0.32,210.0,0.35,169.31,0.31,318.0,0.36,125.0,0.3,632.0,0.37,443.0,0.29,563.0,0.38,333.0,0.28,644.0,0.39,454.0
2026-01-07 08:31:38.468000+00:00,2026-01-07 08:31:35.956203+00:00,98.468,0.665,0.66,0.67,0.335,0.33,0.34,135.0,257.33,257.33,135.0,0.65,219.31,0.68,240.0,0.64,125.0,0.69,303.0,0.63,443.0,0.7,632.0,0.62,333.0,0.71,533.0,0.61,454.0,0.72,644.0,0.32,240.0,0.35,219.31,0.31,303.0,0.36,125.0,0.3,642.0,0.37,443.0,0.29,533.0,0.38,333.0,0.28,644.0,0.39,454.0
2026-01-07 08:31:39.280000+00:00,2026-01-07 08:31:36.964773+00:00,99.28,0.665,0.66,0.67,0.335,0.33,0.34,155.0,257.33,257.33,140.0,0.65,219.31,0.68,240.0,0.64,308.0,0.69,190.0,0.63,443.0,0.7,642.0,0.62,333.0,0.71,533.0,0.61,454.0,0.72,644.0,0.32,240.0,0.35,219.31,0.31,190.0,0.36,308.0,0.3,642.0,0.37,443.0,0.29,533.0,0.38,333.0,0.28,644.0,0.39,454.0
2026-01-07 08:31:40.482000+00:00,2026-01-07 08:31:37.973483+00:00,100.482,0.665,0.66,0.67,0.335,0.33,0.34,51.58,252.33,252.33,51.58,0.65,219.31,0.68,260.0,0.64,308.0,0.69,190.0,0.63,443.0,0.7,642.0,0.62,333.0,0.71,533.0,0.61,454.0,0.72,644.0,0.32,260.0,0.35,219.31,0.31,190.0,0.36,308.0,0.3,642.0,0.37,443.0,0.29,533.0,0.38,333.0,0.28,644.0,0.39,454.0
2026-01-07 08:31:41.513000+00:00,2026-01-07 08:31:38.995933+00:00,101.513,0.665,0.66,0.67,0.335,0.33,0.34,186.58,217.47,217.47,368.94,0.65,236.31,0.68,85.0,0.64,333.0,0.69,205.0,0.63,564.0,0.7,524.0,0.62,454.0,0.71,543.0,0.61,419.0,0.72,590.0,0.32,10.0,0.35,236.31,0.31,115.0,0.36,423.0,0.3,579.0,0.37,474.0,0.29,469.0,0.38,454.0,0.28,636.9,0.39,419.0
2026-01-07 08:31:42.480000+00:00,2026-01-07 08:31:40.000814+00:00,102.48,0.665,0.66,0.67,0.335,0.33,0.34,313.68,215.47,215.47,313.68,0.65,307.31,0.68,10.0,0.64,423.0,0.69,115.0,0.63,474.0,0.7,275.0,0.62,454.0,0.71,165.0,0.61,419.0,0.72,796.9,0.32,10.0,0.35,307.31,0.31,115.0,0.36,423.0,0.3,275.0,0.37,474.0,0.29,165.0,0.38,454.0,0.28,796.9,0.39,419.0
2026-01-07 08:31:43.491000+00:00,2026-01-07 08:31:40.990586+00:00,103.491,0.665,0.66,0.67,0.335,0.33,0.34,194.85,209.63,184.63,209.85,0.65,252.31,0.68,60.0,0.64,258.0,0.69,252.0,0.63,454.0,0.7,731.0,0.62,454.0,0.71,543.0,0.61,454.0,0.72,620.9,0.32,40.0,0.35,272.31,0.31,302.0,0.36,273.0,0.3,581.0,0.37,494.0,0.29,582.99,0.38,454.0,0.28,650.9,0.39,454.0
2026-01-07 08:31:44.517000+00:00,2026-01-07 08:31:41.996984+00:00,104.517,0.665,0.66,0.67,0.335,0.33,0.34,69.82,179.63,179.63,74.82,0.65,114.31,0.68,110.0,0.64,202.0,0.69,293.0,0.63,312.0,0.7,559.0,0.62,454.0,0.71,459.0,0.61,419.0,0.72,776.9,0.32,20.0,0.35,124.31,0.31,303.0,0.36,202.0,0.3,559.0,0.37,312.0,0.29,459.0,0.38,454.0,0.28,690.9,0.39,419.0
2026-01-07 08:31:45.516000+00:00,2026-01-07 08:31:43.020421+00:00,105.516,0.665,0.66,0.67,0.335,0.33,0.34,282.82,169.63,169.63,282.82,0.65,357.31,0.68,10.0,0.64,333.0,0.69,115.0,0.63,474.0,0.7,335.0,0.62,454.0,0.71,264.99,0.61,643.0,0.72,741.9,0.32,10.0,0.35,357.31,0.31,115.0,0.36,333.0,0.3,335.0,0.37,474.0,0.29,185.0,0.38,454.0,0.28,776.9,0.39,643.0
2026-01-07 08:31:46.453000+00:00,2026-01-07 08:31:44.041113+00:00,106.453,0.665,0.66,0.67,0.335,0.33,0.34,292.82,154.7,150.96,292.82,0.65,357.31,0.68,10.0,0.64,333.0,0.69,135.0,0.63,474.0,0.7,845.0,0.62,454.0,0.71,185.0,0.61,643.0,0.72,776.9,0.32,10.0,0.35,357.31,0.31,135.0,0.36,333.0,0.3,845.0,0.37,474.0,0.29,185.0,0.38,454.0,0.28,776.9,0.39,643.0
2026-01-07 08:31:47.551000+00:00,2026-01-07 08:31:45.046558+00:00,107.551,0.665,0.66,0.67,0.335,0.33,0.34,272.82,150.96,150.96,317.82,0.65,317.31,0.68,5.0,0.64,333.0,0.69,25.0,0.63,474.0,0.7,825.0,0.62,454.0,0.71,195.0,0.61,643.0,0.72,806.9,0.32,80.0,0.35,317.31,0.31,100.0,0.36,333.0,0.3,835.0,0.37,474.0,0.29,175.0,0.38,454.0,0.28,806.9,0.39,643.0
2026-01-07 08:31:48.573000+00:00,2026-01-07 08:31:46.051029+00:00,108.573,0.665,0.66,0.67,0.335,0.33,0.34,277.82,140.96,140.96,277.82,0.65,347.31,0.68,85.0,0.64,333.0,0.69,115.0,0.63,474.0,0.7,835.0,0.62,454.0,0.71,344.99,0.61,643.0,0.72,706.9,0.32,85.0,0.35,347.31,0.31,115.0,0.36,333.0,0.3,835.0,0.37,474.0,0.29,344.99,0.38,454.0,0.28,706.9,0.39,643.0
2026-01-07 08:31:49.562000+00:00,2026-01-07 08:31:47.073305+00:00,109.562,0.665,0.66,0.67,0.335,0.33,0.34,347.82,135.96,135.96,347.82,0.65,317.31,0.68,85.0,0.64,333.0,0.69,115.0,0.63,474.0,0.7,835.0,0.62,454.0,0.71,185.0,0.61,643.0,0.72,776.9,0.32,85.0,0.35,317.31,0.31,115.0,0.36,333.0,0.3,835.0,0.37,474.0,0.29,185.0,0.38,454.0,0.28,776.9,0.39,643.0
2026-01-07 08:31:50.587000+00:00,2026-01-07 08:31:48.078350+00:00,110.587,0.665,0.66,0.67,0.335,0.33,0.34,232.82,152.0,152.0,232.82,0.65,312.31,0.68,95.0,0.64,333.0,0.69,115.0,0.63,474.0,0.7,1088.0,0.62,454.0,0.71,260.0,0.61,643.0,0.72,635.9,0.32,95.0,0.35,312.31,0.31,115.0,0.36,333.0,0.3,1088.0,0.37,474.0,0.29,260.0,0.38,454.0,0.28,635.9,0.39,643.0
2026-01-07 08:31:51.587000+00:00,2026-01-07 08:31:49.084637+00:00,111.587,0.665,0.66,0.67,0.335,0.33,0.34,39.82,152.0,137.0,39.82,0.65,49.31,0.68,95.0,0.64,498.0,0.69,195.0,0.63,484.0,0.7,1068.0,0.62,454.0,0.71,458.0,0.61,643.0,0.72,706.9,0.32,85.0,0.35,49.31,0.31,185.0,0.36,463.0,0.3,1088.0,0.37,474.0,0.29,458.0,0.38,454.0,0.28,706.9,0.39,643.0
2026-01-07 08:31:52.349000+00:00,2026-01-07 08:31:50.075889+00:00,112.349,0.665,0.66,0.67,0.335,0.33,0.34,211.82,122.0,122.0,272.82,0.65,206.31,0.68,95.0,0.64,333.0,0.69,105.0,0.63,474.0,0.7,948.0,0.62,454.0,0.71,527.99,0.61,756.0,0.72,693.0,0.32,95.0,0.35,267.31,0.31,105.0,0.36,333.0,0.3,765.0,0.37,474.0,0.29,344.99,0.38,454.0,0.28,693.0,0.39,756.0
2026-01-07 08:31:53.687000+00:00,2026-01-07 08:31:51.080226+00:00,113.687,0.665,0.66,0.67,0.335,0.33,0.34,228.99,127.0,127.0,227.06,0.65,302.31,0.68,105.0,0.64,343.0,0.69,105.0,0.63,474.0,0.7,935.0,0.62,454.0,0.71,245.0,0.61,756.0,0.72,693.0,0.32,105.0,0.35,302.31,0.31,195.0,0.36,343.0,0.3,935.0,0.37,474.0,0.29,260.0,0.38,544.0,0.28,678.0,0.39,756.0
2026-01-07 08:31:54.604000+00:00,2026-01-07 08:31:52.089739+00:00,114.604,0.665,0.66,0.67,0.335,0.33,0.34,227.06,142.0,127.0,227.06,0.65,302.31,0.68,105.0,0.64,343.0,0.69,195.0,0.63,474.0,0.7,850.0,0.62,544.0,0.71,275.0,0.61,756.0,0.72,663.0,0.32,105.0,0.35,302.31,0.31,195.0,0.36,343.0,0.3,935.0,0.37,474.0,0.29,275.0,0.38,544.0,0.28,663.0,0.39,756.0
2026-01-07 08:31:55.390000+00:00,2026-01-07 08:31:53.112865+00:00,115.39,0.665,0.66,0.67,0.335,0.33,0.34,222.06,127.0,127.0,219.11,0.65,297.31,0.68,95.0,0.64,333.0,0.69,230.0,0.63,474.0,0.7,910.0,0.62,544.0,0.71,300.0,0.61,692.0,0.72,660.0,0.32,95.0,0.35,297.31,0.31,230.0,0.36,333.0,0.3,910.0,0.37,474.0,0.29,300.0,0.38,544.0,0.28,660.0,0.39,692.0
2026-01-07 08:31:56.372000+00:00,2026-01-07 08:31:54.118354+00:00,116.372,0.665,0.66,0.67,0.335,0.33,0.34,234.11,120.19,120.19,259.11,0.65,297.31,0.68,100.0,0.64,333.0,0.69,230.0,0.63,474.0,0.7,900.0,0.62,544.0,0.71,320.0,0.61,756.0,0.72,663.0,0.32,80.0,0.35,267.31,0.31,240.0,0.36,333.0,0.3,900.0,0.37,474.0,0.29,300.0,0.38,454.0,0.28,693.0,0.39,756.0
2026-01-07 08:31:57.134000+00:00,2026-01-07 08:31:55.107445+00:00,117.134,0.665,0.66,0.67,0.335,0.33,0.34,264.11,248.19,248.19,264.11,0.65,267.31,0.68,80.0,0.64,423.0,0.69,240.0,0.63,474.0,0.7,900.0,0.62,454.0,0.71,330.0,0.61,756.0,0.72,663.0,0.32,80.0,0.35,267.31,0.31,240.0,0.36,423.0,0.3,900.0,0.37,474.0,0.29,330.0,0.38,454.0,0.28,663.0,0.39,756.0
2026-01-07 08:31:58.627000+00:00,2026-01-07 08:31:56.115480+00:00,118.627,0.665,0.66,0.67,0.335,0.33,0.34,244.11,248.19,248.19,234.11,0.65,287.31,0.68,100.0,0.64,423.0,0.69,240.0,0.63,474.0,0.7,880.0,0.62,454.0,0.71,300.0,0.61,756.0,0.72,693.0,0.32,100.0,0.35,287.31,0.31,240.0,0.36,423.0,0.3,880.0,0.37,474.0,0.29,300.0,0.38,454.0,0.28,663.0,0.39,756.0
2026-01-07 08:31:59.579000+00:00,2026-01-07 08:31:57.134713+00:00,119.579,0.665,0.66,0.67,0.335,0.33,0.34,234.11,243.19,243.19,234.11,0.65,297.31,0.68,100.0,0.64,423.0,0.69,240.0,0.63,474.0,0.7,900.0,0.62,454.0,0.71,310.0,0.61,692.0,0.72,660.0,0.32,100.0,0.35,297.31,0.31,240.0,0.36,423.0,0.3,900.0,0.37,474.0,0.29,310.0,0.38,454.0,0.28,663.0,0.39,692.0
2026-01-07 08:32:00.699000+00:00,2026-01-07 08:31:58.147851+00:00,120.699,0.665,0.66,0.67,0.335,0.33,0.34,284.11,20.0,20.0,294.11,0.65,428.31,0.68,15.0,0.64,544.0,0.69,125.0,0.63,474.0,0.7,755.0,0.62,454.0,0.71,344.99,0.61,532.0,0.72,698.0,0.32,15.0,0.35,428.31,0.31,125.0,0.36,454.0,0.3,961.59,0.37,474.0,0.29,289.99,0.38,454.0,0.28,693.0,0.39,532.0
2026-01-07 08:32:01.698000+00:00,2026-01-07 08:31:59.167717+00:00,121.698,0.685,0.68,0.69,0.315,0.31,0.32,158.0,905.97,1127.97,61.0,0.67,153.0,0.7,998.0,0.66,183.0,0.71,513.0,0.65,338.31,0.72,513.0,0.64,384.0,0.73,550.0,0.63,429.0,0.74,574.0,0.3,998.0,0.33,81.0,0.29,574.0,0.36,228.0,0.28,574.0,0.37,378.0,0.27,611.0,0.38,258.0,0.26,574.0,0.39,418.0
2026-01-07 08:32:02.627000+00:00,2026-01-07 08:32:00.173445+00:00,122.627,0.635,0.63,0.64,0.37,0.36,0.38,80.0,4.12,134.1,140.0,0.62,150.0,0.65,205.0,0.61,333.0,0.66,75.0,0.6,593.0,0.67,403.0,0.59,427.4,0.68,308.0,0.58,409.0,0.69,670.2,0.35,150.0,0.39,298.0,0.34,25.0,0.4,593.0,0.33,393.0,0.41,427.4,0.32,308.0,0.42,409.0,0.31,670.2,0.43,334.0
2026-01-07 08:32:03.689000+00:00,2026-01-07 08:32:01.178632+00:00,123.689,0.595,0.59,0.6,0.405,0.4,0.41,137.4,65.0,65.0,137.4,0.58,374.0,0.61,170.0,0.57,429.0,0.62,227.0,0.56,384.0,0.63,323.0,0.55,424.0,0.64,368.0,0.54,468.0,0.65,545.0,0.39,170.0,0.42,253.0,0.38,288.0,0.43,429.0,0.37,323.0,0.44,384.0,0.36,368.0,0.45,424.0,0.35,545.0,0.46,468.0
2026-01-07 08:32:04.684000+00:00,2026-01-07 08:32:02.170519+00:00,124.684,0.595,0.59,0.6,0.405,0.4,0.41,167.4,115.0,113.0,127.4,0.58,333.0,0.61,100.0,0.57,418.89,0.62,258.0,0.56,384.0,0.63,303.0,0.55,480.0,0.64,388.0,0.54,414.0,0.65,474.0,0.39,100.0,0.42,318.0,0.38,258.0,0.43,418.89,0.37,313.0,0.44,384.0,0.36,388.0,0.45,480.0,0.35,474.0,0.46,414.0
2026-01-07 08:32:05.697000+00:00,2026-01-07 08:32:03.177683+00:00,125.697,0.595,0.59,0.6,0.405,0.4,0.41,227.4,113.0,113.0,227.4,0.58,288.0,0.61,105.0,0.57,428.9,0.62,308.0,0.56,384.0,0.63,383.0,0.55,424.0,0.64,478.0,0.54,379.0,0.65,534.0,0.39,105.0,0.42,288.0,0.38,308.0,0.43,428.9,0.37,383.0,0.44,384.0,0.36,478.0,0.45,424.0,0.35,605.0,0.46,433.0
2026-01-07 08:32:06.665000+00:00,2026-01-07 08:32:04.182802+00:00,126.665,0.595,0.59,0.6,0.405,0.4,0.41,250.39,12.0,12.0,250.39,0.58,253.0,0.61,205.0,0.57,486.9,0.62,308.0,0.56,384.0,0.63,388.0,0.55,469.0,0.64,368.0,0.54,449.0,0.65,634.0,0.39,170.0,0.42,253.0,0.38,333.0,0.43,486.9,0.37,363.0,0.44,384.0,0.36,368.0,0.45,469.0,0.35,634.0,0.46,449.0
2026-01-07 08:32:07.662000+00:00,2026-01-07 08:32:05.189633+00:00,127.662,0.595,0.59,0.6,0.405,0.4,0.41,272.39,12.0,12.0,272.39,0.58,70.0,0.61,170.0,0.57,556.9,0.62,333.0,0.56,454.0,0.63,373.0,0.55,763.0,0.64,358.0,0.54,449.0,0.65,634.0,0.39,170.0,0.42,70.0,0.38,333.0,0.43,556.9,0.37,373.0,0.44,454.0,0.36,358.0,0.45,763.0,0.35,634.0,0.46,449.0
2026-01-07 08:32:08.719000+00:00,2026-01-07 08:32:06.211645+00:00,128.719,0.595,0.59,0.6,0.405,0.4,0.41,317.39,12.0,12.0,317.39,0.58,192.0,0.61,175.0,0.57,556.9,0.62,165.0,0.56,454.0,0.63,160.0,0.55,763.0,0.64,378.0,0.54,449.0,0.65,513.0,0.39,175.0,0.42,253.0,0.38,165.0,0.43,556.9,0.37,160.0,0.44,454.0,0.36,378.0,0.45,763.0,0.35,513.0,0.46,449.0
2026-01-07 08:32:09.523000+00:00,2026-01-07 08:32:07.219024+00:00,129.523,0.595,0.59,0.6,0.405,0.4,0.41,317.4,7.0,7.0,277.4,0.58,253.0,0.61,175.0,0.57,556.9,0.62,165.0,0.56,454.0,0.63,160.0,0.55,763.0,0.64,368.0,0.54,449.0,0.65,543.0,0.39,170.0,0.42,253.0,0.38,155.0,0.43,556.9,0.37,140.0,0.44,454.0,0.36,368.0,0.45,763.0,0.35,543.0,0.46,449.0
2026-01-07 08:32:10.745000+00:00,2026-01-07 08:32:08.227288+00:00,130.745,0.635,0.63,0.64,0.355,0.35,0.36,102.0,28.22,85.0,98.78,0.62,398.0,0.65,85.0,0.61,263.0,0.66,25.0,0.6,616.0,0.67,87.0,0.59,960.4,0.68,155.0,0.58,469.0,0.69,278.6,0.34,25.0,0.37,245.0,0.33,137.0,0.38,333.0,0.32,140.0,0.39,278.0,0.31,268.6,0.4,536.0,0.3,1014.0,0.41,960.4
2026-01-07 08:32:11.651000+00:00,2026-01-07 08:32:09.229543+00:00,131.651,0.645,0.64,0.65,0.355,0.35,0.36,288.12,80.0,80.0,298.12,0.63,484.0,0.66,30.0,0.62,384.0,0.67,67.0,0.61,339.0,0.68,165.0,0.6,517.0,0.69,265.0,0.59,498.6,0.7,868.0,0.34,25.0,0.37,534.0,0.33,62.0,0.38,384.0,0.32,45.0,0.39,713.0,0.31,235.0,0.4,517.0,0.3,651.59,0.41,498.6
2026-01-07 08:32:12.745000+00:00,2026-01-07 08:32:10.233032+00:00,132.745,0.665,0.66,0.67,0.335,0.33,0.34,233.7,46.88,33.89,230.4,0.65,323.0,0.68,65.0,0.64,389.12,0.69,90.0,0.63,374.0,0.7,880.0,0.62,419.2,0.71,185.0,0.61,598.0,0.72,363.0,0.32,55.0,0.35,303.0,0.31,100.0,0.36,419.12,0.3,835.0,0.37,374.0,0.29,210.0,0.38,485.2,0.28,363.0,0.39,598.0
2026-01-07 08:32:13.752000+00:00,2026-01-07 08:32:11.236132+00:00,133.752,0.665,0.66,0.67,0.335,0.33,0.34,245.4,26.89,46.89,240.48,0.65,323.0,0.68,45.0,0.64,395.12,0.69,90.0,0.63,394.0,0.7,915.0,0.62,485.2,0.71,175.0,0.61,598.0,0.72,353.0,0.32,55.0,0.35,288.0,0.31,80.0,0.36,395.12,0.3,915.0,0.37,394.0,0.29,185.0,0.38,485.2,0.28,353.0,0.39,598.0
2026-01-07 08:32:14.691000+00:00,2026-01-07 08:32:12.226372+00:00,134.691,0.665,0.66,0.67,0.335,0.33,0.34,235.48,111.89,106.89,95.0,0.65,178.0,0.68,474.0,0.64,390.12,0.69,255.0,0.63,469.0,0.7,1075.0,0.62,394.0,0.71,392.0,0.61,304.0,0.72,561.0,0.32,564.0,0.35,178.0,0.31,255.0,0.36,390.12,0.3,1046.0,0.37,559.0,0.29,453.0,0.38,394.0,0.28,561.0,0.39,304.0
2026-01-07 08:32:15.734000+00:00,2026-01-07 08:32:13.215248+00:00,135.734,0.665,0.66,0.67,0.335,0.33,0.34,95.0,106.89,91.89,140.0,0.65,178.0,0.68,449.0,0.64,390.12,0.69,320.0,0.63,569.0,0.7,1061.0,0.62,384.0,0.71,495.7,0.61,374.0,0.72,529.0,0.32,349.0,0.35,223.0,0.31,190.0,0.36,395.12,0.3,1027.98,0.37,484.0,0.29,510.7,0.38,384.0,0.28,625.0,0.39,374.0
2026-01-07 08:32:16.725000+00:00,2026-01-07 08:32:14.223187+00:00,136.725,0.675,0.67,0.68,0.325,0.32,0.33,52.6,125.12,135.12,82.6,0.66,100.0,0.69,295.0,0.65,263.0,0.7,1052.98,0.64,475.12,0.71,468.0,0.63,394.0,0.72,628.0,0.62,488.7,0.73,519.0,0.31,170.0,0.34,65.0,0.3,838.0,0.35,248.0,0.29,428.0,0.36,475.12,0.28,573.0,0.37,394.0,0.27,449.0,0.38,677.7
2026-01-07 08:32:17.743000+00:00,2026-01-07 08:32:15.240974+00:00,137.743,0.675,0.67,0.68,0.325,0.32,0.33,142.6,130.12,130.12,142.6,0.66,145.0,0.69,215.0,0.65,438.0,0.7,865.0,0.64,465.12,0.71,190.0,0.63,464.0,0.72,348.0,0.62,743.7,0.73,542.0,0.31,215.0,0.34,145.0,0.3,865.0,0.35,438.0,0.29,190.0,0.36,465.12,0.28,348.0,0.37,464.0,0.27,542.0,0.38,743.7
2026-01-07 08:32:18.763000+00:00,2026-01-07 08:32:16.247658+00:00,138.763,0.675,0.67,0.68,0.325,0.32,0.33,147.6,120.12,135.12,167.6,0.66,205.0,0.69,200.0,0.65,383.0,0.7,885.0,0.64,455.12,0.71,205.0,0.63,444.0,0.72,338.0,0.62,709.0,0.73,586.4,0.31,200.0,0.34,205.0,0.3,885.0,0.35,383.0,0.29,205.0,0.36,455.12,0.28,338.0,0.37,444.0,0.27,586.4,0.38,709.0
2026-01-07 08:32:19.738000+00:00,2026-01-07 08:32:17.254779+00:00,139.738,0.675,0.67,0.68,0.325,0.32,0.33,40.0,275.12,267.76,40.0,0.66,170.0,0.69,220.0,0.65,258.0,0.7,770.0,0.64,455.12,0.71,446.7,0.63,534.0,0.72,494.0,0.62,678.0,0.73,529.0,0.31,220.0,0.34,170.0,0.3,770.0,0.35,258.0,0.29,446.7,0.36,455.12,0.28,494.0,0.37,534.0,0.27,529.0,0.38,678.0
2026-01-07 08:32:20.726000+00:00,2026-01-07 08:32:18.262440+00:00,140.726,0.675,0.67,0.68,0.325,0.32,0.33,30.0,230.41,215.41,30.0,0.66,170.0,0.69,235.0,0.65,188.0,0.7,770.0,0.64,525.12,0.71,446.7,0.63,534.0,0.72,424.0,0.62,678.0,0.73,529.0,0.31,235.0,0.34,170.0,0.3,770.0,0.35,188.0,0.29,446.7,0.36,525.12,0.28,424.0,0.37,534.0,0.27,529.0,0.38,678.0
2026-01-07 08:32:21.782000+00:00,2026-01-07 08:32:19.268476+00:00,141.782,0.675,0.67,0.68,0.325,0.32,0.33,56.96,190.41,185.94,56.96,0.66,170.0,0.69,235.0,0.65,188.0,0.7,770.0,0.64,525.12,0.71,413.0,0.63,534.0,0.72,473.0,0.62,678.0,0.73,529.0,0.31,235.0,0.34,170.0,0.3,770.0,0.35,188.0,0.29,413.0,0.36,525.12,0.28,473.0,0.37,534.0,0.27,529.0,0.38,678.0
2026-01-07 08:32:22.782000+00:00,2026-01-07 08:32:20.280495+00:00,142.782,0.675,0.67,0.68,0.325,0.32,0.33,126.96,185.94,185.94,126.96,0.66,240.0,0.69,235.0,0.65,258.0,0.7,770.0,0.64,455.12,0.71,403.0,0.63,534.0,0.72,473.0,0.62,678.0,0.73,529.0,0.31,235.0,0.34,240.0,0.3,780.0,0.35,258.0,0.29,403.0,0.36,455.12,0.28,476.0,0.37,534.0,0.27,529.0,0.38,678.0
2026-01-07 08:32:23.653000+00:00,2026-01-07 08:32:21.283841+00:00,143.653,0.675,0.67,0.68,0.325,0.32,0.33,136.96,223.94,223.94,136.96,0.66,230.0,0.69,345.0,0.65,258.0,0.7,745.0,0.64,552.93,0.71,418.0,0.63,444.0,0.72,476.0,0.62,678.0,0.73,529.0,0.31,345.0,0.34,210.0,0.3,725.0,0.35,248.0,0.29,418.0,0.36,552.93,0.28,476.0,0.37,444.0,0.27,529.0,0.38,678.0
2026-01-07 08:32:24.801000+00:00,2026-01-07 08:32:22.285023+00:00,144.801,0.685,0.68,0.69,0.315,0.31,0.32,210.0,90.0,75.0,215.0,0.67,236.96,0.7,645.0,0.66,348.0,0.71,321.59,0.65,394.0,0.72,422.0,0.64,462.93,0.73,572.0,0.63,409.0,0.74,449.0,0.3,645.0,0.33,236.96,0.29,321.59,0.34,438.0,0.28,373.0,0.35,394.0,0.27,572.0,0.36,462.93,0.26,449.0,0.37,409.0
2026-01-07 08:32:25.829000+00:00,2026-01-07 08:32:23.307623+00:00,145.829,0.685,0.68,0.69,0.315,0.31,0.32,165.0,85.0,100.0,160.0,0.67,161.96,0.7,759.98,0.66,438.0,0.71,265.0,0.65,394.0,0.72,373.0,0.64,686.93,0.73,424.0,0.63,409.0,0.74,459.0,0.3,779.98,0.33,211.96,0.29,275.0,0.34,438.0,0.28,472.0,0.35,394.0,0.27,424.0,0.36,686.93,0.26,459.0,0.37,409.0
2026-01-07 08:32:26.811000+00:00,2026-01-07 08:32:24.311075+00:00,146.811,0.685,0.68,0.69,0.315,0.31,0.32,135.3,120.0,80.0,135.3,0.67,141.96,0.7,794.98,0.66,245.0,0.71,335.0,0.65,394.0,0.72,399.0,0.64,686.93,0.73,459.0,0.63,409.0,0.74,449.0,0.3,794.98,0.33,141.96,0.29,320.0,0.34,245.0,0.28,414.0,0.35,394.0,0.27,459.0,0.36,686.93,0.26,487.7,0.37,409.0
2026-01-07 08:32:27.834000+00:00,2026-01-07 08:32:25.319970+00:00,147.834,0.685,0.68,0.69,0.315,0.31,0.32,135.3,70.0,70.0,135.3,0.67,141.96,0.7,864.98,0.66,205.0,0.71,220.0,0.65,394.0,0.72,447.0,0.64,686.93,0.73,449.0,0.63,409.0,0.74,497.7,0.3,789.98,0.33,141.96,0.29,220.0,0.34,205.0,0.28,447.0,0.35,394.0,0.27,449.0,0.36,686.93,0.26,497.7,0.37,409.0
2026-01-07 08:32:28.824000+00:00,2026-01-07 08:32:26.326199+00:00,148.824,0.675,0.67,0.68,0.325,0.32,0.33,11.96,115.0,105.0,11.96,0.66,170.0,0.69,387.0,0.65,309.0,0.7,806.98,0.64,532.93,0.71,483.0,0.63,444.0,0.72,615.0,0.62,488.0,0.73,529.0,0.31,448.0,0.34,160.0,0.3,867.98,0.35,65.0,0.29,413.0,0.36,532.93,0.28,545.0,0.37,444.0,0.27,459.0,0.38,488.0
2026-01-07 08:32:29.831000+00:00,2026-01-07 08:32:27.331775+00:00,149.831,0.67,0.66,0.68,0.33,0.32,0.34,133.91,105.0,105.0,110.86,0.65,75.0,0.69,448.0,0.64,532.93,0.7,867.98,0.63,444.0,0.71,413.0,0.62,488.0,0.72,545.0,0.61,464.0,0.73,459.0,0.31,448.0,0.35,75.0,0.3,867.98,0.36,532.93,0.29,413.0,0.37,444.0,0.28,545.0,0.38,488.0,0.27,459.0,0.39,464.0
2026-01-07 08:32:30.864000+00:00,2026-01-07 08:32:28.352571+00:00,150.864,0.665,0.66,0.67,0.335,0.33,0.34,27.81,100.0,100.0,27.81,0.65,80.0,0.68,155.0,0.64,532.93,0.69,403.0,0.63,444.0,0.7,887.98,0.62,439.0,0.71,383.0,0.61,504.9,0.72,545.0,0.32,155.0,0.35,80.0,0.31,403.0,0.36,532.93,0.3,887.98,0.37,444.0,0.29,383.0,0.38,439.0,0.28,545.0,0.39,504.9
2026-01-07 08:32:31.876000+00:00,2026-01-07 08:32:29.358815+00:00,151.876,0.655,0.65,0.66,0.345,0.34,0.35,35.0,45.0,45.0,40.0,0.64,507.93,0.67,140.0,0.63,399.0,0.68,100.0,0.62,678.0,0.69,378.0,0.61,513.9,0.7,867.98,0.6,427.33,0.71,383.0,0.33,155.0,0.36,527.93,0.32,115.0,0.37,399.0,0.31,298.0,0.38,678.0,0.3,887.98,0.39,513.9,0.29,383.0,0.4,517.33
2026-01-07 08:32:32.794000+00:00,2026-01-07 08:32:30.367261+00:00,152.794,0.655,0.65,0.66,0.345,0.34,0.35,75.0,100.0,100.0,75.0,0.64,542.93,0.67,125.0,0.63,464.0,0.68,170.0,0.62,678.0,0.69,323.0,0.61,513.9,0.7,887.98,0.6,462.33,0.71,383.0,0.33,125.0,0.36,542.93,0.32,170.0,0.37,464.0,0.31,323.0,0.38,678.0,0.3,887.98,0.39,513.9,0.29,383.0,0.4,462.33
2026-01-07 08:32:33.870000+00:00,2026-01-07 08:32:31.388782+00:00,153.87,0.655,0.65,0.66,0.345,0.34,0.35,75.0,91.24,91.24,75.0,0.64,542.93,0.67,105.0,0.63,464.0,0.68,180.0,0.62,678.0,0.69,323.0,0.61,513.9,0.7,887.98,0.6,462.33,0.71,383.0,0.33,105.0,0.36,542.93,0.32,190.0,0.37,464.0,0.31,323.0,0.38,678.0,0.3,887.98,0.39,513.9,0.29,383.0,0.4,462.33
2026-01-07 08:32:34.917000+00:00,2026-01-07 08:32:32.398130+00:00,154.917,0.655,0.65,0.66,0.345,0.34,0.35,80.0,91.24,91.24,80.0,0.64,542.93,0.67,95.0,0.63,464.0,0.68,200.0,0.62,678.0,0.69,323.0,0.61,513.9,0.7,887.98,0.6,462.33,0.71,383.0,0.33,95.0,0.36,542.93,0.32,200.0,0.37,464.0,0.31,323.0,0.38,678.0,0.3,887.98,0.39,513.9,0.29,383.0,0.4,462.33
2026-01-07 08:32:35.785000+00:00,2026-01-07 08:32:33.407050+00:00,155.785,0.655,0.65,0.66,0.345,0.34,0.35,80.0,91.24,86.24,80.0,0.64,542.93,0.67,115.0,0.63,464.0,0.68,424.0,0.62,678.0,0.69,323.0,0.61,513.9,0.7,867.98,0.6,462.33,0.71,383.0,0.33,115.0,0.36,542.93,0.32,424.0,0.37,464.0,0.31,323.0,0.38,678.0,0.3,867.98,0.39,513.9,0.29,383.0,0.4,462.33
2026-01-07 08:32:36.896000+00:00,2026-01-07 08:32:34.432026+00:00,156.896,0.655,0.65,0.66,0.345,0.34,0.35,100.0,82.81,82.81,100.0,0.64,542.93,0.67,115.0,0.63,464.0,0.68,424.0,0.62,678.0,0.69,323.0,0.61,513.9,0.7,867.98,0.6,462.33,0.71,383.0,0.33,115.0,0.36,542.93,0.32,424.0,0.37,464.0,0.31,323.0,0.38,678.0,0.3,867.98,0.39,513.9,0.29,383.0,0.4,462.33
2026-01-07 08:32:37.913000+00:00,2026-01-07 08:32:35.435882+00:00,157.913,0.655,0.65,0.66,0.345,0.34,0.35,100.0,82.81,82.81,100.0,0.64,542.93,0.67,125.0,0.63,464.0,0.68,414.0,0.62,678.0,0.69,323.0,0.61,513.9,0.7,867.98,0.6,462.33,0.71,383.0,0.33,125.0,0.36,542.93,0.32,414.0,0.37,464.0,0.31,323.0,0.38,678.0,0.3,867.98,0.39,513.9,0.29,383.0,0.4,462.33
2026-01-07 08:32:38.687000+00:00,2026-01-07 08:32:36.445263+00:00,158.687,0.655,0.65,0.66,0.345,0.34,0.35,110.0,76.81,76.81,110.0,0.64,532.93,0.67,125.0,0.63,464.0,0.68,414.0,0.62,744.0,0.69,323.0,0.61,449.9,0.7,867.98,0.6,504.33,0.71,383.0,0.33,125.0,0.36,532.93,0.32,414.0,0.37,464.0,0.31,323.0,0.38,744.0,0.3,867.98,0.39,449.9,0.29,383.0,0.4,504.33
2026-01-07 08:32:39.921000+00:00,2026-01-07 08:32:37.453278+00:00,159.921,0.655,0.65,0.66,0.345,0.34,0.35,110.0,113.81,113.81,110.0,0.64,532.93,0.67,132.0,0.63,464.0,0.68,414.0,0.62,744.0,0.69,323.0,0.61,449.9,0.7,867.98,0.6,504.33,0.71,383.0,0.33,132.0,0.36,532.93,0.32,414.0,0.37,464.0,0.31,323.0,0.38,744.0,0.3,867.98,0.39,449.9,0.29,383.0,0.4,504.33
2026-01-07 08:32:40.903000+00:00,2026-01-07 08:32:38.462908+00:00,160.903,0.655,0.65,0.66,0.345,0.34,0.35,110.0,88.51,78.24,110.0,0.64,532.93,0.67,132.0,0.63,464.0,0.68,414.0,0.62,744.0,0.69,140.0,0.61,449.9,0.7,867.98,0.6,504.33,0.71,383.0,0.33,197.0,0.36,547.93,0.32,394.0,0.37,464.0,0.31,140.0,0.38,678.0,0.3,847.98,0.39,513.9,0.29,383.0,0.4,462.33
2026-01-07 08:32:41.975000+00:00,2026-01-07 08:32:39.453702+00:00,161.975,0.655,0.65,0.66,0.345,0.34,0.35,207.69,53.1,18.1,475.69,0.64,462.93,0.67,17.0,0.63,484.0,0.68,324.0,0.62,744.0,0.69,160.0,0.61,449.9,0.7,872.98,0.6,504.33,0.71,368.0,0.33,7.0,0.36,437.93,0.32,35.0,0.37,733.0,0.31,80.0,0.38,454.0,0.3,797.98,0.39,449.9,0.29,438.0,0.4,427.33
2026-01-07 08:32:42.923000+00:00,2026-01-07 08:32:40.459409+00:00,162.923,0.675,0.67,0.68,0.325,0.32,0.33,343.0,15.0,15.0,358.0,0.66,554.0,0.69,85.0,0.65,460.69,0.7,634.98,0.64,462.93,0.71,365.0,0.63,726.0,0.72,180.0,0.62,498.5,0.73,165.0,0.31,85.0,0.34,554.0,0.3,634.98,0.35,460.69,0.29,365.0,0.36,462.93,0.28,180.0,0.37,726.0,0.27,165.0,0.38,498.5
2026-01-07 08:32:44.924000+00:00,2026-01-07 08:32:42.489676+00:00,164.924,0.695,0.69,0.7,0.305,0.3,0.31,218.0,598.64,598.64,218.0,0.68,348.0,0.71,319.0,0.67,516.86,0.72,309.98,0.66,454.0,0.73,225.0,0.65,812.09,0.74,160.0,0.64,462.93,0.75,293.0,0.29,319.0,0.32,357.0,0.28,365.0,0.33,506.86,0.27,200.0,0.34,528.0,0.26,160.0,0.35,741.09,0.25,293.0,0.36,501.93
2026-01-07 08:32:46.914000+00:00,2026-01-07 08:32:44.515714+00:00,166.914,0.695,0.69,0.7,0.305,0.3,0.31,203.0,518.86,513.86,188.0,0.68,633.0,0.71,344.0,0.67,416.86,0.72,150.0,0.66,528.0,0.73,359.99,0.65,517.19,0.74,160.0,0.64,501.93,0.75,145.0,0.29,344.0,0.32,543.0,0.28,150.0,0.33,436.86,0.27,359.99,0.34,454.0,0.26,160.0,0.35,517.19,0.25,145.0,0.36,462.93
2026-01-07 08:32:47.994000+00:00,2026-01-07 08:32:45.521776+00:00,167.994,0.695,0.69,0.7,0.305,0.3,0.31,273.0,538.86,538.86,273.0,0.68,543.0,0.71,344.0,0.67,526.86,0.72,240.0,0.66,528.0,0.73,269.99,0.65,517.19,0.74,175.0,0.64,501.93,0.75,130.0,0.29,344.0,0.32,543.0,0.28,240.0,0.33,526.86,0.27,269.99,0.34,528.0,0.26,175.0,0.35,517.19,0.25,130.0,0.36,501.93
2026-01-07 08:32:49.030000+00:00,2026-01-07 08:32:46.514523+00:00,169.03,0.695,0.69,0.7,0.305,0.3,0.31,263.0,593.86,598.86,263.0,0.68,473.0,0.71,448.99,0.67,596.86,0.72,285.0,0.66,538.0,0.73,220.0,0.65,517.19,0.74,125.0,0.64,501.93,0.75,130.0,0.29,448.99,0.32,473.0,0.28,285.0,0.33,596.86,0.27,220.0,0.34,538.0,0.26,125.0,0.35,517.19,0.25,130.0,0.36,501.93
2026-01-07 08:32:50.040000+00:00,2026-01-07 08:32:47.522948+00:00,170.04,0.695,0.69,0.7,0.305,0.3,0.31,263.0,17.43,5.0,268.0,0.68,473.0,0.71,344.0,0.67,586.86,0.72,334.98,0.66,762.0,0.73,200.0,0.65,517.19,0.74,155.0,0.64,501.93,0.75,130.0,0.29,349.0,0.32,508.0,0.28,344.98,0.33,556.86,0.27,210.0,0.34,752.0,0.26,155.0,0.35,517.19,0.25,130.0,0.36,501.93
2026-01-07 08:32:51.991000+00:00,2026-01-07 08:32:49.544213+00:00,171.991,0.705,0.7,0.71,0.295,0.29,0.3,52.33,369.0,369.0,52.33,0.69,207.35,0.72,364.98,0.68,534.0,0.73,225.0,0.67,526.86,0.74,140.0,0.66,752.0,0.75,130.0,0.65,517.19,0.76,383.0,0.28,374.98,0.31,207.35,0.27,210.0,0.32,534.0,0.26,155.0,0.33,506.86,0.25,130.0,0.34,752.0,0.24,383.0,0.35,517.19
2026-01-07 08:32:53.071000+00:00,2026-01-07 08:32:50.551156+00:00,173.071,0.705,0.7,0.71,0.295,0.29,0.3,57.33,345.0,339.0,57.33,0.69,242.35,0.72,364.98,0.68,514.0,0.73,245.0,0.67,506.86,0.74,140.0,0.66,752.0,0.75,130.0,0.65,517.19,0.76,383.0,0.28,364.98,0.31,242.35,0.27,260.0,0.32,504.0,0.26,125.0,0.33,506.86,0.25,130.0,0.34,752.0,0.24,383.0,0.35,517.19
2026-01-07 08:32:54.055000+00:00,2026-01-07 08:32:51.560000+00:00,174.055,0.705,0.7,0.71,0.295,0.29,0.3,57.33,100.0,110.0,57.33,0.69,252.35,0.72,369.98,0.68,504.0,0.73,230.0,0.67,506.86,0.74,155.0,0.66,752.0,0.75,130.0,0.65,517.19,0.76,383.0,0.28,374.98,0.31,262.35,0.27,220.0,0.32,494.0,0.26,165.0,0.33,506.86,0.25,130.0,0.34,752.0,0.24,383.0,0.35,517.19
2026-01-07 08:32:55.891000+00:00,2026-01-07 08:32:53.569873+00:00,175.891,0.705,0.7,0.71,0.295,0.29,0.3,127.33,105.0,85.0,127.33,0.69,262.35,0.72,274.98,0.68,494.0,0.73,350.0,0.67,506.86,0.74,145.0,0.66,678.0,0.75,313.0,0.65,588.19,0.76,487.0,0.28,274.98,0.31,262.35,0.27,350.0,0.32,494.0,0.26,145.0,0.33,506.86,0.25,313.0,0.34,678.0,0.24,487.0,0.35,588.19
2026-01-07 08:32:57.098000+00:00,2026-01-07 08:32:54.577327+00:00,177.098,0.705,0.7,0.71,0.295,0.29,0.3,84.0,234.99,95.0,129.0,0.69,150.0,0.72,235.0,0.68,524.0,0.73,330.0,0.67,506.86,0.74,328.0,0.66,678.0,0.75,313.0,0.65,588.19,0.76,487.0,0.28,528.98,0.31,150.0,0.27,330.0,0.32,524.0,0.26,328.0,0.33,506.86,0.25,313.0,0.34,678.0,0.24,487.0,0.35,588.19
2026-01-07 08:32:58.072000+00:00,2026-01-07 08:32:55.582856+00:00,178.072,0.705,0.7,0.71,0.295,0.29,0.3,58.34,204.99,105.0,97.34,0.69,150.0,0.72,549.0,0.68,524.0,0.73,240.0,0.67,506.86,0.74,328.0,0.66,678.0,0.75,413.0,0.65,517.19,0.76,383.0,0.28,604.0,0.31,150.0,0.27,240.0,0.32,524.0,0.26,328.0,0.33,506.86,0.25,413.0,0.34,678.0,0.24,432.0,0.35,476.69
2026-01-07 08:32:59.090000+00:00,2026-01-07 08:32:56.606379+00:00,179.09,0.705,0.7,0.71,0.295,0.29,0.3,112.34,60.25,60.25,112.34,0.69,170.0,0.72,628.98,0.68,494.0,0.73,240.0,0.67,506.86,0.74,328.0,0.66,678.0,0.75,413.0,0.65,476.69,0.76,432.0,0.28,628.98,0.31,170.0,0.27,240.0,0.32,494.0,0.26,328.0,0.33,506.86,0.25,413.0,0.34,678.0,0.24,432.0,0.35,476.69
2026-01-07 08:33:00.074000+00:00,2026-01-07 08:32:57.613830+00:00,180.074,0.705,0.7,0.71,0.295,0.29,0.3,117.34,60.25,60.25,117.34,0.69,180.0,0.72,603.98,0.68,494.0,0.73,220.0,0.67,506.86,0.74,358.0,0.66,678.0,0.75,313.0,0.65,547.69,0.76,536.0,0.28,603.98,0.31,180.0,0.27,220.0,0.32,494.0,0.26,358.0,0.33,506.86,0.25,313.0,0.34,678.0,0.24,536.0,0.35,547.69
2026-01-07 08:33:01.154000+00:00,2026-01-07 08:32:58.636108+00:00,181.154,0.705,0.7,0.71,0.295,0.29,0.3,113.65,55.25,55.25,113.65,0.69,200.0,0.72,603.98,0.68,474.0,0.73,220.0,0.67,506.86,0.74,358.0,0.66,678.0,0.75,313.0,0.65,547.69,0.76,536.0,0.28,608.98,0.31,200.0,0.27,220.0,0.32,474.0,0.26,358.0,0.33,506.86,0.25,313.0,0.34,678.0,0.24,536.0,0.35,547.69
2026-01-07 08:33:02.031000+00:00,2026-01-07 08:32:59.638818+00:00,182.031,0.705,0.7,0.71,0.295,0.29,0.3,113.65,55.25,195.24,78.65,0.69,200.0,0.72,608.98,0.68,474.0,0.73,260.0,0.67,506.86,0.74,328.0,0.66,678.0,0.75,313.0,0.65,547.69,0.76,536.0,0.28,514.0,0.31,180.0,0.27,250.0,0.32,474.0,0.26,328.0,0.33,506.86,0.25,313.0,0.34,678.0,0.24,536.0,0.35,547.69
2026-01-07 08:33:03.056000+00:00,2026-01-07 08:33:00.660602+00:00,183.056,0.705,0.7,0.71,0.295,0.29,0.3,83.65,140.24,190.24,83.65,0.69,363.0,0.72,568.98,0.68,494.0,0.73,260.0,0.67,506.86,0.74,145.0,0.66,678.0,0.75,313.0,0.65,547.69,0.76,536.0,0.28,514.0,0.31,363.0,0.27,260.0,0.32,494.0,0.26,145.0,0.33,506.86,0.25,313.0,0.34,678.0,0.24,536.0,0.35,547.69
2026-01-07 08:33:04.199000+00:00,2026-01-07 08:33:01.683921+00:00,184.199,0.705,0.7,0.71,0.295,0.29,0.3,113.65,45.25,57.25,154.65,0.69,383.0,0.72,483.98,0.68,474.0,0.73,220.0,0.67,416.86,0.74,165.0,0.66,678.0,0.75,333.0,0.65,540.0,0.76,536.0,0.28,458.98,0.31,338.0,0.27,220.0,0.32,474.0,0.26,175.0,0.33,416.86,0.25,333.0,0.34,752.0,0.24,432.0,0.35,469.0
2026-01-07 08:33:05.203000+00:00,2026-01-07 08:33:02.692279+00:00,185.203,0.705,0.7,0.71,0.295,0.29,0.3,219.65,57.25,57.25,219.65,0.69,315.0,0.72,371.0,0.68,474.0,0.73,279.99,0.67,416.86,0.74,195.0,0.66,723.5,0.75,333.0,0.65,507.0,0.76,383.0,0.28,147.0,0.31,315.0,0.27,279.99,0.32,474.0,0.26,195.0,0.33,416.86,0.25,333.0,0.34,499.5,0.24,383.0,0.35,507.0
2026-01-07 08:33:06.220000+00:00,2026-01-07 08:33:03.700412+00:00,186.22,0.705,0.7,0.71,0.295,0.29,0.3,114.65,27.0,27.0,114.65,0.69,340.0,0.72,162.0,0.68,449.0,0.73,234.99,0.67,488.16,0.74,155.0,0.66,537.5,0.75,318.0,0.65,469.0,0.76,428.0,0.28,162.0,0.31,340.0,0.27,234.99,0.32,449.0,0.26,155.0,0.33,488.16,0.25,333.0,0.34,454.0,0.24,458.0,0.35,507.0
2026-01-07 08:33:07.230000+00:00,2026-01-07 08:33:04.707261+00:00,187.23,0.705,0.7,0.71,0.295,0.29,0.3,227.65,47.0,47.0,288.65,0.69,461.0,0.72,162.0,0.68,463.0,0.73,234.99,0.67,488.16,0.74,155.0,0.66,492.0,0.75,160.0,0.65,469.0,0.76,265.0,0.28,162.0,0.31,461.0,0.27,234.99,0.32,463.0,0.26,155.0,0.33,488.16,0.25,160.0,0.34,492.0,0.24,265.0,0.35,469.0
2026-01-07 08:33:08.171000+00:00,2026-01-07 08:33:05.713016+00:00,188.171,0.705,0.7,0.71,0.295,0.29,0.3,368.65,47.0,47.0,368.65,0.69,461.0,0.72,167.0,0.68,463.0,0.73,279.99,0.67,488.16,0.74,175.0,0.66,492.0,0.75,150.0,0.65,469.0,0.76,235.0,0.28,167.0,0.31,461.0,0.27,279.99,0.32,463.0,0.26,175.0,0.33,488.16,0.25,150.0,0.34,454.0,0.24,235.0,0.35,507.0
2026-01-07 08:33:09.199000+00:00,2026-01-07 08:33:06.720133+00:00,189.199,0.705,0.7,0.71,0.295,0.29,0.3,373.65,48.0,48.0,373.65,0.69,685.0,0.72,181.0,0.68,463.0,0.73,264.99,0.67,488.16,0.74,165.0,0.66,454.0,0.75,175.0,0.65,507.0,0.76,235.0,0.28,181.0,0.31,685.0,0.27,264.99,0.32,463.0,0.26,165.0,0.33,488.16,0.25,175.0,0.34,454.0,0.24,235.0,0.35,507.0
2026-01-07 08:33:10.264000+00:00,2026-01-07 08:33:07.740905+00:00,190.264,0.715,0.71,0.72,0.28500000000000003,0.28,0.29,580.0,66.0,64.0,613.0,0.7,457.0,0.73,35.0,0.69,475.0,0.74,125.0,0.68,454.0,0.75,140.0,0.67,545.16,0.76,259.99,0.66,419.0,0.77,388.0,0.27,35.0,0.3,429.0,0.26,50.0,0.31,461.0,0.25,140.0,0.32,454.0,0.24,259.99,0.33,545.16,0.23,205.0,0.34,419.0
2026-01-07 08:33:11.154000+00:00,2026-01-07 08:33:08.758573+00:00,191.154,0.735,0.73,0.74,0.265,0.26,0.27,303.0,50.0,50.0,303.0,0.72,199.0,0.75,105.0,0.71,581.0,0.76,294.97,0.7,429.0,0.77,205.0,0.69,454.0,0.78,150.0,0.68,454.0,0.79,550.2,0.25,105.0,0.28,199.0,0.24,294.97,0.29,581.0,0.23,205.0,0.3,429.0,0.22,150.0,0.31,454.0,0.21,550.2,0.32,454.0
2026-01-07 08:33:12.278000+00:00,2026-01-07 08:33:09.763291+00:00,192.278,0.735,0.73,0.74,0.265,0.26,0.27,322.0,15.0,15.0,308.0,0.72,614.0,0.75,20.0,0.71,443.0,0.76,55.0,0.7,499.3,0.77,65.0,0.69,454.0,0.78,140.0,0.68,425.0,0.79,543.99,0.25,20.0,0.28,589.0,0.24,90.0,0.29,478.0,0.23,75.0,0.3,499.3,0.22,140.0,0.31,454.0,0.21,543.99,0.32,425.0
2026-01-07 08:33:13.286000+00:00,2026-01-07 08:33:10.765920+00:00,193.286,0.755,0.75,0.76,0.245,0.24,0.25,351.0,84.4,49.4,587.0,0.74,318.0,0.77,40.0,0.73,243.0,0.78,140.0,0.72,360.8,0.79,194.98,0.71,454.0,0.8,662.0,0.7,541.5,0.81,409.0,0.23,30.0,0.26,318.0,0.22,140.0,0.27,399.0,0.21,169.98,0.28,430.8,0.2,443.0,0.29,454.0,0.19,469.0,0.3,470.5
2026-01-07 08:33:14.296000+00:00,2026-01-07 08:33:11.768004+00:00,194.296,0.775,0.77,0.78,0.215,0.21,0.22,45.0,25.0,145.0,45.0,0.76,45.0,0.79,125.0,0.75,602.0,0.8,270.0,0.74,317.0,0.81,338.0,0.73,463.0,0.82,414.0,0.72,430.8,0.83,2329.01,0.2,290.0,0.23,65.0,0.19,358.0,0.24,165.0,0.18,414.0,0.25,542.0,0.17,2364.01,0.26,332.0,0.16,535.0,0.27,463.0
2026-01-07 08:33:15.268000+00:00,2026-01-07 08:33:12.779612+00:00,195.268,0.785,0.78,0.79,0.20500000000000002,0.2,0.21,113.0,10.0,58.0,20.0,0.77,177.0,0.8,60.0,0.76,325.86,0.81,110.0,0.75,488.0,0.82,616.97,0.74,473.0,0.83,2350.01,0.73,474.6,0.84,484.0,0.19,110.0,0.22,113.0,0.18,616.97,0.23,177.0,0.17,2350.01,0.24,367.0,0.16,484.0,0.25,488.0,0.15,432.42,0.26,473.0
2026-01-07 08:33:16.266000+00:00,2026-01-07 08:33:13.786086+00:00,196.266,0.825,0.82,0.83,0.175,0.17,0.18,65.0,2084.01,1901.01,65.0,0.81,130.0,0.84,333.0,0.8,80.0,0.85,639.12,0.79,80.0,0.86,486.99,0.78,469.0,0.87,637.09,0.77,454.0,0.88,436.75,0.16,393.0,0.19,150.0,0.15,599.12,0.2,80.0,0.14,486.99,0.21,80.0,0.13,637.09,0.22,479.0,0.12,436.75,0.23,454.0
2026-01-07 08:33:17.259000+00:00,2026-01-07 08:33:14.809982+00:00,197.259,0.825,0.82,0.83,0.175,0.17,0.18,65.0,1899.56,1899.56,65.0,0.81,135.0,0.84,323.0,0.8,133.84,0.85,639.12,0.79,150.0,0.86,375.99,0.78,409.0,0.87,619.99,0.77,461.3,0.88,436.75,0.16,323.0,0.19,135.0,0.15,639.12,0.2,133.84,0.14,375.99,0.21,150.0,0.13,619.99,0.22,409.0,0.12,436.75,0.23,461.3
2026-01-07 08:33:18.332000+00:00,2026-01-07 08:33:15.817116+00:00,198.332,0.825,0.82,0.83,0.175,0.17,0.18,87.18,1989.56,1963.11,52.18,0.81,45.0,0.84,387.99,0.8,224.84,0.85,624.12,0.79,396.8,0.86,605.99,0.78,476.6,0.87,465.39,0.77,461.3,0.88,401.75,0.16,402.97,0.19,45.0,0.15,624.12,0.2,224.84,0.14,605.99,0.21,396.8,0.13,465.39,0.22,476.6,0.12,401.75,0.23,461.3
2026-01-07 08:33:19.215000+00:00,2026-01-07 08:33:16.827389+00:00,199.215,0.825,0.82,0.83,0.175,0.17,0.18,58.18,1953.11,1953.11,58.18,0.81,75.0,0.84,412.97,0.8,224.84,0.85,624.12,0.79,366.8,0.86,625.99,0.78,476.6,0.87,465.39,0.77,461.3,0.88,401.75,0.16,412.97,0.19,75.0,0.15,624.12,0.2,224.84,0.14,625.99,0.21,366.8,0.13,465.39,0.22,476.6,0.12,401.75,0.23,461.3
2026-01-07 08:33:20.357000+00:00,2026-01-07 08:33:17.834589+00:00,200.357,0.825,0.82,0.83,0.175,0.17,0.18,58.18,1956.66,2053.58,33.18,0.81,85.0,0.84,392.97,0.8,224.84,0.85,624.12,0.79,356.8,0.86,625.99,0.78,476.6,0.87,465.39,0.77,461.3,0.88,471.75,0.16,343.0,0.19,85.0,0.15,791.12,0.2,224.84,0.14,446.99,0.21,356.8,0.13,465.39,0.22,496.6,0.12,471.75,0.23,461.3
2026-01-07 08:33:21.246000+00:00,2026-01-07 08:33:18.826863+00:00,201.246,0.825,0.82,0.83,0.175,0.17,0.18,18.18,2067.13,2202.68,3.18,0.81,75.0,0.84,343.0,0.8,224.84,0.85,791.12,0.79,366.8,0.86,426.99,0.78,496.6,0.87,465.39,0.77,461.3,0.88,471.75,0.16,402.97,0.2,39.84,0.15,638.12,0.21,52.8,0.14,426.99,0.22,391.6,0.13,465.39,0.23,356.3,0.12,471.75,0.24,460.1
2026-01-07 08:33:22.325000+00:00,2026-01-07 08:33:19.832183+00:00,202.325,0.805,0.8,0.81,0.195,0.19,0.2,39.84,282.0,258.0,54.84,0.79,65.0,0.82,213.0,0.78,127.6,0.83,2710.68,0.77,440.3,0.84,473.98,0.76,659.1,0.85,471.12,0.75,445.9,0.86,440.99,0.18,268.99,0.21,65.0,0.17,2690.68,0.22,87.6,0.16,473.98,0.23,410.3,0.15,471.12,0.24,659.1,0.14,440.99,0.25,445.9
2026-01-07 08:33:23.316000+00:00,2026-01-07 08:33:20.840431+00:00,203.316,0.795,0.79,0.8,0.20500000000000002,0.2,0.21,22.52,138.49,53.5,52.52,0.78,92.82,0.81,247.49,0.77,90.0,0.82,319.0,0.76,355.1,0.83,2467.28,0.75,525.9,0.84,473.98,0.74,430.8,0.85,436.12,0.19,287.49,0.22,92.82,0.18,289.0,0.23,90.0,0.17,2497.28,0.24,355.1,0.16,473.98,0.25,525.9,0.15,436.12,0.26,430.8
2026-01-07 08:33:24.360000+00:00,2026-01-07 08:33:21.847292+00:00,204.36,0.795,0.79,0.8,0.20500000000000002,0.2,0.21,97.52,58.5,73.5,57.52,0.78,167.82,0.81,115.0,0.77,125.0,0.82,299.0,0.76,556.0,0.83,2443.28,0.75,445.9,0.84,649.98,0.74,430.8,0.85,436.12,0.19,150.0,0.22,182.82,0.18,309.0,0.23,145.0,0.17,2610.28,0.24,556.0,0.16,473.98,0.25,445.9,0.15,436.12,0.26,430.8
2026-01-07 08:33:25.392000+00:00,2026-01-07 08:33:22.870710+00:00,205.392,0.795,0.79,0.8,0.20500000000000002,0.2,0.21,23.9,205.99,464.99,8.9,0.78,167.82,0.81,85.0,0.77,180.0,0.82,458.0,0.76,551.0,0.83,2194.68,0.75,445.9,0.84,473.98,0.74,430.8,0.85,436.12,0.19,623.0,0.22,27.82,0.18,390.0,0.23,50.0,0.17,2315.68,0.24,70.0,0.16,473.98,0.25,410.9,0.15,436.12,0.26,395.8
2026-01-07 08:33:26.386000+00:00,2026-01-07 08:33:23.874669+00:00,206.386,0.785,0.78,0.79,0.215,0.21,0.22,12.82,190.0,190.0,12.82,0.77,55.0,0.8,373.0,0.76,100.0,0.81,333.0,0.75,75.0,0.82,390.0,0.74,719.8,0.83,2315.68,0.73,445.6,0.84,508.98,0.2,373.0,0.23,55.0,0.19,333.0,0.24,100.0,0.18,390.0,0.25,75.0,0.17,2315.68,0.26,719.8,0.16,508.98,0.27,445.6
2026-01-07 08:33:27.439000+00:00,2026-01-07 08:33:24.877318+00:00,207.439,0.785,0.78,0.79,0.215,0.21,0.22,2.82,597.0,567.0,2.82,0.76,50.0,0.8,603.0,0.75,110.0,0.81,384.0,0.74,238.0,0.82,431.3,0.73,375.6,0.83,2279.68,0.72,292.2,0.84,508.98,0.2,603.0,0.24,50.0,0.19,384.0,0.25,110.0,0.18,431.3,0.26,70.0,0.17,2279.68,0.27,375.6,0.16,508.98,0.28,292.2
2026-01-07 08:33:28.384000+00:00,2026-01-07 08:33:25.900350+00:00,208.384,0.765,0.76,0.77,0.235,0.23,0.24,15.0,353.0,288.0,15.0,0.75,70.0,0.78,359.18,0.74,165.0,0.79,454.0,0.73,105.0,0.8,608.0,0.72,45.8,0.81,384.0,0.71,301.34,0.82,466.3,0.22,404.18,0.25,70.0,0.21,434.0,0.26,165.0,0.2,628.0,0.27,105.0,0.19,349.0,0.28,45.8,0.18,466.3,0.29,301.34
2026-01-07 08:33:29.336000+00:00,2026-01-07 08:33:26.905303+00:00,209.336,0.755,0.75,0.76,0.245,0.24,0.25,174.0,33.68,33.68,174.0,0.74,110.0,0.77,313.0,0.73,135.0,0.78,404.18,0.72,115.8,0.79,434.0,0.71,301.34,0.8,628.0,0.7,462.2,0.81,349.0,0.23,313.0,0.26,110.0,0.22,404.18,0.27,135.0,0.21,434.0,0.28,115.8,0.2,628.0,0.29,301.34,0.19,349.0,0.3,462.2
2026-01-07 08:33:30.436000+00:00,2026-01-07 08:33:27.912285+00:00,210.436,0.755,0.75,0.76,0.245,0.24,0.25,104.0,183.67,178.67,104.0,0.74,150.0,0.77,258.0,0.73,155.01,0.78,404.18,0.72,115.8,0.79,404.0,0.71,301.34,0.8,628.0,0.7,462.2,0.81,349.0,0.23,258.0,0.26,150.0,0.22,404.18,0.27,120.01,0.21,404.0,0.28,105.8,0.2,628.0,0.29,301.34,0.19,349.0,0.3,462.2
2026-01-07 08:33:31.436000+00:00,2026-01-07 08:33:28.918348+00:00,211.436,0.725,0.72,0.73,0.275,0.27,0.28,139.7,65.0,255.0,24.7,0.71,230.04,0.74,238.0,0.7,304.0,0.75,254.0,0.69,668.59,0.76,226.99,0.68,465.01,0.77,404.0,0.67,487.76,0.78,346.18,0.26,224.0,0.29,190.04,0.25,754.0,0.3,304.0,0.24,462.99,0.31,577.49,0.23,384.0,0.32,370.0,0.22,346.18,0.33,412.76
2026-01-07 08:33:32.444000+00:00,2026-01-07 08:33:29.927118+00:00,212.444,0.695,0.69,0.7,0.305,0.3,0.31,14.49,150.0,150.0,14.49,0.68,45.0,0.71,266.0,0.67,284.0,0.72,248.0,0.66,221.0,0.73,273.0,0.65,425.0,0.74,404.0,0.64,541.12,0.75,398.0,0.29,266.0,0.32,45.0,0.28,248.0,0.33,284.0,0.27,273.0,0.34,221.0,0.26,404.0,0.35,425.0,0.25,398.0,0.36,541.12
2026-01-07 08:33:33.299000+00:00,2026-01-07 08:33:30.932810+00:00,213.299,0.695,0.69,0.7,0.305,0.3,0.31,14.49,142.0,112.0,14.49,0.68,60.0,0.71,339.0,0.67,368.01,0.72,248.0,0.66,80.0,0.73,263.0,0.65,425.0,0.74,404.0,0.64,541.12,0.75,391.0,0.29,354.0,0.32,60.0,0.28,248.0,0.33,383.01,0.27,263.0,0.34,80.0,0.26,404.0,0.35,425.0,0.25,391.0,0.36,541.12
2026-01-07 08:33:34.454000+00:00,2026-01-07 08:33:31.941636+00:00,214.454,0.695,0.69,0.7,0.305,0.3,0.31,4.49,148.75,148.75,4.49,0.68,105.0,0.71,329.0,0.67,283.0,0.72,258.0,0.66,100.0,0.73,273.0,0.65,425.0,0.74,394.0,0.64,541.12,0.75,391.0,0.29,324.0,0.32,105.0,0.28,248.0,0.33,283.0,0.27,273.0,0.34,100.0,0.26,384.0,0.35,425.0,0.25,391.0,0.36,541.12
2026-01-07 08:33:35.458000+00:00,2026-01-07 08:33:32.950014+00:00,215.458,0.655,0.65,0.66,0.345,0.34,0.35,15.0,272.0,212.0,15.0,0.64,27.0,0.67,375.99,0.63,176.0,0.68,353.0,0.62,206.0,0.69,439.0,0.61,409.0,0.7,591.75,0.6,464.0,0.71,391.0,0.33,385.99,0.36,62.0,0.32,373.0,0.37,156.0,0.31,464.0,0.38,216.0,0.3,670.75,0.39,359.0,0.29,391.0,0.4,424.0
2026-01-07 08:33:36.489000+00:00,2026-01-07 08:33:33.958710+00:00,216.489,0.625,0.62,0.63,0.375,0.37,0.38,10.0,177.0,250.0,10.0,0.61,196.0,0.64,278.28,0.6,334.0,0.65,288.0,0.59,363.0,0.66,238.0,0.58,474.0,0.67,275.0,0.57,437.0,0.68,651.0,0.36,298.28,0.39,231.0,0.35,323.0,0.4,385.0,0.34,273.0,0.41,343.0,0.33,275.0,0.42,489.16,0.32,427.0,0.43,472.0
2026-01-07 08:33:37.440000+00:00,2026-01-07 08:33:34.967822+00:00,217.44,0.615,0.61,0.62,0.385,0.38,0.39,271.0,115.0,115.0,246.0,0.6,445.16,0.63,238.0,0.59,388.0,0.64,253.0,0.58,523.0,0.65,303.0,0.57,486.93,0.66,273.0,0.56,304.0,0.67,275.0,0.37,238.0,0.4,445.16,0.36,253.0,0.41,388.0,0.35,303.0,0.42,523.0,0.34,273.0,0.43,486.93,0.33,275.0,0.44,304.0
2026-01-07 08:33:38.486000+00:00,2026-01-07 08:33:35.973657+00:00,218.486,0.625,0.62,0.63,0.375,0.37,0.38,105.0,128.0,128.0,110.0,0.61,141.0,0.64,268.0,0.6,201.0,0.65,288.0,0.59,408.0,0.66,273.0,0.58,593.0,0.67,275.0,0.57,521.93,0.68,671.0,0.36,298.0,0.39,146.0,0.35,288.0,0.4,266.0,0.34,273.0,0.41,388.0,0.33,275.0,0.42,593.0,0.32,671.0,0.43,521.93
2026-01-07 08:33:39.517000+00:00,2026-01-07 08:33:36.995699+00:00,219.517,0.625,0.62,0.63,0.375,0.37,0.38,70.0,128.0,126.41,70.0,0.61,176.0,0.64,338.0,0.6,266.0,0.65,258.0,0.59,388.0,0.66,263.0,0.58,593.0,0.67,275.0,0.57,521.93,0.68,671.0,0.36,338.0,0.39,176.0,0.35,258.0,0.4,266.0,0.34,263.0,0.41,388.0,0.33,275.0,0.42,593.0,0.32,671.0,0.43,521.93
2026-01-07 08:33:40.510000+00:00,2026-01-07 08:33:37.990687+00:00,220.51,0.625,0.62,0.63,0.375,0.37,0.38,120.0,186.41,251.41,120.0,0.61,211.0,0.64,257.0,0.6,276.0,0.65,283.0,0.59,488.0,0.66,258.0,0.58,544.0,0.67,255.0,0.57,569.83,0.68,701.0,0.36,237.0,0.39,206.0,0.35,283.0,0.4,331.0,0.34,258.0,0.41,488.0,0.33,331.0,0.42,544.0,0.32,623.0,0.43,511.83
2026-01-07 08:33:41.512000+00:00,2026-01-07 08:33:38.997480+00:00,221.512,0.615,0.61,0.62,0.395,0.39,0.4,169.0,114.0,257.0,45.0,0.6,80.0,0.63,359.41,0.59,89.0,0.64,253.0,0.58,301.0,0.65,283.0,0.57,551.83,0.66,263.0,0.56,434.0,0.67,376.0,0.38,217.0,0.41,9.0,0.37,560.41,0.42,196.0,0.36,389.0,0.43,333.93,0.35,475.0,0.44,573.0,0.34,349.0,0.45,324.0
2026-01-07 08:33:42.491000+00:00,2026-01-07 08:33:40.004648+00:00,222.491,0.565,0.56,0.57,0.435,0.43,0.44,284.0,114.99,119.63,274.0,0.55,25.0,0.58,213.0,0.54,231.0,0.59,224.0,0.53,329.0,0.6,248.0,0.52,549.0,0.61,252.0,0.51,510.99,0.62,283.0,0.42,213.0,0.45,15.0,0.41,214.0,0.46,166.0,0.4,238.0,0.47,349.0,0.39,252.0,0.48,549.0,0.38,283.0,0.49,510.99
2026-01-07 08:33:43.520000+00:00,2026-01-07 08:33:41.012674+00:00,223.52,0.555,0.55,0.56,0.445,0.44,0.45,55.0,78.0,48.35,55.0,0.54,176.0,0.57,181.63,0.53,244.95,0.58,243.0,0.52,481.0,0.59,214.0,0.51,582.99,0.6,207.0,0.5,958.76,0.61,228.0,0.43,141.63,0.46,210.7,0.42,243.0,0.47,244.95,0.41,224.0,0.48,481.0,0.4,207.0,0.49,582.99,0.39,228.0,0.5,958.76
2026-01-07 08:33:44.539000+00:00,2026-01-07 08:33:42.018607+00:00,224.539,0.555,0.55,0.56,0.445,0.44,0.45,30.0,163.32,143.32,28.04,0.54,185.7,0.57,66.64,0.53,294.95,0.58,282.0,0.52,514.0,0.59,224.0,0.51,632.99,0.6,218.0,0.5,978.44,0.61,293.0,0.43,106.64,0.46,175.7,0.42,223.0,0.47,299.95,0.41,253.0,0.48,549.0,0.4,218.0,0.49,662.99,0.39,293.0,0.5,978.44
2026-01-07 08:33:45.539000+00:00,2026-01-07 08:33:43.027491+00:00,225.539,0.53,0.52,0.54,0.475,0.47,0.48,151.0,232.0,75.0,30.0,0.51,304.49,0.55,222.0,0.5,770.44,0.56,375.32,0.49,523.0,0.57,259.64,0.48,619.0,0.58,268.0,0.47,559.16,0.59,385.0,0.46,293.0,0.49,183.49,0.45,283.0,0.5,770.44,0.44,375.32,0.51,340.0,0.43,259.64,0.52,619.0,0.42,268.0,0.53,559.16
2026-01-07 08:33:46.550000+00:00,2026-01-07 08:33:44.034282+00:00,226.55,0.515,0.51,0.52,0.485,0.48,0.49,178.99,110.0,110.0,168.99,0.5,794.14,0.53,106.99,0.49,442.01,0.54,273.0,0.48,542.93,0.55,293.0,0.47,544.0,0.56,261.35,0.46,499.0,0.57,283.64,0.47,106.99,0.5,794.14,0.46,273.0,0.51,442.01,0.45,293.0,0.52,542.93,0.44,261.35,0.53,544.0,0.43,283.64,0.54,499.0
2026-01-07 08:33:47.402000+00:00,2026-01-07 08:33:45.026537+00:00,227.402,0.515,0.51,0.52,0.485,0.48,0.49,139.99,83.78,83.78,139.99,0.5,841.14,0.53,106.99,0.49,426.01,0.54,253.0,0.48,581.0,0.55,303.0,0.47,544.0,0.56,285.35,0.46,499.0,0.57,269.64,0.47,106.99,0.5,841.14,0.46,253.0,0.51,426.01,0.45,303.0,0.52,581.0,0.44,285.35,0.53,544.0,0.43,269.64,0.54,499.0
2026-01-07 08:33:48.400000+00:00,2026-01-07 08:33:46.031319+00:00,228.4,0.515,0.51,0.52,0.485,0.48,0.49,540.99,88.78,88.78,540.99,0.5,999.14,0.53,141.99,0.49,670.01,0.54,75.0,0.48,529.0,0.55,100.0,0.47,544.0,0.56,275.35,0.46,499.0,0.57,259.64,0.47,141.99,0.5,999.14,0.46,75.0,0.51,670.01,0.45,100.0,0.52,529.0,0.44,275.35,0.53,544.0,0.43,259.64,0.54,499.0
2026-01-07 08:33:49.561000+00:00,2026-01-07 08:33:47.039840+00:00,229.561,0.515,0.51,0.52,0.485,0.48,0.49,738.99,11.71,11.71,738.99,0.5,1134.14,0.55,69.86,0.49,519.0,0.56,33.35,0.48,529.0,0.57,136.64,0.47,544.0,0.58,248.0,0.46,499.0,0.59,229.88,0.45,69.86,0.5,1134.14,0.44,33.35,0.51,519.0,0.43,136.64,0.52,529.0,0.42,90.0,0.53,544.0,0.41,80.88,0.54,499.0
2026-01-07 08:33:50.500000+00:00,2026-01-07 08:33:48.045111+00:00,230.5,0.555,0.55,0.56,0.445,0.44,0.45,275.14,177.47,177.47,275.14,0.54,339.0,0.57,86.64,0.53,425.0,0.58,50.0,0.52,488.1,0.59,131.88,0.51,543.98,0.6,238.0,0.5,1075.44,0.61,268.0,0.43,86.64,0.46,339.0,0.42,40.0,0.47,425.0,0.41,131.88,0.48,488.1,0.4,238.0,0.49,543.98,0.39,268.0,0.5,1075.44
2026-01-07 08:33:51.525000+00:00,2026-01-07 08:33:49.055572+00:00,231.525,0.555,0.55,0.56,0.445,0.44,0.45,174.3,172.47,172.47,174.3,0.54,35.0,0.57,269.64,0.53,80.0,0.58,223.0,0.52,245.1,0.59,309.0,0.51,588.98,0.6,238.0,0.5,1102.93,0.61,268.0,0.43,269.64,0.46,35.0,0.42,223.0,0.47,80.0,0.41,309.0,0.48,245.1,0.4,238.0,0.49,588.98,0.39,268.0,0.5,1102.93
2026-01-07 08:33:52.561000+00:00,2026-01-07 08:33:50.045428+00:00,232.561,0.525,0.52,0.53,0.475,0.47,0.48,170.1,45.0,85.0,115.1,0.51,577.99,0.54,163.0,0.5,935.44,0.55,133.0,0.49,538.0,0.56,332.81,0.48,543.99,0.57,258.64,0.47,524.0,0.58,248.0,0.46,170.0,0.49,587.99,0.45,75.0,0.5,970.44,0.44,357.81,0.51,608.0,0.43,273.64,0.52,589.0,0.42,248.0,0.53,573.99
2026-01-07 08:33:53.498000+00:00,2026-01-07 08:33:51.049938+00:00,233.498,0.525,0.52,0.53,0.475,0.47,0.48,130.1,48.34,48.34,130.1,0.51,449.99,0.54,130.0,0.5,1084.63,0.55,65.0,0.49,489.0,0.56,367.81,0.48,680.98,0.57,259.64,0.47,544.0,0.58,248.0,0.46,130.0,0.49,459.99,0.45,65.0,0.5,1064.63,0.44,367.81,0.51,489.0,0.43,259.64,0.52,680.98,0.42,248.0,0.53,544.0
2026-01-07 08:33:54.607000+00:00,2026-01-07 08:33:52.072192+00:00,234.607,0.525,0.52,0.53,0.475,0.47,0.48,147.1,44.79,39.79,147.1,0.51,452.99,0.54,130.0,0.5,1067.63,0.55,65.0,0.49,479.0,0.56,357.81,0.48,680.98,0.57,269.64,0.47,544.0,0.58,248.0,0.46,130.0,0.49,459.99,0.45,65.0,0.5,1067.63,0.44,357.81,0.51,479.0,0.43,269.64,0.52,680.98,0.42,248.0,0.53,544.0
2026-01-07 08:33:55.538000+00:00,2026-01-07 08:33:53.077446+00:00,235.538,0.525,0.52,0.53,0.475,0.47,0.48,147.1,39.79,39.79,147.1,0.51,469.99,0.54,130.0,0.5,1057.63,0.55,65.0,0.49,479.0,0.56,357.81,0.48,680.98,0.57,269.64,0.47,544.0,0.58,248.0,0.46,130.0,0.49,469.99,0.45,65.0,0.5,1057.63,0.44,357.81,0.51,508.99,0.43,269.64,0.52,651.0,0.42,268.0,0.53,544.0
2026-01-07 08:33:56.560000+00:00,2026-01-07 08:33:54.083715+00:00,236.56,0.525,0.52,0.53,0.475,0.47,0.48,227.1,39.79,35.0,227.1,0.51,529.99,0.54,110.0,0.5,1127.63,0.55,85.0,0.49,578.99,0.56,342.81,0.48,581.0,0.57,269.64,0.47,544.0,0.58,562.0,0.46,115.0,0.49,529.99,0.45,85.0,0.5,1127.63,0.44,342.81,0.51,578.99,0.43,269.64,0.52,581.0,0.42,562.0,0.53,544.0
2026-01-07 08:33:57.610000+00:00,2026-01-07 08:33:55.089969+00:00,237.61,0.525,0.52,0.53,0.475,0.47,0.48,257.1,30.0,30.0,257.1,0.51,519.99,0.54,115.0,0.5,1127.63,0.55,85.0,0.49,578.99,0.56,342.81,0.48,581.0,0.57,269.64,0.47,544.0,0.58,562.0,0.46,115.0,0.49,519.99,0.45,85.0,0.5,1127.63,0.44,342.81,0.51,578.99,0.43,269.64,0.52,581.0,0.42,562.0,0.53,544.0
2026-01-07 08:33:58.579000+00:00,2026-01-07 08:33:56.083510+00:00,238.579,0.525,0.52,0.53,0.475,0.47,0.48,252.1,30.0,30.0,252.1,0.51,509.99,0.54,115.0,0.5,1012.64,0.55,85.0,0.49,619.0,0.56,332.81,0.48,610.98,0.57,279.64,0.47,544.0,0.58,562.0,0.46,115.0,0.49,509.99,0.45,85.0,0.5,1012.64,0.44,332.81,0.51,619.0,0.43,279.64,0.52,610.98,0.42,562.0,0.53,544.0
2026-01-07 08:33:59.559000+00:00,2026-01-07 08:33:57.104832+00:00,239.559,0.525,0.52,0.53,0.475,0.47,0.48,152.81,30.0,22.76,160.81,0.51,499.99,0.54,115.0,0.5,1127.64,0.55,85.0,0.49,549.0,0.56,332.81,0.48,610.98,0.57,279.64,0.47,544.0,0.58,562.0,0.46,115.0,0.49,499.99,0.45,85.0,0.5,1127.64,0.44,332.81,0.51,549.0,0.43,279.64,0.52,610.98,0.42,562.0,0.53,544.0
2026-01-07 08:34:00.570000+00:00,2026-01-07 08:33:58.115280+00:00,240.57,0.525,0.52,0.53,0.475,0.47,0.48,109.81,232.52,232.52,109.81,0.51,534.99,0.54,227.0,0.5,962.64,0.55,212.0,0.49,534.0,0.56,352.81,0.48,627.0,0.57,380.64,0.47,559.0,0.58,424.0,0.46,227.0,0.49,534.99,0.45,212.0,0.5,962.64,0.44,352.81,0.51,534.0,0.43,380.64,0.52,627.0,0.42,404.0,0.53,559.0
2026-01-07 08:34:01.558000+00:00,2026-01-07 08:33:59.137627+00:00,241.558,0.525,0.52,0.53,0.475,0.47,0.48,121.81,261.63,261.63,126.81,0.51,408.99,0.54,288.0,0.5,658.64,0.55,273.0,0.49,351.0,0.56,352.81,0.48,444.0,0.57,380.64,0.47,559.0,0.58,404.0,0.46,288.0,0.49,408.99,0.45,273.0,0.5,658.64,0.44,352.81,0.51,351.0,0.43,380.64,0.52,444.0,0.42,404.0,0.53,559.0
2026-01-07 08:34:02.658000+00:00,2026-01-07 08:34:00.145008+00:00,242.658,0.525,0.52,0.53,0.475,0.47,0.48,124.72,238.42,253.42,124.72,0.51,408.99,0.54,288.0,0.5,634.44,0.55,273.0,0.49,341.0,0.56,352.81,0.48,444.0,0.57,380.64,0.47,573.99,0.58,452.0,0.46,288.0,0.49,408.99,0.45,273.0,0.5,634.44,0.44,352.81,0.51,356.0,0.43,380.64,0.52,444.0,0.42,452.0,0.53,573.99
2026-01-07 08:34:03.601000+00:00,2026-01-07 08:34:01.149967+00:00,243.601,0.525,0.52,0.53,0.475,0.47,0.48,124.72,229.94,244.94,124.72,0.51,408.99,0.54,288.0,0.5,634.44,0.55,287.0,0.49,436.0,0.56,338.81,0.48,394.0,0.57,380.64,0.47,573.99,0.58,452.0,0.46,288.0,0.49,408.99,0.45,287.0,0.5,634.44,0.44,338.81,0.51,341.0,0.43,380.64,0.52,444.0,0.42,452.0,0.53,573.99
2026-01-07 08:34:04.690000+00:00,2026-01-07 08:34:02.168884+00:00,244.69,0.525,0.52,0.53,0.475,0.47,0.48,124.72,264.94,229.94,124.72,0.51,408.99,0.54,288.0,0.5,634.44,0.55,287.0,0.49,421.0,0.56,338.81,0.48,376.0,0.57,604.64,0.47,620.99,0.58,512.9,0.46,288.0,0.49,408.99,0.45,287.0,0.5,624.44,0.44,338.81,0.51,436.0,0.43,604.64,0.52,409.0,0.42,452.9,0.53,559.0
2026-01-07 08:34:05.657000+00:00,2026-01-07 08:34:03.176970+00:00,245.657,0.525,0.52,0.53,0.475,0.47,0.48,124.72,234.94,234.94,124.72,0.51,408.99,0.54,288.0,0.5,634.44,0.55,287.0,0.49,341.0,0.56,338.81,0.48,396.0,0.57,604.64,0.47,620.99,0.58,512.9,0.46,288.0,0.49,408.99,0.45,287.0,0.5,634.44,0.44,338.81,0.51,341.0,0.43,604.64,0.52,396.0,0.42,512.9,0.53,620.99
2026-01-07 08:34:06.691000+00:00,2026-01-07 08:34:04.168488+00:00,246.691,0.525,0.52,0.53,0.475,0.47,0.48,124.72,239.94,229.94,124.72,0.51,408.99,0.54,288.0,0.5,634.44,0.55,287.0,0.49,436.0,0.56,338.81,0.48,346.0,0.57,604.64,0.47,620.99,0.58,512.9,0.46,288.0,0.49,408.99,0.45,287.0,0.5,634.44,0.44,338.81,0.51,436.0,0.43,604.64,0.52,394.0,0.42,452.9,0.53,573.99
2026-01-07 08:34:07.658000+00:00,2026-01-07 08:34:05.176470+00:00,247.658,0.525,0.52,0.53,0.475,0.47,0.48,123.72,256.88,256.88,123.72,0.51,408.99,0.54,288.0,0.5,634.44,0.55,287.0,0.49,421.0,0.56,338.81,0.48,346.0,0.57,604.64,0.47,620.99,0.58,512.9,0.46,288.0,0.49,408.99,0.45,287.0,0.5,634.44,0.44,338.81,0.51,421.0,0.43,604.64,0.52,346.0,0.42,512.9,0.53,620.99
2026-01-07 08:34:08.562000+00:00,2026-01-07 08:34:06.179800+00:00,248.562,0.525,0.52,0.53,0.475,0.47,0.48,53.72,206.21,206.21,53.72,0.51,296.99,0.54,288.0,0.5,694.44,0.55,287.0,0.49,421.0,0.56,338.81,0.48,321.0,0.57,450.64,0.47,620.99,0.58,512.9,0.46,288.0,0.49,296.99,0.45,287.0,0.5,694.44,0.44,338.81,0.51,436.0,0.43,450.64,0.52,369.0,0.42,452.9,0.53,573.99
2026-01-07 08:34:09.408000+00:00,2026-01-07 08:34:07.188143+00:00,249.408,0.525,0.52,0.53,0.475,0.47,0.48,52.72,204.05,204.05,52.72,0.51,303.99,0.54,288.0,0.5,674.76,0.55,287.0,0.49,436.0,0.56,338.81,0.48,389.0,0.57,450.64,0.47,573.99,0.58,452.9,0.46,288.0,0.49,303.99,0.45,287.0,0.5,674.76,0.44,338.81,0.51,436.0,0.43,450.64,0.52,389.0,0.42,452.9,0.53,573.99
2026-01-07 08:34:10.717000+00:00,2026-01-07 08:34:08.193550+00:00,250.717,0.525,0.52,0.53,0.475,0.47,0.48,12.0,310.99,280.99,12.0,0.51,38.99,0.54,262.0,0.5,569.76,0.55,283.0,0.49,426.0,0.56,542.81,0.48,306.0,0.57,450.64,0.47,656.0,0.58,512.9,0.46,262.0,0.49,33.99,0.45,283.0,0.5,514.76,0.44,542.81,0.51,486.0,0.43,450.64,0.52,306.0,0.42,512.9,0.53,656.0
2026-01-07 08:34:11.730000+00:00,2026-01-07 08:34:09.210338+00:00,251.73,0.505,0.5,0.51,0.495,0.49,0.5,528.76,151.0,161.0,509.76,0.49,379.0,0.52,288.0,0.48,110.0,0.53,178.89,0.47,190.0,0.54,418.0,0.46,451.1,0.55,394.0,0.45,523.98,0.56,404.81,0.48,238.0,0.51,95.0,0.47,178.89,0.52,100.0,0.46,398.0,0.53,280.0,0.45,454.0,0.54,446.1,0.44,474.81,0.55,335.98
2026-01-07 08:34:12.759000+00:00,2026-01-07 08:34:10.228941+00:00,252.759,0.505,0.5,0.51,0.495,0.49,0.5,93.76,287.0,287.0,93.76,0.49,20.0,0.52,248.0,0.48,20.0,0.53,178.89,0.47,40.0,0.54,384.0,0.46,484.1,0.55,384.0,0.45,330.98,0.56,474.81,0.48,248.0,0.51,20.0,0.47,178.89,0.52,20.0,0.46,384.0,0.53,40.0,0.45,454.0,0.54,494.1,0.44,474.81,0.55,400.98
2026-01-07 08:34:13.563000+00:00,2026-01-07 08:34:11.218030+00:00,253.563,0.475,0.47,0.48,0.525,0.52,0.53,34.0,85.0,80.0,34.0,0.46,494.1,0.49,80.0,0.45,386.0,0.5,124.0,0.44,401.0,0.51,283.0,0.43,601.99,0.52,273.0,0.42,484.0,0.53,143.89,0.51,80.0,0.54,494.1,0.5,124.0,0.55,371.0,0.49,283.0,0.56,401.0,0.48,273.0,0.57,601.99,0.47,143.89,0.58,484.0
2026-01-07 08:34:14.759000+00:00,2026-01-07 08:34:12.223750+00:00,254.759,0.475,0.47,0.48,0.525,0.52,0.53,31.84,38.47,59.47,31.84,0.46,544.1,0.49,115.0,0.45,346.0,0.5,89.0,0.44,426.0,0.51,283.0,0.43,601.99,0.52,273.0,0.42,484.0,0.53,178.89,0.51,115.0,0.54,544.1,0.5,89.0,0.55,346.0,0.49,283.0,0.56,426.0,0.48,273.0,0.57,601.99,0.47,178.89,0.58,484.0
2026-01-07 08:34:15.623000+00:00,2026-01-07 08:34:13.245446+00:00,255.623,0.475,0.47,0.48,0.525,0.52,0.53,148.84,242.47,242.47,151.84,0.46,498.1,0.49,115.0,0.45,155.0,0.5,89.0,0.44,426.0,0.51,283.0,0.43,601.99,0.52,273.0,0.42,484.0,0.53,299.89,0.51,115.0,0.54,604.1,0.5,89.0,0.55,280.0,0.49,273.0,0.56,375.98,0.48,273.0,0.57,514.0,0.47,299.89,0.58,544.0
2026-01-07 08:34:16.663000+00:00,2026-01-07 08:34:14.253613+00:00,256.663,0.475,0.47,0.48,0.525,0.52,0.53,178.84,237.47,237.47,173.84,0.46,538.1,0.49,105.0,0.45,280.0,0.5,99.0,0.44,346.0,0.51,273.0,0.43,601.99,0.52,283.0,0.42,484.0,0.53,523.89,0.51,105.0,0.54,538.1,0.5,99.0,0.55,280.0,0.49,273.0,0.56,375.98,0.48,283.0,0.57,572.0,0.47,523.89,0.58,484.0
2026-01-07 08:34:17.575000+00:00,2026-01-07 08:34:15.270362+00:00,257.575,0.475,0.47,0.48,0.525,0.52,0.53,183.84,237.47,243.55,136.84,0.46,548.1,0.49,105.0,0.45,280.0,0.5,99.0,0.44,346.0,0.51,283.0,0.43,601.99,0.52,273.0,0.42,484.0,0.53,523.89,0.51,105.0,0.54,548.1,0.5,99.0,0.55,280.0,0.49,283.0,0.56,346.0,0.48,273.0,0.57,601.99,0.47,523.89,0.58,484.0
2026-01-07 08:34:18.490000+00:00,2026-01-07 08:34:16.287993+00:00,258.49,0.475,0.47,0.48,0.525,0.52,0.53,203.84,238.55,238.55,203.84,0.46,528.1,0.49,110.0,0.45,280.0,0.5,99.0,0.44,375.98,0.51,283.0,0.43,572.0,0.52,273.0,0.42,484.0,0.53,523.89,0.51,110.0,0.54,528.1,0.5,99.0,0.55,280.0,0.49,283.0,0.56,375.98,0.48,273.0,0.57,572.0,0.47,523.89,0.58,484.0
2026-01-07 08:34:19.764000+00:00,2026-01-07 08:34:17.301967+00:00,259.764,0.475,0.47,0.48,0.525,0.52,0.53,141.84,243.55,243.55,131.84,0.46,584.1,0.49,100.0,0.45,280.0,0.5,99.0,0.44,375.98,0.51,283.0,0.43,514.0,0.52,273.0,0.42,544.0,0.53,523.89,0.51,100.0,0.54,538.1,0.5,99.0,0.55,325.0,0.49,283.0,0.56,375.98,0.48,273.0,0.57,514.0,0.47,523.89,0.58,544.0
2026-01-07 08:34:20.669000+00:00,2026-01-07 08:34:18.324099+00:00,260.669,0.475,0.47,0.48,0.525,0.52,0.53,111.84,253.55,253.55,111.84,0.46,553.1,0.49,110.0,0.45,340.0,0.5,89.0,0.44,346.0,0.51,283.0,0.43,601.99,0.52,263.0,0.42,484.0,0.53,523.89,0.51,110.0,0.54,553.1,0.5,89.0,0.55,340.0,0.49,283.0,0.56,346.0,0.48,263.0,0.57,601.99,0.47,523.89,0.58,484.0
2026-01-07 08:34:21.816000+00:00,2026-01-07 08:34:19.314113+00:00,261.816,0.475,0.47,0.48,0.525,0.52,0.53,111.84,259.0,259.0,111.84,0.46,553.1,0.49,110.0,0.45,340.0,0.5,89.0,0.44,375.98,0.51,283.0,0.43,572.0,0.52,263.0,0.42,484.0,0.53,523.89,0.51,110.0,0.54,553.1,0.5,75.0,0.55,340.0,0.49,297.0,0.56,375.98,0.48,263.0,0.57,572.0,0.47,523.89,0.58,484.0
2026-01-07 08:34:22.769000+00:00,2026-01-07 08:34:20.320059+00:00,262.769,0.475,0.47,0.48,0.525,0.52,0.53,106.84,82.0,72.0,106.84,0.46,553.1,0.49,100.0,0.45,394.79,0.5,99.0,0.44,558.98,0.51,283.0,0.43,572.0,0.52,263.0,0.42,484.0,0.53,534.52,0.51,110.0,0.54,558.1,0.5,89.0,0.55,389.79,0.49,283.0,0.56,558.98,0.48,273.0,0.57,572.0,0.47,534.52,0.58,484.0
2026-01-07 08:34:23.851000+00:00,2026-01-07 08:34:21.324189+00:00,263.851,0.475,0.47,0.48,0.525,0.52,0.53,106.84,72.0,53.13,106.84,0.46,568.1,0.49,110.0,0.45,379.79,0.5,75.0,0.44,558.98,0.51,297.0,0.43,572.0,0.52,273.0,0.42,484.0,0.53,534.52,0.51,110.0,0.54,568.1,0.5,89.0,0.55,379.79,0.49,297.0,0.56,558.98,0.48,273.0,0.57,572.0,0.47,534.52,0.58,484.0
2026-01-07 08:34:24.594000+00:00,2026-01-07 08:34:22.331687+00:00,264.594,0.475,0.47,0.48,0.525,0.52,0.53,106.84,78.13,83.13,106.84,0.46,514.0,0.49,120.0,0.45,433.79,0.5,79.0,0.44,529.0,0.51,283.0,0.43,601.99,0.52,263.0,0.42,484.0,0.53,534.52,0.51,120.0,0.54,514.0,0.5,79.0,0.55,433.79,0.49,283.0,0.56,529.0,0.48,263.0,0.57,601.99,0.47,534.52,0.58,484.0
2026-01-07 08:34:25.872000+00:00,2026-01-07 08:34:23.355665+00:00,265.872,0.455,0.45,0.46,0.545,0.54,0.55,54.79,85.0,85.0,54.79,0.44,110.0,0.47,283.0,0.43,511.0,0.48,271.13,0.42,478.2,0.49,273.0,0.41,513.99,0.5,277.0,0.4,546.5,0.51,333.0,0.53,283.0,0.56,110.0,0.52,271.13,0.57,511.0,0.51,273.0,0.58,478.2,0.5,277.0,0.59,513.99,0.49,333.0,0.6,546.5
2026-01-07 08:34:26.880000+00:00,2026-01-07 08:34:24.360109+00:00,266.88,0.455,0.45,0.46,0.545,0.54,0.55,66.6,85.0,90.0,66.6,0.44,110.0,0.47,283.0,0.43,441.0,0.48,355.13,0.42,478.2,0.49,343.0,0.41,513.99,0.5,333.0,0.4,541.5,0.51,333.0,0.53,283.0,0.56,110.0,0.52,355.13,0.57,440.0,0.51,343.0,0.58,418.2,0.5,333.0,0.59,574.99,0.49,333.0,0.6,541.5
2026-01-07 08:34:27.807000+00:00,2026-01-07 08:34:25.366925+00:00,267.807,0.455,0.45,0.46,0.545,0.54,0.55,52.6,99.0,99.0,52.6,0.44,35.0,0.47,273.0,0.43,269.0,0.48,331.13,0.42,538.2,0.49,333.0,0.41,539.0,0.5,333.0,0.4,634.48,0.51,333.0,0.53,273.0,0.56,35.0,0.52,326.33,0.57,269.0,0.51,333.0,0.58,538.2,0.5,333.0,0.59,539.0,0.49,333.0,0.6,634.48
2026-01-07 08:34:28.881000+00:00,2026-01-07 08:34:26.373068+00:00,268.881,0.455,0.45,0.46,0.545,0.54,0.55,32.32,112.0,137.0,32.32,0.44,105.0,0.47,287.0,0.43,220.0,0.48,320.33,0.42,534.0,0.49,333.0,0.41,539.0,0.5,353.0,0.4,634.48,0.51,333.0,0.53,262.0,0.56,105.0,0.52,345.33,0.57,220.0,0.51,333.0,0.58,534.0,0.5,353.0,0.59,539.0,0.49,298.0,0.6,634.48
2026-01-07 08:34:29.902000+00:00,2026-01-07 08:34:27.381594+00:00,269.902,0.455,0.45,0.46,0.545,0.54,0.55,42.32,107.0,107.0,42.32,0.44,389.0,0.47,302.0,0.43,230.0,0.48,345.33,0.42,469.0,0.49,353.0,0.41,529.0,0.5,353.0,0.4,634.48,0.51,298.0,0.53,302.0,0.56,403.0,0.52,345.33,0.57,216.0,0.51,353.0,0.58,469.0,0.5,353.0,0.59,529.0,0.49,298.0,0.6,634.48
2026-01-07 08:34:30.870000+00:00,2026-01-07 08:34:28.385632+00:00,270.87,0.445,0.44,0.45,0.555,0.55,0.56,368.0,45.0,45.0,368.0,0.43,285.0,0.46,102.0,0.42,401.0,0.47,287.0,0.41,590.0,0.48,355.33,0.4,609.88,0.49,353.0,0.39,484.0,0.5,363.0,0.54,102.0,0.57,285.0,0.53,287.0,0.58,401.0,0.52,355.33,0.59,590.0,0.51,343.0,0.6,609.88,0.5,363.0,0.61,484.0
2026-01-07 08:34:31.717000+00:00,2026-01-07 08:34:29.393794+00:00,271.717,0.445,0.44,0.45,0.555,0.55,0.56,283.0,52.33,52.33,283.0,0.43,295.0,0.46,102.0,0.42,401.0,0.47,287.0,0.41,590.0,0.48,365.33,0.4,609.88,0.49,343.0,0.39,484.0,0.5,363.0,0.54,102.0,0.57,295.0,0.53,287.0,0.58,401.0,0.52,365.33,0.59,590.0,0.51,343.0,0.6,609.88,0.5,363.0,0.61,484.0
2026-01-07 08:34:32.894000+00:00,2026-01-07 08:34:30.398588+00:00,272.894,0.445,0.44,0.45,0.555,0.55,0.56,277.63,72.72,92.72,262.63,0.43,325.0,0.46,137.0,0.42,401.0,0.47,282.0,0.41,590.0,0.48,345.33,0.4,609.88,0.49,343.0,0.39,484.0,0.5,353.0,0.54,132.0,0.57,345.0,0.53,282.0,0.58,401.0,0.52,345.33,0.59,590.0,0.51,343.0,0.6,609.88,0.5,353.0,0.61,484.0
2026-01-07 08:34:33.919000+00:00,2026-01-07 08:34:31.406364+00:00,273.919,0.445,0.44,0.45,0.555,0.55,0.56,246.84,92.72,92.72,246.84,0.43,305.0,0.46,132.0,0.42,454.0,0.47,292.0,0.41,529.0,0.48,335.33,0.4,672.88,0.49,343.0,0.39,484.0,0.5,353.0,0.54,132.0,0.57,305.0,0.53,292.0,0.58,454.0,0.52,335.33,0.59,529.0,0.51,343.0,0.6,672.88,0.5,353.0,0.61,484.0
2026-01-07 08:34:34.900000+00:00,2026-01-07 08:34:32.412900+00:00,274.9,0.445,0.44,0.45,0.555,0.55,0.56,239.66,92.72,92.72,239.66,0.43,305.0,0.46,142.0,0.42,389.0,0.47,352.0,0.41,579.0,0.48,335.33,0.4,672.88,0.49,343.0,0.39,484.0,0.5,353.0,0.54,142.0,0.57,291.0,0.53,352.0,0.58,389.0,0.52,335.33,0.59,579.0,0.51,343.0,0.6,672.88,0.5,353.0,0.61,484.0
2026-01-07 08:34:35.930000+00:00,2026-01-07 08:34:33.434713+00:00,275.93,0.445,0.44,0.45,0.555,0.55,0.56,215.09,143.72,98.72,215.09,0.43,291.0,0.46,125.0,0.42,354.0,0.47,352.0,0.41,584.0,0.48,335.33,0.4,672.88,0.49,343.0,0.39,484.0,0.5,353.0,0.54,115.0,0.57,281.0,0.53,362.0,0.58,454.0,0.52,335.33,0.59,529.0,0.51,343.0,0.6,672.88,0.5,353.0,0.61,484.0
2026-01-07 08:34:36.247000+00:00,2026-01-07 08:34:34.442939+00:00,276.247,0.445,0.44,0.45,0.555,0.55,0.56,225.09,104.72,104.72,215.09,0.43,281.0,0.46,120.0,0.42,454.0,0.47,362.0,0.41,529.0,0.48,335.33,0.4,672.88,0.49,343.0,0.39,484.0,0.5,353.0,0.54,120.0,0.57,281.0,0.53,362.0,0.58,454.0,0.52,335.33,0.59,529.0,0.51,343.0,0.6,672.88,0.5,353.0,0.61,484.0
2026-01-07 08:34:37.956000+00:00,2026-01-07 08:34:35.467132+00:00,277.956,0.445,0.44,0.45,0.555,0.55,0.56,207.91,109.72,109.72,206.12,0.43,291.0,0.46,125.0,0.42,354.0,0.47,352.0,0.41,584.0,0.48,335.33,0.4,672.88,0.49,343.0,0.39,484.0,0.5,353.0,0.54,125.0,0.57,291.0,0.53,352.0,0.58,354.0,0.52,335.33,0.59,584.0,0.51,343.0,0.6,672.88,0.5,353.0,0.61,484.0
2026-01-07 08:34:38.384000+00:00,2026-01-07 08:34:36.475913+00:00,278.384,0.445,0.44,0.45,0.555,0.55,0.56,206.12,75.4,75.4,206.12,0.43,406.0,0.46,135.0,0.42,389.0,0.47,342.0,0.41,558.99,0.48,335.33,0.4,604.5,0.49,343.0,0.39,484.0,0.5,389.3,0.54,135.0,0.57,406.0,0.53,342.0,0.58,389.0,0.52,335.33,0.59,558.99,0.51,343.0,0.6,604.5,0.5,389.3,0.61,484.0
2026-01-07 08:34:40.996000+00:00,2026-01-07 08:34:38.489496+00:00,280.996,0.46499999999999997,0.46,0.47,0.535,0.53,0.54,34.0,77.28,77.28,34.0,0.45,454.0,0.48,86.2,0.44,682.98,0.49,125.0,0.43,557.0,0.5,160.0,0.42,534.0,0.51,368.0,0.41,529.0,0.52,338.0,0.52,86.2,0.55,454.0,0.51,125.0,0.56,682.98,0.5,174.0,0.57,557.0,0.49,368.0,0.58,534.0,0.48,338.0,0.59,529.0
2026-01-07 08:34:42.001000+00:00,2026-01-07 08:34:39.513021+00:00,282.001,0.46499999999999997,0.46,0.47,0.535,0.53,0.54,29.0,42.28,42.28,48.0,0.45,464.0,0.48,86.2,0.44,682.98,0.49,130.0,0.43,557.0,0.5,209.0,0.42,534.0,0.51,338.0,0.41,529.0,0.52,365.4,0.52,86.2,0.55,464.0,0.51,130.0,0.56,682.98,0.5,204.0,0.57,557.0,0.49,328.0,0.58,534.0,0.48,365.4,0.59,529.0
2026-01-07 08:34:43.039000+00:00,2026-01-07 08:34:40.518368+00:00,283.039,0.475,0.47,0.48,0.525,0.52,0.53,14.0,91.2,86.2,99.0,0.46,189.0,0.49,160.0,0.45,473.99,0.5,184.0,0.44,653.0,0.51,328.0,0.43,512.0,0.52,375.4,0.42,534.0,0.53,240.78,0.51,135.0,0.54,159.0,0.5,224.0,0.55,473.99,0.49,328.0,0.56,653.0,0.48,375.4,0.57,512.0,0.47,240.78,0.58,534.0
2026-01-07 08:34:44.011000+00:00,2026-01-07 08:34:41.524444+00:00,284.011,0.475,0.47,0.48,0.525,0.52,0.53,219.0,41.2,41.2,219.0,0.46,54.0,0.49,130.0,0.45,473.99,0.5,209.0,0.44,653.0,0.51,338.0,0.43,512.0,0.52,328.0,0.42,534.0,0.53,250.78,0.51,130.0,0.54,54.0,0.5,209.0,0.55,473.99,0.49,562.0,0.56,429.0,0.48,328.0,0.57,512.0,0.47,250.78,0.58,534.0
2026-01-07 08:34:45.062000+00:00,2026-01-07 08:34:42.531244+00:00,285.062,0.475,0.47,0.48,0.525,0.52,0.53,209.0,41.2,41.2,209.0,0.46,64.0,0.49,135.0,0.45,548.99,0.5,224.0,0.44,429.0,0.51,552.0,0.43,512.0,0.52,318.0,0.42,534.0,0.53,255.78,0.51,135.0,0.54,64.0,0.5,224.0,0.55,548.99,0.49,552.0,0.56,429.0,0.48,318.0,0.57,512.0,0.47,255.78,0.58,534.0
2026-01-07 08:34:46.037000+00:00,2026-01-07 08:34:43.535568+00:00,286.037,0.475,0.47,0.48,0.525,0.52,0.53,65.0,86.2,86.2,65.0,0.46,204.0,0.49,135.0,0.45,503.99,0.5,224.0,0.44,429.0,0.51,552.0,0.43,454.0,0.52,338.0,0.42,571.8,0.53,255.78,0.51,135.0,0.54,204.0,0.5,224.0,0.55,503.99,0.49,552.0,0.56,429.0,0.48,338.0,0.57,499.0,0.47,255.78,0.58,571.8
2026-01-07 08:34:47.071000+00:00,2026-01-07 08:34:44.557158+00:00,287.071,0.46499999999999997,0.46,0.47,0.535,0.53,0.54,103.0,63.0,50.0,103.0,0.45,594.0,0.48,154.2,0.44,458.98,0.49,169.0,0.43,499.0,0.5,150.0,0.42,571.8,0.51,552.0,0.41,514.0,0.52,338.0,0.52,131.2,0.55,594.0,0.51,169.0,0.56,473.98,0.5,150.0,0.57,499.0,0.49,552.0,0.58,571.8,0.48,338.0,0.59,514.0
2026-01-07 08:34:48.982000+00:00,2026-01-07 08:34:46.585924+00:00,288.982,0.47,0.46,0.48,0.53,0.52,0.54,289.0,87.03,87.03,283.0,0.45,548.99,0.49,170.0,0.44,653.0,0.5,194.0,0.43,454.0,0.51,542.0,0.42,571.8,0.52,348.0,0.41,575.0,0.53,250.78,0.51,199.0,0.55,499.0,0.5,160.0,0.56,682.98,0.49,542.0,0.57,454.0,0.48,348.0,0.58,571.8,0.47,260.78,0.59,575.0
2026-01-07 08:34:50.108000+00:00,2026-01-07 08:34:47.593041+00:00,290.108,0.46499999999999997,0.46,0.47,0.535,0.53,0.54,233.0,5.0,5.0,233.0,0.45,554.0,0.48,127.03,0.44,697.98,0.49,169.0,0.43,454.0,0.5,150.0,0.42,571.8,0.51,552.0,0.41,575.0,0.52,338.0,0.52,127.03,0.55,554.0,0.51,169.0,0.56,697.98,0.5,150.0,0.57,454.0,0.49,552.0,0.58,571.8,0.48,338.0,0.59,575.0
2026-01-07 08:34:51.122000+00:00,2026-01-07 08:34:48.597500+00:00,291.122,0.46499999999999997,0.46,0.47,0.525,0.52,0.53,228.0,5.0,42.03,162.0,0.45,573.99,0.48,52.03,0.44,668.0,0.49,145.0,0.43,454.0,0.5,150.0,0.42,571.8,0.51,542.0,0.41,575.0,0.52,338.0,0.51,65.0,0.54,451.98,0.5,174.0,0.55,474.0,0.49,542.0,0.56,419.0,0.48,348.0,0.57,419.0,0.47,270.78,0.58,571.8
2026-01-07 08:34:52.102000+00:00,2026-01-07 08:34:49.620543+00:00,292.102,0.485,0.48,0.49,0.515,0.51,0.52,185.0,35.0,35.0,195.0,0.47,417.99,0.5,10.0,0.46,514.0,0.51,384.0,0.45,429.0,0.52,195.0,0.44,454.0,0.53,320.78,0.43,500.0,0.54,283.0,0.5,10.0,0.53,407.99,0.49,379.0,0.54,524.0,0.48,185.0,0.55,429.0,0.47,320.78,0.56,454.0,0.46,293.0,0.57,500.0
2026-01-07 08:34:53.963000+00:00,2026-01-07 08:34:51.631065+00:00,293.963,0.485,0.48,0.49,0.515,0.51,0.52,155.0,23.17,68.17,30.0,0.47,427.99,0.5,90.0,0.46,539.0,0.51,414.0,0.45,429.0,0.52,206.0,0.44,454.0,0.53,330.78,0.43,500.0,0.54,283.0,0.5,100.0,0.53,448.0,0.49,404.0,0.54,553.98,0.48,196.0,0.55,429.0,0.47,330.78,0.56,454.0,0.46,283.0,0.57,500.0
2026-01-07 08:34:55.983000+00:00,2026-01-07 08:34:53.642749+00:00,295.983,0.435,0.43,0.44,0.565,0.56,0.57,246.0,75.0,75.0,200.0,0.42,509.0,0.45,91.0,0.41,594.0,0.46,90.0,0.4,581.49,0.47,248.0,0.39,568.0,0.48,333.0,0.38,459.5,0.49,333.0,0.55,85.0,0.58,544.5,0.54,90.0,0.59,569.0,0.53,238.0,0.6,581.49,0.52,333.0,0.61,568.0,0.51,333.0,0.62,459.5
2026-01-07 08:34:57.158000+00:00,2026-01-07 08:34:54.647821+00:00,297.158,0.435,0.43,0.44,0.585,0.58,0.59,118.82,125.54,45.0,293.0,0.42,304.0,0.45,187.0,0.41,476.0,0.46,212.0,0.4,606.5,0.47,487.0,0.39,547.2,0.48,333.0,0.38,448.99,0.49,298.0,0.57,110.0,0.6,438.5,0.56,100.54,0.61,532.2,0.55,273.0,0.62,448.99,0.54,273.0,0.63,502.0,0.53,487.0,0.64,469.6
2026-01-07 08:34:58.062000+00:00,2026-01-07 08:34:55.669205+00:00,298.062,0.415,0.41,0.42,0.585,0.58,0.59,208.0,60.0,50.0,208.0,0.4,318.5,0.43,110.0,0.39,561.72,0.44,100.54,0.38,492.19,0.45,273.0,0.37,502.0,0.46,357.0,0.36,469.6,0.47,557.0,0.57,105.0,0.6,433.5,0.56,110.54,0.61,489.0,0.55,263.0,0.62,502.19,0.54,357.0,0.63,502.0,0.53,557.0,0.64,469.6
