timestamp,collected_at,seconds,mid,bid,ask,asset
2026-01-06 11:00:00+00:00,2026-01-06 11:08:44.627926+00:00,0.0,3226.421,3226.28,3226.74,ETH
2026-01-06 11:00:01+00:00,2026-01-06 11:08:45.637168+00:00,1.0,3226.421,3226.28,3226.71,ETH
2026-01-06 11:00:02+00:00,2026-01-06 11:08:46.693863+00:00,2.0,3226.531,3226.31,3226.74,ETH
2026-01-06 11:00:03+00:00,2026-01-06 11:08:47.710376+00:00,3.0,3226.461,3226.33,3226.72,ETH
2026-01-06 11:00:04+00:00,2026-01-06 11:08:48.700349+00:00,4.0,3226.451,3226.33,3226.74,ETH
2026-01-06 11:00:05+00:00,2026-01-06 11:08:49.684849+00:00,5.0,3226.541,3226.33,3226.8,ETH
2026-01-06 11:00:06+00:00,2026-01-06 11:08:50.701823+00:00,6.0,3226.541,3226.33,3226.76,ETH
2026-01-06 11:00:07+00:00,2026-01-06 11:08:51.702309+00:00,7.0,3226.541,3226.33,3226.71,ETH
2026-01-06 11:00:08+00:00,2026-01-06 11:08:52.705693+00:00,8.0,3226.441,3226.31,3226.71,ETH
2026-01-06 11:00:09+00:00,2026-01-06 11:08:53.723801+00:00,9.0,3226.421,3226.3,3226.71,ETH
2026-01-06 11:00:10+00:00,2026-01-06 11:08:54.725941+00:00,10.0,3226.501,3226.31,3226.71,ETH
2026-01-06 11:00:11+00:00,2026-01-06 11:08:55.723386+00:00,11.0,3226.511,3226.31,3226.71,ETH
2026-01-06 11:00:12+00:00,2026-01-06 11:08:56.730923+00:00,12.0,3226.521,3226.31,3226.71,ETH
2026-01-06 11:00:13+00:00,2026-01-06 11:08:57.739168+00:00,13.0,3226.421,3226.31,3226.71,ETH
2026-01-06 11:00:14+00:00,2026-01-06 11:08:58.732211+00:00,14.0,3226.521,3226.31,3226.71,ETH
2026-01-06 11:00:15+00:00,2026-01-06 11:08:59.757621+00:00,15.0,3226.441,3226.31,3226.71,ETH
2026-01-06 11:00:16+00:00,2026-01-06 11:09:00.747876+00:00,16.0,3226.991,3226.8,3227.32,ETH
2026-01-06 11:00:17+00:00,2026-01-06 11:09:01.777411+00:00,17.0,3227.431,3227.22,3227.68,ETH
2026-01-06 11:00:18+00:00,2026-01-06 11:09:02.787544+00:00,18.0,3227.441,3227.23,3227.68,ETH
2026-01-06 11:00:19+00:00,2026-01-06 11:09:03.795825+00:00,19.0,3227.441,3227.23,3227.68,ETH
2026-01-06 11:00:20+00:00,2026-01-06 11:09:04.978627+00:00,20.0,3227.481,3227.23,3227.73,ETH
2026-01-06 11:00:21+00:00,2026-01-06 11:09:05.978299+00:00,21.0,3227.591,3227.4,3227.83,ETH
2026-01-06 11:00:22+00:00,2026-01-06 11:09:06.975038+00:00,22.0,3227.661,3227.4,3227.83,ETH
2026-01-06 11:00:23+00:00,2026-01-06 11:09:07.976419+00:00,23.0,3227.971,3227.74,3228.04,ETH
2026-01-06 11:00:24+00:00,2026-01-06 11:09:08.973523+00:00,24.0,3227.821,3227.73,3228.04,ETH
2026-01-06 11:00:25+00:00,2026-01-06 11:09:09.975604+00:00,25.0,3227.941,3227.74,3228.04,ETH
2026-01-06 11:00:26+00:00,2026-01-06 11:09:10.980712+00:00,26.0,3227.961,3227.72,3228.04,ETH
2026-01-06 11:00:27+00:00,2026-01-06 11:09:11.993342+00:00,27.0,3227.981,3227.71,3228.04,ETH
2026-01-06 11:00:28+00:00,2026-01-06 11:09:12.990289+00:00,28.0,3228.001,3227.74,3228.05,ETH
2026-01-06 11:00:29+00:00,2026-01-06 11:09:13.976065+00:00,29.0,3227.991,3227.73,3228.08,ETH
2026-01-06 11:00:30+00:00,2026-01-06 11:09:14.974447+00:00,30.0,3227.991,3227.72,3228.12,ETH
2026-01-06 11:00:31+00:00,2026-01-06 11:09:15.990383+00:00,31.0,3228.011,3227.73,3228.12,ETH
2026-01-06 11:00:32+00:00,2026-01-06 11:09:16.997071+00:00,32.0,3228.001,3227.73,3228.12,ETH
2026-01-06 11:00:33+00:00,2026-01-06 11:09:18.013811+00:00,33.0,3227.991,3227.73,3228.12,ETH
2026-01-06 11:00:34+00:00,2026-01-06 11:09:19.027972+00:00,34.0,3227.991,3227.73,3228.12,ETH
2026-01-06 11:00:35+00:00,2026-01-06 11:09:20.057752+00:00,35.0,3228.011,3227.73,3228.12,ETH
2026-01-06 11:00:36+00:00,2026-01-06 11:09:21.056595+00:00,36.0,3227.961,3227.73,3228.12,ETH
2026-01-06 11:00:37+00:00,2026-01-06 11:09:22.074046+00:00,37.0,3227.941,3227.72,3228.12,ETH
2026-01-06 11:00:38+00:00,2026-01-06 11:09:23.079734+00:00,38.0,3228.011,3227.73,3228.13,ETH
2026-01-06 11:00:39+00:00,2026-01-06 11:09:24.077120+00:00,39.0,3228.001,3227.73,3228.12,ETH
2026-01-06 11:00:40+00:00,2026-01-06 11:09:25.080039+00:00,40.0,3228.011,3227.73,3228.12,ETH
2026-01-06 11:00:41+00:00,2026-01-06 11:09:26.083047+00:00,41.0,3228.011,3227.74,3228.26,ETH
2026-01-06 11:00:42+00:00,2026-01-06 11:09:27.091206+00:00,42.0,3228.021,3227.74,3228.26,ETH
2026-01-06 11:00:43+00:00,2026-01-06 11:09:28.094769+00:00,43.0,3227.821,3227.7,3228.26,ETH
2026-01-06 11:00:44+00:00,2026-01-06 11:09:29.114828+00:00,44.0,3228.001,3227.74,3228.26,ETH
2026-01-06 11:00:45+00:00,2026-01-06 11:09:30.125389+00:00,45.0,3228.011,3227.73,3228.26,ETH
2026-01-06 11:00:46+00:00,2026-01-06 11:09:31.126497+00:00,46.0,3228.011,3227.73,3228.26,ETH
2026-01-06 11:00:47+00:00,2026-01-06 11:09:32.138497+00:00,47.0,3228.031,3227.74,3228.26,ETH
2026-01-06 11:00:48+00:00,2026-01-06 11:09:33.157989+00:00,48.0,3228.111,3227.86,3228.29,ETH
2026-01-06 11:00:49+00:00,2026-01-06 11:09:34.173747+00:00,49.0,3228.121,3227.86,3228.53,ETH
2026-01-06 11:00:50+00:00,2026-01-06 11:09:35.173710+00:00,50.0,3228.291,3228.11,3228.73,ETH
2026-01-06 11:00:51+00:00,2026-01-06 11:09:36.172770+00:00,51.0,3228.381,3228.11,3228.8,ETH
2026-01-06 11:00:52+00:00,2026-01-06 11:09:37.192362+00:00,52.0,3228.381,3228.11,3228.81,ETH
2026-01-06 11:00:53+00:00,2026-01-06 11:09:38.179744+00:00,53.0,3228.381,3228.11,3228.8,ETH
2026-01-06 11:00:54+00:00,2026-01-06 11:09:39.178558+00:00,54.0,3228.381,3228.1,3228.83,ETH
2026-01-06 11:00:55+00:00,2026-01-06 11:09:40.185148+00:00,55.0,3228.381,3228.1,3228.77,ETH
2026-01-06 11:00:56+00:00,2026-01-06 11:09:41.193133+00:00,56.0,3228.251,3228.1,3228.7,ETH
2026-01-06 11:00:57+00:00,2026-01-06 11:09:42.201976+00:00,57.0,3228.501,3228.33,3228.79,ETH
2026-01-06 11:00:58+00:00,2026-01-06 11:09:43.207021+00:00,58.0,3228.551,3228.31,3228.86,ETH
2026-01-06 11:00:59+00:00,2026-01-06 11:09:44.210602+00:00,59.0,3228.631,3228.39,3228.96,ETH
2026-01-06 11:01:00+00:00,2026-01-06 11:09:45.208126+00:00,60.0,3228.741,3228.44,3228.97,ETH
2026-01-06 11:01:01+00:00,2026-01-06 11:09:47.203992+00:00,61.0,3228.741,3228.45,3228.96,ETH
2026-01-06 11:01:02+00:00,2026-01-06 11:09:48.218532+00:00,62.0,3228.741,3228.45,3228.99,ETH
2026-01-06 11:01:04+00:00,2026-01-06 11:09:49.281026+00:00,64.0,3228.821,3228.57,3229.02,ETH
2026-01-06 11:01:05+00:00,2026-01-06 11:09:50.292446+00:00,65.0,3228.851,3228.57,3229.12,ETH
2026-01-06 11:01:06+00:00,2026-01-06 11:09:51.293526+00:00,66.0,3229.261,3229.04,3229.52,ETH
2026-01-06 11:01:07+00:00,2026-01-06 11:09:52.280527+00:00,67.0,3229.351,3229.06,3229.63,ETH
2026-01-06 11:01:08+00:00,2026-01-06 11:09:53.280592+00:00,68.0,3229.921,3229.62,3230.17,ETH
2026-01-06 11:01:09+00:00,2026-01-06 11:09:54.292072+00:00,69.0,3229.921,3229.63,3230.22,ETH
2026-01-06 11:01:10+00:00,2026-01-06 11:09:55.285357+00:00,70.0,3229.921,3229.63,3230.22,ETH
2026-01-06 11:01:11+00:00,2026-01-06 11:09:56.292943+00:00,71.0,3229.921,3229.63,3230.23,ETH
2026-01-06 11:01:12+00:00,2026-01-06 11:09:57.285946+00:00,72.0,3229.911,3229.63,3230.22,ETH
2026-01-06 11:01:13+00:00,2026-01-06 11:09:58.290437+00:00,73.0,3229.911,3229.63,3230.22,ETH
2026-01-06 11:01:14+00:00,2026-01-06 11:09:59.286334+00:00,74.0,3229.911,3229.63,3230.22,ETH
2026-01-06 11:01:15+00:00,2026-01-06 11:10:00.296349+00:00,75.0,3229.911,3229.63,3230.22,ETH
2026-01-06 11:01:16+00:00,2026-01-06 11:10:01.297604+00:00,76.0,3229.911,3229.63,3230.21,ETH
2026-01-06 11:01:17+00:00,2026-01-06 11:10:02.298682+00:00,77.0,3229.911,3229.65,3230.22,ETH
2026-01-06 11:01:18+00:00,2026-01-06 11:10:03.301807+00:00,78.0,3229.911,3229.65,3230.22,ETH
2026-01-06 11:01:19+00:00,2026-01-06 11:10:04.331887+00:00,79.0,3229.911,3229.67,3230.22,ETH
2026-01-06 11:01:20+00:00,2026-01-06 11:10:05.325103+00:00,80.0,3229.971,3229.67,3230.27,ETH
2026-01-06 11:01:21+00:00,2026-01-06 11:10:06.338131+00:00,81.0,3229.971,3229.67,3230.22,ETH
2026-01-06 11:01:22+00:00,2026-01-06 11:10:07.361951+00:00,82.0,3229.971,3229.68,3230.22,ETH
2026-01-06 11:01:23+00:00,2026-01-06 11:10:08.375663+00:00,83.0,3229.971,3229.67,3230.23,ETH
2026-01-06 11:01:24+00:00,2026-01-06 11:10:09.377801+00:00,84.0,3229.981,3229.7,3230.22,ETH
2026-01-06 11:01:25+00:00,2026-01-06 11:10:11.387299+00:00,85.0,3229.981,3229.7,3230.22,ETH
2026-01-06 11:01:26+00:00,2026-01-06 11:10:12.403599+00:00,86.0,3230.001,3229.77,3230.26,ETH
2026-01-06 11:01:27+00:00,2026-01-06 11:10:13.422104+00:00,87.0,3230.071,3229.85,3230.35,ETH
2026-01-06 11:01:28+00:00,2026-01-06 11:10:14.440008+00:00,88.0,3230.251,3229.98,3230.55,ETH
2026-01-06 11:01:29+00:00,2026-01-06 11:10:15.438381+00:00,89.0,3230.391,3230.13,3230.7,ETH
2026-01-06 11:01:30+00:00,2026-01-06 11:10:16.451483+00:00,90.0,3230.451,3230.18,3230.75,ETH
2026-01-06 11:01:31+00:00,2026-01-06 11:10:17.455671+00:00,91.0,3230.652,3230.35,3230.87,ETH
2026-01-06 11:01:32+00:00,2026-01-06 11:10:18.471875+00:00,92.0,3230.812,3230.49,3230.99,ETH
2026-01-06 11:01:33+00:00,2026-01-06 11:10:19.469344+00:00,93.0,3230.812,3230.5,3231.06,ETH
2026-01-06 11:01:34+00:00,2026-01-06 11:10:20.475123+00:00,94.0,3230.802,3230.51,3231.05,ETH
2026-01-06 11:01:35+00:00,2026-01-06 11:10:21.499687+00:00,95.0,3230.802,3230.51,3231.04,ETH
2026-01-06 11:01:36+00:00,2026-01-06 11:10:22.495751+00:00,96.0,3230.812,3230.51,3231.06,ETH
2026-01-06 11:01:37+00:00,2026-01-06 11:10:23.510881+00:00,97.0,3230.812,3230.51,3231.06,ETH
2026-01-06 11:01:38+00:00,2026-01-06 11:10:24.524187+00:00,98.0,3230.812,3230.51,3231.07,ETH
2026-01-06 11:01:39+00:00,2026-01-06 11:10:25.529862+00:00,99.0,3230.812,3230.53,3231.09,ETH
2026-01-06 11:01:40+00:00,2026-01-06 11:10:26.536403+00:00,100.0,3230.812,3230.55,3231.08,ETH
2026-01-06 11:01:41+00:00,2026-01-06 11:10:27.539869+00:00,101.0,3230.812,3230.55,3231.08,ETH
2026-01-06 11:01:42+00:00,2026-01-06 11:10:28.534308+00:00,102.0,3230.812,3230.55,3231.08,ETH
2026-01-06 11:01:43+00:00,2026-01-06 11:10:29.537118+00:00,103.0,3230.812,3230.55,3231.07,ETH
2026-01-06 11:01:44+00:00,2026-01-06 11:10:30.533019+00:00,104.0,3230.812,3230.55,3231.06,ETH
2026-01-06 11:01:45+00:00,2026-01-06 11:10:31.537676+00:00,105.0,3230.812,3230.55,3231.06,ETH
2026-01-06 11:01:46+00:00,2026-01-06 11:10:32.534152+00:00,106.0,3230.812,3230.55,3231.07,ETH
2026-01-06 11:01:47+00:00,2026-01-06 11:10:33.535432+00:00,107.0,3230.812,3230.55,3231.07,ETH
2026-01-06 11:01:48+00:00,2026-01-06 11:10:34.622355+00:00,108.0,3230.772,3230.56,3231.08,ETH
2026-01-06 11:01:49+00:00,2026-01-06 11:10:35.612652+00:00,109.0,3230.772,3230.56,3231.09,ETH
2026-01-06 11:01:50+00:00,2026-01-06 11:10:36.606115+00:00,110.0,3230.812,3230.55,3231.09,ETH
2026-01-06 11:01:51+00:00,2026-01-06 11:10:37.621483+00:00,111.0,3230.812,3230.55,3231.07,ETH
2026-01-06 11:01:52+00:00,2026-01-06 11:10:38.636824+00:00,112.0,3230.812,3230.55,3231.04,ETH
2026-01-06 11:01:53+00:00,2026-01-06 11:10:39.652601+00:00,113.0,3230.812,3230.53,3230.98,ETH
2026-01-06 11:01:54+00:00,2026-01-06 11:10:40.668879+00:00,114.0,3230.772,3230.49,3230.95,ETH
2026-01-06 11:01:55+00:00,2026-01-06 11:10:41.691099+00:00,115.0,3230.732,3230.48,3230.95,ETH
2026-01-06 11:01:56+00:00,2026-01-06 11:10:42.674736+00:00,116.0,3230.712,3230.48,3230.95,ETH
2026-01-06 11:01:57+00:00,2026-01-06 11:10:43.702012+00:00,117.0,3230.662,3230.48,3230.95,ETH
2026-01-06 11:01:58+00:00,2026-01-06 11:10:44.707996+00:00,118.0,3230.642,3230.47,3230.89,ETH
2026-01-06 11:01:59+00:00,2026-01-06 11:10:45.728228+00:00,119.0,3230.672,3230.47,3230.84,ETH
2026-01-06 11:02:01+00:00,2026-01-06 11:10:46.773842+00:00,121.0,3230.672,3230.47,3230.89,ETH
2026-01-06 11:02:02+00:00,2026-01-06 11:10:47.790079+00:00,122.0,3230.692,3230.47,3230.93,ETH
2026-01-06 11:02:03+00:00,2026-01-06 11:10:48.770502+00:00,123.0,3230.702,3230.47,3230.91,ETH
2026-01-06 11:02:04+00:00,2026-01-06 11:10:49.778717+00:00,124.0,3230.742,3230.47,3230.9,ETH
2026-01-06 11:02:05+00:00,2026-01-06 11:10:50.780064+00:00,125.0,3231.172,3230.99,3231.34,ETH
2026-01-06 11:02:06+00:00,2026-01-06 11:10:51.787478+00:00,126.0,3231.182,3230.99,3231.44,ETH
2026-01-06 11:02:07+00:00,2026-01-06 11:10:52.797807+00:00,127.0,3231.362,3231.13,3231.63,ETH
2026-01-06 11:02:08+00:00,2026-01-06 11:10:53.816945+00:00,128.0,3231.362,3231.14,3231.63,ETH
2026-01-06 11:02:09+00:00,2026-01-06 11:10:54.823685+00:00,129.0,3232.032,3231.75,3232.19,ETH
2026-01-06 11:02:10+00:00,2026-01-06 11:10:55.839318+00:00,130.0,3232.032,3231.75,3232.32,ETH
2026-01-06 11:02:11+00:00,2026-01-06 11:10:56.859461+00:00,131.0,3232.232,3231.98,3232.44,ETH
2026-01-06 11:02:12+00:00,2026-01-06 11:10:57.878004+00:00,132.0,3232.232,3231.98,3232.38,ETH
2026-01-06 11:02:13+00:00,2026-01-06 11:10:58.871296+00:00,133.0,3232.232,3231.98,3232.37,ETH
2026-01-06 11:02:14+00:00,2026-01-06 11:10:59.870884+00:00,134.0,3232.222,3231.98,3232.41,ETH
2026-01-06 11:02:15+00:00,2026-01-06 11:11:01.905437+00:00,135.0,3232.132,3231.88,3232.24,ETH
2026-01-06 11:02:16+00:00,2026-01-06 11:11:02.896749+00:00,136.0,3232.092,3231.78,3232.2,ETH
2026-01-06 11:02:17+00:00,2026-01-06 11:11:03.889978+00:00,137.0,3232.082,3231.78,3232.24,ETH
2026-01-06 11:02:18+00:00,2026-01-06 11:11:04.903794+00:00,138.0,3232.102,3231.8,3232.29,ETH
2026-01-06 11:02:19+00:00,2026-01-06 11:11:05.921258+00:00,139.0,3232.112,3231.8,3232.32,ETH
2026-01-06 11:02:20+00:00,2026-01-06 11:11:06.917764+00:00,140.0,3232.112,3231.8,3232.33,ETH
2026-01-06 11:02:21+00:00,2026-01-06 11:11:07.940572+00:00,141.0,3232.122,3231.81,3232.38,ETH
2026-01-06 11:02:22+00:00,2026-01-06 11:11:08.939436+00:00,142.0,3232.122,3231.81,3232.43,ETH
2026-01-06 11:02:23+00:00,2026-01-06 11:11:09.956044+00:00,143.0,3232.152,3231.84,3232.47,ETH
2026-01-06 11:02:24+00:00,2026-01-06 11:11:10.955646+00:00,144.0,3232.192,3231.87,3232.51,ETH
2026-01-06 11:02:25+00:00,2026-01-06 11:11:11.954010+00:00,145.0,3232.192,3231.88,3232.52,ETH
2026-01-06 11:02:26+00:00,2026-01-06 11:11:12.966614+00:00,146.0,3232.192,3231.88,3232.52,ETH
2026-01-06 11:02:27+00:00,2026-01-06 11:11:13.972235+00:00,147.0,3232.192,3231.88,3232.52,ETH
2026-01-06 11:02:28+00:00,2026-01-06 11:11:14.987031+00:00,148.0,3232.182,3231.88,3232.49,ETH
2026-01-06 11:02:29+00:00,2026-01-06 11:11:16.006179+00:00,149.0,3232.172,3231.87,3232.46,ETH
2026-01-06 11:02:30+00:00,2026-01-06 11:11:17.001496+00:00,150.0,3232.172,3231.88,3232.46,ETH
2026-01-06 11:02:31+00:00,2026-01-06 11:11:18.021708+00:00,151.0,3232.182,3231.88,3232.48,ETH
2026-01-06 11:02:32+00:00,2026-01-06 11:11:19.008347+00:00,152.0,3232.192,3231.88,3232.5,ETH
2026-01-06 11:02:33+00:00,2026-01-06 11:11:19.990811+00:00,153.0,3232.192,3231.87,3232.52,ETH
2026-01-06 11:02:34+00:00,2026-01-06 11:11:20.987114+00:00,154.0,3232.202,3231.88,3232.54,ETH
2026-01-06 11:02:35+00:00,2026-01-06 11:11:21.987976+00:00,155.0,3232.212,3231.95,3232.55,ETH
2026-01-06 11:02:36+00:00,2026-01-06 11:11:22.992443+00:00,156.0,3232.232,3232.01,3232.6,ETH
2026-01-06 11:02:37+00:00,2026-01-06 11:11:23.988686+00:00,157.0,3232.692,3232.41,3233.05,ETH
2026-01-06 11:02:38+00:00,2026-01-06 11:11:24.988875+00:00,158.0,3233.122,3232.8,3233.44,ETH
2026-01-06 11:02:39+00:00,2026-01-06 11:11:25.987187+00:00,159.0,3233.192,3232.85,3233.5,ETH
2026-01-06 11:02:40+00:00,2026-01-06 11:11:27.002917+00:00,160.0,3233.302,3232.97,3233.65,ETH
2026-01-06 11:02:41+00:00,2026-01-06 11:11:28.009461+00:00,161.0,3233.302,3232.99,3233.65,ETH
2026-01-06 11:02:42+00:00,2026-01-06 11:11:29.021465+00:00,162.0,3233.262,3232.99,3233.42,ETH
2026-01-06 11:02:43+00:00,2026-01-06 11:11:30.006543+00:00,163.0,3233.262,3232.98,3233.43,ETH
2026-01-06 11:02:44+00:00,2026-01-06 11:11:31.021460+00:00,164.0,3233.292,3232.97,3233.58,ETH
2026-01-06 11:02:45+00:00,2026-01-06 11:11:32.015567+00:00,165.0,3233.732,3233.71,3233.74,ETH
2026-01-06 11:02:46+00:00,2026-01-06 11:11:33.038409+00:00,166.0,3233.932,3233.91,3233.95,ETH
2026-01-06 11:02:47+00:00,2026-01-06 11:11:34.037456+00:00,167.0,3234.062,3233.88,3234.19,ETH
2026-01-06 11:02:48+00:00,2026-01-06 11:11:35.039507+00:00,168.0,3233.802,3233.6,3233.9,ETH
2026-01-06 11:02:49+00:00,2026-01-06 11:11:36.045194+00:00,169.0,3233.512,3233.24,3233.59,ETH
2026-01-06 11:02:50+00:00,2026-01-06 11:11:37.058028+00:00,170.0,3233.522,3233.23,3233.71,ETH
2026-01-06 11:02:51+00:00,2026-01-06 11:11:38.081797+00:00,171.0,3233.472,3233.23,3233.67,ETH
2026-01-06 11:02:52+00:00,2026-01-06 11:11:39.084825+00:00,172.0,3233.302,3233.07,3233.36,ETH
2026-01-06 11:02:53+00:00,2026-01-06 11:11:40.096681+00:00,173.0,3233.252,3233.06,3233.35,ETH
2026-01-06 11:02:54+00:00,2026-01-06 11:11:41.086159+00:00,174.0,3233.162,3232.96,3233.25,ETH
2026-01-06 11:02:55+00:00,2026-01-06 11:11:42.074736+00:00,175.0,3233.042,3232.88,3233.2,ETH
2026-01-06 11:02:56+00:00,2026-01-06 11:11:43.098111+00:00,176.0,3233.192,3232.88,3233.34,ETH
2026-01-06 11:02:57+00:00,2026-01-06 11:11:44.104049+00:00,177.0,3233.192,3232.89,3233.37,ETH
2026-01-06 11:02:58+00:00,2026-01-06 11:11:45.115342+00:00,178.0,3233.192,3232.89,3233.49,ETH
2026-01-06 11:02:59+00:00,2026-01-06 11:11:46.114516+00:00,179.0,3233.202,3232.9,3233.5,ETH
2026-01-06 11:03:00+00:00,2026-01-06 11:11:47.122162+00:00,180.0,3233.262,3232.96,3233.5,ETH
2026-01-06 11:03:01+00:00,2026-01-06 11:11:48.137979+00:00,181.0,3233.272,3232.98,3233.62,ETH
2026-01-06 11:03:02+00:00,2026-01-06 11:11:49.151680+00:00,182.0,3233.922,3233.68,3234.26,ETH
2026-01-06 11:03:03+00:00,2026-01-06 11:11:50.211929+00:00,183.0,3233.912,3233.67,3234.28,ETH
2026-01-06 11:03:04+00:00,2026-01-06 11:11:51.197762+00:00,184.0,3233.912,3233.67,3234.23,ETH
2026-01-06 11:03:05+00:00,2026-01-06 11:11:52.206619+00:00,185.0,3234.162,3233.87,3234.46,ETH
2026-01-06 11:03:06+00:00,2026-01-06 11:11:53.212143+00:00,186.0,3234.342,3233.97,3234.71,ETH
2026-01-06 11:03:07+00:00,2026-01-06 11:11:54.214511+00:00,187.0,3234.452,3234.22,3234.82,ETH
2026-01-06 11:03:08+00:00,2026-01-06 11:11:55.220245+00:00,188.0,3234.452,3234.28,3234.84,ETH
2026-01-06 11:03:09+00:00,2026-01-06 11:11:56.224555+00:00,189.0,3234.462,3234.21,3234.8,ETH
2026-01-06 11:03:10+00:00,2026-01-06 11:11:57.213412+00:00,190.0,3234.462,3234.21,3234.69,ETH
2026-01-06 11:03:11+00:00,2026-01-06 11:11:58.227871+00:00,191.0,3234.432,3234.12,3234.63,ETH
2026-01-06 11:03:12+00:00,2026-01-06 11:11:59.252127+00:00,192.0,3234.372,3234.07,3234.46,ETH
2026-01-06 11:03:13+00:00,2026-01-06 11:12:00.270389+00:00,193.0,3234.272,3233.97,3234.39,ETH
2026-01-06 11:03:14+00:00,2026-01-06 11:12:01.281949+00:00,194.0,3234.452,3234.16,3234.8,ETH
2026-01-06 11:03:15+00:00,2026-01-06 11:12:02.292824+00:00,195.0,3234.472,3234.16,3234.78,ETH
2026-01-06 11:03:16+00:00,2026-01-06 11:12:03.303830+00:00,196.0,3234.462,3234.16,3234.61,ETH
2026-01-06 11:03:17+00:00,2026-01-06 11:12:04.304829+00:00,197.0,3234.462,3234.16,3234.6,ETH
2026-01-06 11:03:18+00:00,2026-01-06 11:12:05.303919+00:00,198.0,3234.472,3234.17,3234.6,ETH
2026-01-06 11:03:19+00:00,2026-01-06 11:12:06.304786+00:00,199.0,3234.462,3234.16,3234.7,ETH
2026-01-06 11:03:20+00:00,2026-01-06 11:12:07.309497+00:00,200.0,3234.462,3234.16,3234.64,ETH
2026-01-06 11:03:21+00:00,2026-01-06 11:12:08.317962+00:00,201.0,3234.472,3234.16,3234.75,ETH
2026-01-06 11:03:22+00:00,2026-01-06 11:12:09.323149+00:00,202.0,3234.462,3234.16,3234.76,ETH
2026-01-06 11:03:23+00:00,2026-01-06 11:12:10.318982+00:00,203.0,3234.462,3234.16,3234.7,ETH
2026-01-06 11:03:24+00:00,2026-01-06 11:12:11.317385+00:00,204.0,3234.462,3234.16,3234.67,ETH
2026-01-06 11:03:25+00:00,2026-01-06 11:12:12.335690+00:00,205.0,3234.472,3234.16,3234.7,ETH
2026-01-06 11:03:26+00:00,2026-01-06 11:12:13.321398+00:00,206.0,3234.472,3234.16,3234.68,ETH
2026-01-06 11:03:27+00:00,2026-01-06 11:12:14.339477+00:00,207.0,3234.152,3234.08,3234.21,ETH
2026-01-06 11:03:28+00:00,2026-01-06 11:12:15.337291+00:00,208.0,3233.942,3233.67,3234.21,ETH
2026-01-06 11:03:29+00:00,2026-01-06 11:12:16.351500+00:00,209.0,3233.752,3233.67,3233.95,ETH
2026-01-06 11:03:30+00:00,2026-01-06 11:12:17.357582+00:00,210.0,3233.822,3233.62,3234.04,ETH
2026-01-06 11:03:31+00:00,2026-01-06 11:12:18.364434+00:00,211.0,3233.852,3233.7,3234.04,ETH
2026-01-06 11:03:32+00:00,2026-01-06 11:12:19.370362+00:00,212.0,3234.032,3233.73,3234.26,ETH
2026-01-06 11:03:33+00:00,2026-01-06 11:12:20.380535+00:00,213.0,3233.982,3233.67,3234.12,ETH
2026-01-06 11:03:34+00:00,2026-01-06 11:12:21.388016+00:00,214.0,3233.982,3233.67,3234.18,ETH
2026-01-06 11:03:35+00:00,2026-01-06 11:12:22.401094+00:00,215.0,3233.932,3233.66,3234.09,ETH
2026-01-06 11:03:36+00:00,2026-01-06 11:12:23.415434+00:00,216.0,3234.092,3233.83,3234.14,ETH
2026-01-06 11:03:37+00:00,2026-01-06 11:12:24.417383+00:00,217.0,3234.132,3233.85,3234.44,ETH
2026-01-06 11:03:38+00:00,2026-01-06 11:12:25.435190+00:00,218.0,3234.192,3233.85,3234.49,ETH
2026-01-06 11:03:39+00:00,2026-01-06 11:12:26.448813+00:00,219.0,3234.442,3234.12,3234.74,ETH
2026-01-06 11:03:40+00:00,2026-01-06 11:12:27.467580+00:00,220.0,3234.442,3234.22,3234.77,ETH
2026-01-06 11:03:41+00:00,2026-01-06 11:12:28.463908+00:00,221.0,3234.582,3234.32,3234.95,ETH
2026-01-06 11:03:42+00:00,2026-01-06 11:12:29.482115+00:00,222.0,3234.682,3234.4,3234.99,ETH
2026-01-06 11:03:43+00:00,2026-01-06 11:12:30.498659+00:00,223.0,3234.762,3234.49,3235.1,ETH
2026-01-06 11:03:44+00:00,2026-01-06 11:12:31.517928+00:00,224.0,3234.802,3234.53,3235.0,ETH
2026-01-06 11:03:45+00:00,2026-01-06 11:12:32.518569+00:00,225.0,3234.842,3234.56,3234.9,ETH
2026-01-06 11:03:46+00:00,2026-01-06 11:12:33.518720+00:00,226.0,3234.572,3234.49,3234.75,ETH
2026-01-06 11:03:47+00:00,2026-01-06 11:12:34.516048+00:00,227.0,3234.522,3234.31,3234.72,ETH
2026-01-06 11:03:48+00:00,2026-01-06 11:12:35.532522+00:00,228.0,3234.562,3234.29,3234.61,ETH
2026-01-06 11:03:49+00:00,2026-01-06 11:12:36.535055+00:00,229.0,3234.262,3234.22,3234.57,ETH
2026-01-06 11:03:50+00:00,2026-01-06 11:12:37.534143+00:00,230.0,3234.342,3234.14,3234.57,ETH
2026-01-06 11:03:51+00:00,2026-01-06 11:12:39.569339+00:00,231.0,3234.192,3234.14,3234.48,ETH
2026-01-06 11:03:52+00:00,2026-01-06 11:12:40.562853+00:00,232.0,3234.202,3234.08,3234.37,ETH
2026-01-06 11:03:53+00:00,2026-01-06 11:12:41.583449+00:00,233.0,3234.252,3234.02,3234.37,ETH
2026-01-06 11:03:54+00:00,2026-01-06 11:12:42.608544+00:00,234.0,3234.302,3234.02,3234.49,ETH
2026-01-06 11:03:55+00:00,2026-01-06 11:12:43.621985+00:00,235.0,3234.262,3234.02,3234.48,ETH
2026-01-06 11:03:56+00:00,2026-01-06 11:12:44.628996+00:00,236.0,3234.242,3234.0,3234.45,ETH
2026-01-06 11:03:57+00:00,2026-01-06 11:12:45.638279+00:00,237.0,3234.282,3233.97,3234.38,ETH
2026-01-06 11:03:59+00:00,2026-01-06 11:12:46.710079+00:00,239.0,3234.192,3234.03,3234.45,ETH
2026-01-06 11:04:00+00:00,2026-01-06 11:12:47.714309+00:00,240.0,3234.342,3234.02,3234.53,ETH
2026-01-06 11:04:01+00:00,2026-01-06 11:12:48.699993+00:00,241.0,3234.342,3234.02,3234.48,ETH
2026-01-06 11:04:02+00:00,2026-01-06 11:12:49.706754+00:00,242.0,3234.292,3234.01,3234.38,ETH
2026-01-06 11:04:03+00:00,2026-01-06 11:12:50.725362+00:00,243.0,3234.322,3234.03,3234.41,ETH
2026-01-06 11:04:04+00:00,2026-01-06 11:12:51.704234+00:00,244.0,3234.332,3234.02,3234.42,ETH
2026-01-06 11:04:05+00:00,2026-01-06 11:12:52.709169+00:00,245.0,3234.192,3234.01,3234.3,ETH
2026-01-06 11:04:06+00:00,2026-01-06 11:12:53.717593+00:00,246.0,3234.132,3233.89,3234.3,ETH
2026-01-06 11:04:07+00:00,2026-01-06 11:12:54.702680+00:00,247.0,3234.002,3233.84,3234.26,ETH
2026-01-06 11:04:08+00:00,2026-01-06 11:12:55.708973+00:00,248.0,3234.002,3233.84,3234.24,ETH
2026-01-06 11:04:09+00:00,2026-01-06 11:12:56.712941+00:00,249.0,3233.722,3233.67,3233.87,ETH
2026-01-06 11:04:10+00:00,2026-01-06 11:12:57.730541+00:00,250.0,3233.662,3233.61,3233.87,ETH
2026-01-06 11:04:11+00:00,2026-01-06 11:12:58.750307+00:00,251.0,3233.542,3233.49,3233.89,ETH
2026-01-06 11:04:12+00:00,2026-01-06 11:12:59.768588+00:00,252.0,3233.562,3233.51,3233.72,ETH
2026-01-06 11:04:13+00:00,2026-01-06 11:13:00.761074+00:00,253.0,3233.592,3233.35,3233.67,ETH
2026-01-06 11:04:14+00:00,2026-01-06 11:13:02.783682+00:00,254.0,3233.432,3233.36,3233.56,ETH
2026-01-06 11:04:15+00:00,2026-01-06 11:13:03.771092+00:00,255.0,3233.422,3233.36,3233.58,ETH
2026-01-06 11:04:16+00:00,2026-01-06 11:13:04.779269+00:00,256.0,3233.252,3233.18,3233.44,ETH
2026-01-06 11:04:17+00:00,2026-01-06 11:13:05.782957+00:00,257.0,3233.152,3233.0,3233.29,ETH
2026-01-06 11:04:18+00:00,2026-01-06 11:13:06.785228+00:00,258.0,3233.192,3233.0,3233.28,ETH
2026-01-06 11:04:19+00:00,2026-01-06 11:13:07.800658+00:00,259.0,3232.952,3232.84,3233.18,ETH
2026-01-06 11:04:20+00:00,2026-01-06 11:13:08.801836+00:00,260.0,3232.762,3232.58,3233.0,ETH
2026-01-06 11:04:21+00:00,2026-01-06 11:13:09.804203+00:00,261.0,3232.792,3232.52,3232.96,ETH
2026-01-06 11:04:22+00:00,2026-01-06 11:13:10.824702+00:00,262.0,3232.762,3232.49,3232.9,ETH
2026-01-06 11:04:23+00:00,2026-01-06 11:13:11.834787+00:00,263.0,3232.742,3232.44,3232.81,ETH
2026-01-06 11:04:24+00:00,2026-01-06 11:13:12.848777+00:00,264.0,3232.742,3232.45,3232.81,ETH
2026-01-06 11:04:25+00:00,2026-01-06 11:13:13.848126+00:00,265.0,3232.712,3232.45,3232.79,ETH
2026-01-06 11:04:26+00:00,2026-01-06 11:13:14.847676+00:00,266.0,3232.662,3232.4,3232.71,ETH
2026-01-06 11:04:27+00:00,2026-01-06 11:13:15.848832+00:00,267.0,3232.422,3232.25,3232.53,ETH
2026-01-06 11:04:28+00:00,2026-01-06 11:13:16.849427+00:00,268.0,3232.262,3232.12,3232.41,ETH
2026-01-06 11:04:29+00:00,2026-01-06 11:13:17.835060+00:00,269.0,3232.332,3232.1,3232.4,ETH
2026-01-06 11:04:30+00:00,2026-01-06 11:13:18.846597+00:00,270.0,3232.362,3232.14,3232.48,ETH
2026-01-06 11:04:31+00:00,2026-01-06 11:13:19.850209+00:00,271.0,3232.392,3232.19,3232.53,ETH
2026-01-06 11:04:32+00:00,2026-01-06 11:13:20.850469+00:00,272.0,3232.392,3232.17,3232.56,ETH
2026-01-06 11:04:33+00:00,2026-01-06 11:13:21.848180+00:00,273.0,3232.362,3232.2,3232.58,ETH
2026-01-06 11:04:34+00:00,2026-01-06 11:13:22.862425+00:00,274.0,3232.332,3232.23,3232.49,ETH
2026-01-06 11:04:35+00:00,2026-01-06 11:13:23.866726+00:00,275.0,3232.322,3232.19,3232.45,ETH
2026-01-06 11:04:36+00:00,2026-01-06 11:13:24.881936+00:00,276.0,3232.322,3232.17,3232.45,ETH
2026-01-06 11:04:37+00:00,2026-01-06 11:13:25.897269+00:00,277.0,3232.322,3232.19,3232.49,ETH
2026-01-06 11:04:38+00:00,2026-01-06 11:13:26.880460+00:00,278.0,3232.362,3232.19,3232.53,ETH
2026-01-06 11:04:39+00:00,2026-01-06 11:13:27.885060+00:00,279.0,3232.392,3232.19,3232.53,ETH
2026-01-06 11:04:40+00:00,2026-01-06 11:13:28.898471+00:00,280.0,3232.362,3232.15,3232.48,ETH
2026-01-06 11:04:41+00:00,2026-01-06 11:13:29.901072+00:00,281.0,3232.322,3232.12,3232.43,ETH
2026-01-06 11:04:42+00:00,2026-01-06 11:13:30.917267+00:00,282.0,3232.182,3232.03,3232.36,ETH
2026-01-06 11:04:43+00:00,2026-01-06 11:13:31.933343+00:00,283.0,3232.102,3232.01,3232.47,ETH
2026-01-06 11:04:44+00:00,2026-01-06 11:13:32.948273+00:00,284.0,3232.102,3232.04,3232.46,ETH
2026-01-06 11:04:45+00:00,2026-01-06 11:13:33.957478+00:00,285.0,3232.372,3232.13,3232.46,ETH
2026-01-06 11:04:46+00:00,2026-01-06 11:13:34.966680+00:00,286.0,3232.322,3232.02,3232.47,ETH
2026-01-06 11:04:47+00:00,2026-01-06 11:13:35.965646+00:00,287.0,3232.322,3232.02,3232.47,ETH
2026-01-06 11:04:48+00:00,2026-01-06 11:13:36.968139+00:00,288.0,3232.352,3232.06,3232.56,ETH
2026-01-06 11:04:49+00:00,2026-01-06 11:13:37.983425+00:00,289.0,3232.362,3232.08,3232.51,ETH
2026-01-06 11:04:50+00:00,2026-01-06 11:13:39.001052+00:00,290.0,3232.372,3232.1,3232.51,ETH
2026-01-06 11:04:51+00:00,2026-01-06 11:13:39.997176+00:00,291.0,3232.372,3232.1,3232.49,ETH
2026-01-06 11:04:52+00:00,2026-01-06 11:13:41.004753+00:00,292.0,3232.222,3232.12,3232.44,ETH
2026-01-06 11:04:53+00:00,2026-01-06 11:13:42.000077+00:00,293.0,3232.352,3232.08,3232.51,ETH
2026-01-06 11:04:54+00:00,2026-01-06 11:13:43.017487+00:00,294.0,3232.362,3232.07,3232.51,ETH
2026-01-06 11:04:55+00:00,2026-01-06 11:13:44.029466+00:00,295.0,3232.362,3232.07,3232.51,ETH
2026-01-06 11:04:56+00:00,2026-01-06 11:13:45.033596+00:00,296.0,3232.372,3232.08,3232.51,ETH
2026-01-06 11:04:57+00:00,2026-01-06 11:13:46.091751+00:00,297.0,3232.372,3232.08,3232.6,ETH
2026-01-06 11:04:58+00:00,2026-01-06 11:13:47.103055+00:00,298.0,3232.382,3232.08,3232.62,ETH
2026-01-06 11:04:59+00:00,2026-01-06 11:13:48.113159+00:00,299.0,3232.382,3232.08,3232.67,ETH
2026-01-06 11:05:00+00:00,2026-01-06 11:13:49.126478+00:00,300.0,3232.752,3232.46,3232.97,ETH
2026-01-06 11:05:01+00:00,2026-01-06 11:13:50.122561+00:00,301.0,3232.752,3232.47,3233.18,ETH
2026-01-06 11:05:02+00:00,2026-01-06 11:13:51.146640+00:00,302.0,3233.082,3232.81,3233.45,ETH
2026-01-06 11:05:03+00:00,2026-01-06 11:13:52.163021+00:00,303.0,3233.162,3232.92,3233.52,ETH
2026-01-06 11:05:04+00:00,2026-01-06 11:13:53.152711+00:00,304.0,3233.272,3233.1,3233.62,ETH
2026-01-06 11:05:05+00:00,2026-01-06 11:13:54.203351+00:00,305.0,3233.382,3233.28,3233.74,ETH
2026-01-06 11:05:06+00:00,2026-01-06 11:13:55.212692+00:00,306.0,3233.452,3233.29,3233.82,ETH
2026-01-06 11:05:07+00:00,2026-01-06 11:13:56.230308+00:00,307.0,3233.792,3233.46,3234.05,ETH
2026-01-06 11:05:08+00:00,2026-01-06 11:13:57.213641+00:00,308.0,3233.802,3233.59,3234.08,ETH
2026-01-06 11:05:09+00:00,2026-01-06 11:13:58.227235+00:00,309.0,3233.802,3233.61,3234.14,ETH
2026-01-06 11:05:10+00:00,2026-01-06 11:13:59.227832+00:00,310.0,3233.802,3233.61,3234.24,ETH
2026-01-06 11:05:11+00:00,2026-01-06 11:14:00.246858+00:00,311.0,3233.802,3233.61,3234.2,ETH
2026-01-06 11:05:12+00:00,2026-01-06 11:14:01.292190+00:00,312.0,3233.812,3233.61,3234.14,ETH
2026-01-06 11:05:13+00:00,2026-01-06 11:14:02.337880+00:00,313.0,3233.812,3233.61,3234.13,ETH
2026-01-06 11:05:14+00:00,2026-01-06 11:14:03.339710+00:00,314.0,3233.812,3233.61,3234.13,ETH
2026-01-06 11:05:15+00:00,2026-01-06 11:14:04.347687+00:00,315.0,3233.822,3233.61,3234.24,ETH
2026-01-06 11:05:16+00:00,2026-01-06 11:14:05.352513+00:00,316.0,3233.822,3233.61,3234.19,ETH
2026-01-06 11:05:17+00:00,2026-01-06 11:14:06.352073+00:00,317.0,3233.822,3233.61,3234.13,ETH
2026-01-06 11:05:18+00:00,2026-01-06 11:14:07.350174+00:00,318.0,3233.812,3233.6,3234.13,ETH
2026-01-06 11:05:19+00:00,2026-01-06 11:14:08.351572+00:00,319.0,3233.792,3233.6,3234.1,ETH
2026-01-06 11:05:20+00:00,2026-01-06 11:14:09.363177+00:00,320.0,3233.782,3233.6,3234.07,ETH
2026-01-06 11:05:21+00:00,2026-01-06 11:14:10.348998+00:00,321.0,3233.772,3233.59,3234.08,ETH
2026-01-06 11:05:22+00:00,2026-01-06 11:14:11.349663+00:00,322.0,3233.782,3233.58,3234.09,ETH
2026-01-06 11:05:23+00:00,2026-01-06 11:14:12.349245+00:00,323.0,3233.792,3233.58,3234.07,ETH
2026-01-06 11:05:24+00:00,2026-01-06 11:14:13.365530+00:00,324.0,3233.742,3233.58,3233.89,ETH
2026-01-06 11:05:25+00:00,2026-01-06 11:14:15.363584+00:00,325.0,3233.752,3233.49,3234.06,ETH
2026-01-06 11:05:26+00:00,2026-01-06 11:14:16.374445+00:00,326.0,3233.762,3233.5,3234.06,ETH
2026-01-06 11:05:27+00:00,2026-01-06 11:14:17.381486+00:00,327.0,3233.762,3233.49,3234.05,ETH
2026-01-06 11:05:28+00:00,2026-01-06 11:14:18.378777+00:00,328.0,3233.762,3233.49,3234.06,ETH
2026-01-06 11:05:29+00:00,2026-01-06 11:14:19.398967+00:00,329.0,3233.752,3233.49,3233.99,ETH
2026-01-06 11:05:30+00:00,2026-01-06 11:14:20.398806+00:00,330.0,3233.752,3233.49,3233.96,ETH
2026-01-06 11:05:31+00:00,2026-01-06 11:14:21.397537+00:00,331.0,3233.762,3233.49,3234.04,ETH
2026-01-06 11:05:32+00:00,2026-01-06 11:14:22.397473+00:00,332.0,3233.762,3233.49,3234.07,ETH
2026-01-06 11:05:33+00:00,2026-01-06 11:14:23.415626+00:00,333.0,3233.762,3233.49,3234.07,ETH
2026-01-06 11:05:34+00:00,2026-01-06 11:14:24.414836+00:00,334.0,3233.772,3233.5,3234.09,ETH
2026-01-06 11:05:35+00:00,2026-01-06 11:14:25.413646+00:00,335.0,3233.782,3233.51,3234.12,ETH
2026-01-06 11:05:36+00:00,2026-01-06 11:14:26.417852+00:00,336.0,3233.782,3233.52,3234.14,ETH
2026-01-06 11:05:37+00:00,2026-01-06 11:14:27.430481+00:00,337.0,3233.782,3233.52,3234.14,ETH
2026-01-06 11:05:38+00:00,2026-01-06 11:14:28.426319+00:00,338.0,3233.782,3233.52,3234.15,ETH
2026-01-06 11:05:39+00:00,2026-01-06 11:14:29.427064+00:00,339.0,3233.952,3233.75,3234.31,ETH
2026-01-06 11:05:40+00:00,2026-01-06 11:14:30.418091+00:00,340.0,3234.142,3233.99,3234.47,ETH
2026-01-06 11:05:41+00:00,2026-01-06 11:14:31.425584+00:00,341.0,3234.152,3233.99,3234.46,ETH
2026-01-06 11:05:42+00:00,2026-01-06 11:14:32.427773+00:00,342.0,3234.152,3233.93,3234.39,ETH
2026-01-06 11:05:43+00:00,2026-01-06 11:14:33.447517+00:00,343.0,3234.142,3233.86,3234.33,ETH
2026-01-06 11:05:44+00:00,2026-01-06 11:14:34.447246+00:00,344.0,3234.132,3233.86,3234.36,ETH
2026-01-06 11:05:45+00:00,2026-01-06 11:14:35.440629+00:00,345.0,3234.132,3233.86,3234.38,ETH
2026-01-06 11:05:46+00:00,2026-01-06 11:14:36.445307+00:00,346.0,3234.102,3233.87,3234.25,ETH
2026-01-06 11:05:47+00:00,2026-01-06 11:14:37.447380+00:00,347.0,3234.112,3233.91,3234.32,ETH
2026-01-06 11:05:48+00:00,2026-01-06 11:14:38.445776+00:00,348.0,3234.152,3233.97,3234.51,ETH
2026-01-06 11:05:49+00:00,2026-01-06 11:14:39.464750+00:00,349.0,3234.302,3234.07,3234.59,ETH
2026-01-06 11:05:50+00:00,2026-01-06 11:14:40.479507+00:00,350.0,3234.462,3234.15,3234.68,ETH
2026-01-06 11:05:51+00:00,2026-01-06 11:14:41.488029+00:00,351.0,3234.472,3234.15,3234.7,ETH
2026-01-06 11:05:52+00:00,2026-01-06 11:14:42.502118+00:00,352.0,3234.452,3234.15,3234.7,ETH
2026-01-06 11:05:53+00:00,2026-01-06 11:14:43.498618+00:00,353.0,3234.452,3234.15,3234.7,ETH
2026-01-06 11:05:54+00:00,2026-01-06 11:14:44.494618+00:00,354.0,3234.452,3234.16,3234.61,ETH
2026-01-06 11:05:55+00:00,2026-01-06 11:14:45.495077+00:00,355.0,3234.402,3234.14,3234.64,ETH
2026-01-06 11:05:56+00:00,2026-01-06 11:14:46.499519+00:00,356.0,3234.402,3234.11,3234.58,ETH
2026-01-06 11:05:57+00:00,2026-01-06 11:14:47.513232+00:00,357.0,3234.402,3234.11,3234.51,ETH
2026-01-06 11:05:58+00:00,2026-01-06 11:14:48.516046+00:00,358.0,3234.402,3234.11,3234.49,ETH
2026-01-06 11:05:59+00:00,2026-01-06 11:14:49.539668+00:00,359.0,3234.392,3234.11,3234.5,ETH
2026-01-06 11:06:00+00:00,2026-01-06 11:14:50.541698+00:00,360.0,3234.392,3234.11,3234.45,ETH
2026-01-06 11:06:01+00:00,2026-01-06 11:14:51.551864+00:00,361.0,3234.392,3234.11,3234.49,ETH
2026-01-06 11:06:02+00:00,2026-01-06 11:14:52.545595+00:00,362.0,3234.412,3234.12,3234.5,ETH
2026-01-06 11:06:03+00:00,2026-01-06 11:14:53.553711+00:00,363.0,3234.392,3234.08,3234.51,ETH
2026-01-06 11:06:04+00:00,2026-01-06 11:14:54.562552+00:00,364.0,3234.382,3234.07,3234.48,ETH
2026-01-06 11:06:05+00:00,2026-01-06 11:14:55.576847+00:00,365.0,3234.332,3234.07,3234.47,ETH
2026-01-06 11:06:06+00:00,2026-01-06 11:14:56.578862+00:00,366.0,3234.342,3234.03,3234.63,ETH
2026-01-06 11:06:07+00:00,2026-01-06 11:14:57.576054+00:00,367.0,3234.352,3234.03,3234.64,ETH
2026-01-06 11:06:08+00:00,2026-01-06 11:14:58.607676+00:00,368.0,3234.432,3234.13,3234.64,ETH
2026-01-06 11:06:09+00:00,2026-01-06 11:14:59.593837+00:00,369.0,3234.452,3234.14,3234.65,ETH
2026-01-06 11:06:10+00:00,2026-01-06 11:15:00.608782+00:00,370.0,3234.462,3234.17,3234.75,ETH
2026-01-06 11:06:11+00:00,2026-01-06 11:15:01.623386+00:00,371.0,3234.462,3234.17,3234.75,ETH
2026-01-06 11:06:12+00:00,2026-01-06 11:15:02.628166+00:00,372.0,3234.462,3234.17,3234.75,ETH
2026-01-06 11:06:13+00:00,2026-01-06 11:15:03.621097+00:00,373.0,3234.462,3234.17,3234.73,ETH
2026-01-06 11:06:14+00:00,2026-01-06 11:15:04.625804+00:00,374.0,3234.342,3234.08,3234.57,ETH
2026-01-06 11:06:15+00:00,2026-01-06 11:15:05.634961+00:00,375.0,3234.172,3234.06,3234.4,ETH
2026-01-06 11:06:16+00:00,2026-01-06 11:15:06.637143+00:00,376.0,3234.212,3234.06,3234.38,ETH
2026-01-06 11:06:17+00:00,2026-01-06 11:15:07.698556+00:00,377.0,3234.342,3234.05,3234.48,ETH
2026-01-06 11:06:18+00:00,2026-01-06 11:15:08.685811+00:00,378.0,3234.302,3234.02,3234.48,ETH
2026-01-06 11:06:19+00:00,2026-01-06 11:15:09.706995+00:00,379.0,3234.162,3234.01,3234.32,ETH
2026-01-06 11:06:20+00:00,2026-01-06 11:15:10.696141+00:00,380.0,3234.082,3233.77,3234.14,ETH
2026-01-06 11:06:21+00:00,2026-01-06 11:15:11.688435+00:00,381.0,3234.072,3233.77,3234.11,ETH
2026-01-06 11:06:22+00:00,2026-01-06 11:15:12.694056+00:00,382.0,3234.062,3233.78,3234.12,ETH
2026-01-06 11:06:23+00:00,2026-01-06 11:15:13.687994+00:00,383.0,3234.062,3233.78,3234.14,ETH
2026-01-06 11:06:24+00:00,2026-01-06 11:15:14.707466+00:00,384.0,3234.062,3233.78,3234.13,ETH
2026-01-06 11:06:25+00:00,2026-01-06 11:15:15.723509+00:00,385.0,3234.062,3233.78,3234.35,ETH
2026-01-06 11:06:26+00:00,2026-01-06 11:15:16.723492+00:00,386.0,3234.082,3233.79,3234.18,ETH
2026-01-06 11:06:27+00:00,2026-01-06 11:15:17.734048+00:00,387.0,3234.072,3233.79,3234.22,ETH
2026-01-06 11:06:28+00:00,2026-01-06 11:15:18.740570+00:00,388.0,3234.072,3233.79,3234.16,ETH
2026-01-06 11:06:29+00:00,2026-01-06 11:15:19.741840+00:00,389.0,3234.072,3233.79,3234.17,ETH
2026-01-06 11:06:30+00:00,2026-01-06 11:15:20.742268+00:00,390.0,3234.052,3233.77,3234.15,ETH
2026-01-06 11:06:31+00:00,2026-01-06 11:15:21.741898+00:00,391.0,3234.022,3233.75,3234.12,ETH
2026-01-06 11:06:32+00:00,2026-01-06 11:15:22.744227+00:00,392.0,3234.022,3233.73,3234.13,ETH
2026-01-06 11:06:33+00:00,2026-01-06 11:15:23.760944+00:00,393.0,3233.802,3233.72,3234.05,ETH
2026-01-06 11:06:34+00:00,2026-01-06 11:15:24.773431+00:00,394.0,3233.582,3233.46,3233.91,ETH
2026-01-06 11:06:35+00:00,2026-01-06 11:15:25.779190+00:00,395.0,3233.432,3233.36,3233.73,ETH
2026-01-06 11:06:36+00:00,2026-01-06 11:15:26.791948+00:00,396.0,3233.462,3233.36,3233.51,ETH
2026-01-06 11:06:37+00:00,2026-01-06 11:15:27.809256+00:00,397.0,3233.482,3233.35,3233.51,ETH
2026-01-06 11:06:38+00:00,2026-01-06 11:15:28.827201+00:00,398.0,3233.502,3233.36,3233.55,ETH
2026-01-06 11:06:39+00:00,2026-01-06 11:15:29.842326+00:00,399.0,3233.522,3233.36,3233.68,ETH
2026-01-06 11:06:40+00:00,2026-01-06 11:15:30.860100+00:00,400.0,3233.602,3233.39,3233.64,ETH
2026-01-06 11:06:41+00:00,2026-01-06 11:15:31.882115+00:00,401.0,3233.602,3233.39,3233.63,ETH
2026-01-06 11:06:42+00:00,2026-01-06 11:15:32.893428+00:00,402.0,3233.452,3233.37,3233.6,ETH
2026-01-06 11:06:43+00:00,2026-01-06 11:15:33.896145+00:00,403.0,3233.602,3233.37,3233.68,ETH
2026-01-06 11:06:44+00:00,2026-01-06 11:15:34.892322+00:00,404.0,3233.642,3233.39,3233.74,ETH
2026-01-06 11:06:45+00:00,2026-01-06 11:15:35.892873+00:00,405.0,3233.672,3233.4,3233.72,ETH
2026-01-06 11:06:46+00:00,2026-01-06 11:15:36.891506+00:00,406.0,3233.462,3233.19,3233.6,ETH
2026-01-06 11:06:47+00:00,2026-01-06 11:15:37.902245+00:00,407.0,3233.152,3233.11,3233.47,ETH
2026-01-06 11:06:48+00:00,2026-01-06 11:15:38.910277+00:00,408.0,3233.122,3233.1,3233.38,ETH
2026-01-06 11:06:49+00:00,2026-01-06 11:15:39.914439+00:00,409.0,3233.132,3233.09,3233.49,ETH
2026-01-06 11:06:50+00:00,2026-01-06 11:15:40.922850+00:00,410.0,3233.112,3233.07,3233.48,ETH
2026-01-06 11:06:51+00:00,2026-01-06 11:15:41.930125+00:00,411.0,3233.112,3233.07,3233.45,ETH
2026-01-06 11:06:52+00:00,2026-01-06 11:15:42.910015+00:00,412.0,3233.162,3232.93,3233.4,ETH
2026-01-06 11:06:53+00:00,2026-01-06 11:15:43.978475+00:00,413.0,3233.072,3232.83,3233.2,ETH
2026-01-06 11:06:54+00:00,2026-01-06 11:15:44.995975+00:00,414.0,3233.082,3232.83,3233.23,ETH
2026-01-06 11:06:55+00:00,2026-01-06 11:15:46.008764+00:00,415.0,3233.102,3232.83,3233.27,ETH
2026-01-06 11:06:56+00:00,2026-01-06 11:15:47.029355+00:00,416.0,3233.112,3232.83,3233.3,ETH
2026-01-06 11:06:57+00:00,2026-01-06 11:15:48.051346+00:00,417.0,3233.062,3232.84,3233.32,ETH
2026-01-06 11:06:58+00:00,2026-01-06 11:15:49.046647+00:00,418.0,3233.092,3232.83,3233.35,ETH
2026-01-06 11:06:59+00:00,2026-01-06 11:15:50.056590+00:00,419.0,3233.092,3232.83,3233.25,ETH
2026-01-06 11:07:00+00:00,2026-01-06 11:15:51.062603+00:00,420.0,3233.072,3232.83,3233.25,ETH
2026-01-06 11:07:01+00:00,2026-01-06 11:15:52.058823+00:00,421.0,3233.122,3232.84,3233.3,ETH
2026-01-06 11:07:02+00:00,2026-01-06 11:15:53.075996+00:00,422.0,3233.102,3232.84,3233.25,ETH
2026-01-06 11:07:03+00:00,2026-01-06 11:15:54.292985+00:00,423.0,3233.112,3232.82,3233.23,ETH
2026-01-06 11:07:04+00:00,2026-01-06 11:15:55.305612+00:00,424.0,3233.112,3232.82,3233.23,ETH
2026-01-06 11:07:05+00:00,2026-01-06 11:15:56.304461+00:00,425.0,3233.092,3232.82,3233.22,ETH
2026-01-06 11:07:06+00:00,2026-01-06 11:15:57.315158+00:00,426.0,3232.862,3232.75,3233.1,ETH
2026-01-06 11:07:07+00:00,2026-01-06 11:15:58.323868+00:00,427.0,3232.842,3232.57,3233.1,ETH
2026-01-06 11:07:08+00:00,2026-01-06 11:15:59.330668+00:00,428.0,3232.852,3232.56,3232.88,ETH
2026-01-06 11:07:09+00:00,2026-01-06 11:16:00.341969+00:00,429.0,3232.862,3232.57,3233.1,ETH
2026-01-06 11:07:10+00:00,2026-01-06 11:16:01.342275+00:00,430.0,3232.882,3232.58,3233.09,ETH
2026-01-06 11:07:11+00:00,2026-01-06 11:16:02.344698+00:00,431.0,3232.862,3232.56,3233.12,ETH
2026-01-06 11:07:12+00:00,2026-01-06 11:16:03.360397+00:00,432.0,3232.882,3232.59,3233.1,ETH
2026-01-06 11:07:13+00:00,2026-01-06 11:16:04.365683+00:00,433.0,3232.882,3232.59,3233.11,ETH
2026-01-06 11:07:14+00:00,2026-01-06 11:16:05.364357+00:00,434.0,3232.842,3232.58,3233.0,ETH
2026-01-06 11:07:15+00:00,2026-01-06 11:16:06.355132+00:00,435.0,3232.852,3232.55,3232.96,ETH
2026-01-06 11:07:16+00:00,2026-01-06 11:16:07.363504+00:00,436.0,3232.852,3232.55,3232.96,ETH
2026-01-06 11:07:17+00:00,2026-01-06 11:16:08.366095+00:00,437.0,3232.852,3232.56,3233.03,ETH
2026-01-06 11:07:18+00:00,2026-01-06 11:16:09.365400+00:00,438.0,3232.852,3232.56,3233.11,ETH
2026-01-06 11:07:19+00:00,2026-01-06 11:16:10.357705+00:00,439.0,3232.872,3232.58,3233.06,ETH
2026-01-06 11:07:20+00:00,2026-01-06 11:16:11.361305+00:00,440.0,3232.882,3232.58,3233.08,ETH
2026-01-06 11:07:21+00:00,2026-01-06 11:16:12.363096+00:00,441.0,3232.872,3232.58,3233.09,ETH
2026-01-06 11:07:22+00:00,2026-01-06 11:16:13.362835+00:00,442.0,3232.872,3232.67,3233.17,ETH
2026-01-06 11:07:23+00:00,2026-01-06 11:16:14.375684+00:00,443.0,3232.972,3232.67,3233.2,ETH
2026-01-06 11:07:24+00:00,2026-01-06 11:16:15.377592+00:00,444.0,3232.952,3232.64,3233.21,ETH
2026-01-06 11:07:25+00:00,2026-01-06 11:16:16.390974+00:00,445.0,3232.922,3232.62,3233.21,ETH
2026-01-06 11:07:26+00:00,2026-01-06 11:16:17.390135+00:00,446.0,3232.922,3232.62,3233.09,ETH
2026-01-06 11:07:27+00:00,2026-01-06 11:16:18.392505+00:00,447.0,3232.932,3232.63,3233.1,ETH
2026-01-06 11:07:28+00:00,2026-01-06 11:16:19.387574+00:00,448.0,3232.932,3232.63,3233.09,ETH
2026-01-06 11:07:29+00:00,2026-01-06 11:16:20.390966+00:00,449.0,3232.912,3232.62,3233.09,ETH
2026-01-06 11:07:30+00:00,2026-01-06 11:16:21.397667+00:00,450.0,3232.922,3232.62,3233.09,ETH
2026-01-06 11:07:31+00:00,2026-01-06 11:16:22.402028+00:00,451.0,3232.922,3232.63,3233.16,ETH
2026-01-06 11:07:32+00:00,2026-01-06 11:16:23.474111+00:00,452.0,3232.922,3232.63,3233.14,ETH
2026-01-06 11:07:33+00:00,2026-01-06 11:16:24.440646+00:00,453.0,3232.842,3232.55,3233.09,ETH
2026-01-06 11:07:34+00:00,2026-01-06 11:16:25.429197+00:00,454.0,3232.822,3232.52,3233.05,ETH
2026-01-06 11:07:35+00:00,2026-01-06 11:16:26.434194+00:00,455.0,3232.822,3232.52,3233.0,ETH
2026-01-06 11:07:36+00:00,2026-01-06 11:16:27.440039+00:00,456.0,3232.822,3232.53,3233.04,ETH
2026-01-06 11:07:37+00:00,2026-01-06 11:16:28.443135+00:00,457.0,3232.822,3232.53,3233.11,ETH
2026-01-06 11:07:38+00:00,2026-01-06 11:16:29.444401+00:00,458.0,3232.952,3232.64,3233.33,ETH
2026-01-06 11:07:39+00:00,2026-01-06 11:16:30.460216+00:00,459.0,3232.962,3232.64,3233.32,ETH
2026-01-06 11:07:40+00:00,2026-01-06 11:16:31.462888+00:00,460.0,3233.082,3232.78,3233.38,ETH
2026-01-06 11:07:41+00:00,2026-01-06 11:16:32.462361+00:00,461.0,3233.082,3233.02,3233.48,ETH
2026-01-06 11:07:42+00:00,2026-01-06 11:16:33.477063+00:00,462.0,3233.582,3233.27,3233.91,ETH
2026-01-06 11:07:43+00:00,2026-01-06 11:16:34.474253+00:00,463.0,3233.592,3233.36,3233.91,ETH
2026-01-06 11:07:44+00:00,2026-01-06 11:16:35.472807+00:00,464.0,3233.662,3233.4,3233.97,ETH
2026-01-06 11:07:45+00:00,2026-01-06 11:16:36.474201+00:00,465.0,3233.662,3233.44,3233.99,ETH
2026-01-06 11:07:46+00:00,2026-01-06 11:16:37.479507+00:00,466.0,3234.002,3233.7,3234.35,ETH
2026-01-06 11:07:47+00:00,2026-01-06 11:16:38.499023+00:00,467.0,3234.002,3233.7,3234.37,ETH
2026-01-06 11:07:48+00:00,2026-01-06 11:16:39.493617+00:00,468.0,3234.032,3233.78,3234.4,ETH
2026-01-06 11:07:49+00:00,2026-01-06 11:16:40.506471+00:00,469.0,3234.032,3233.79,3234.37,ETH
2026-01-06 11:07:50+00:00,2026-01-06 11:16:41.507401+00:00,470.0,3234.282,3234.01,3234.59,ETH
2026-01-06 11:07:51+00:00,2026-01-06 11:16:42.508025+00:00,471.0,3234.382,3234.21,3234.69,ETH
2026-01-06 11:07:52+00:00,2026-01-06 11:16:43.507283+00:00,472.0,3234.282,3234.14,3234.51,ETH
2026-01-06 11:07:53+00:00,2026-01-06 11:16:44.504846+00:00,473.0,3234.182,3234.08,3234.33,ETH
2026-01-06 11:07:54+00:00,2026-01-06 11:16:46.541692+00:00,474.0,3233.952,3233.77,3234.14,ETH
2026-01-06 11:07:55+00:00,2026-01-06 11:16:47.562914+00:00,475.0,3233.822,3233.52,3234.13,ETH
2026-01-06 11:07:56+00:00,2026-01-06 11:16:48.574957+00:00,476.0,3233.832,3233.52,3234.13,ETH
2026-01-06 11:07:57+00:00,2026-01-06 11:16:49.573880+00:00,477.0,3233.822,3233.53,3234.07,ETH
2026-01-06 11:07:58+00:00,2026-01-06 11:16:50.588273+00:00,478.0,3233.822,3233.52,3234.03,ETH
2026-01-06 11:07:59+00:00,2026-01-06 11:16:51.609502+00:00,479.0,3233.832,3233.52,3234.06,ETH
2026-01-06 11:08:00+00:00,2026-01-06 11:16:52.619490+00:00,480.0,3233.862,3233.56,3234.12,ETH
2026-01-06 11:08:01+00:00,2026-01-06 11:16:53.621118+00:00,481.0,3233.892,3233.59,3234.14,ETH
2026-01-06 11:08:02+00:00,2026-01-06 11:16:54.628574+00:00,482.0,3233.852,3233.55,3234.1,ETH
2026-01-06 11:08:03+00:00,2026-01-06 11:16:55.624865+00:00,483.0,3233.822,3233.51,3234.05,ETH
2026-01-06 11:08:04+00:00,2026-01-06 11:16:56.631202+00:00,484.0,3233.872,3233.57,3234.06,ETH
2026-01-06 11:08:05+00:00,2026-01-06 11:16:57.628094+00:00,485.0,3233.922,3233.63,3234.16,ETH
2026-01-06 11:08:06+00:00,2026-01-06 11:16:58.636136+00:00,486.0,3233.942,3233.66,3234.24,ETH
2026-01-06 11:08:07+00:00,2026-01-06 11:16:59.653119+00:00,487.0,3233.962,3233.69,3234.24,ETH
2026-01-06 11:08:08+00:00,2026-01-06 11:17:00.668647+00:00,488.0,3233.962,3233.69,3234.24,ETH
2026-01-06 11:08:09+00:00,2026-01-06 11:17:01.689905+00:00,489.0,3233.972,3233.69,3234.26,ETH
2026-01-06 11:08:10+00:00,2026-01-06 11:17:02.686045+00:00,490.0,3233.972,3233.69,3234.27,ETH
2026-01-06 11:08:11+00:00,2026-01-06 11:17:03.698728+00:00,491.0,3233.962,3233.67,3234.25,ETH
2026-01-06 11:08:12+00:00,2026-01-06 11:17:04.719732+00:00,492.0,3233.942,3233.66,3234.22,ETH
2026-01-06 11:08:13+00:00,2026-01-06 11:17:05.723010+00:00,493.0,3233.952,3233.66,3234.23,ETH
2026-01-06 11:08:14+00:00,2026-01-06 11:17:06.725939+00:00,494.0,3233.972,3233.67,3234.26,ETH
2026-01-06 11:08:15+00:00,2026-01-06 11:17:07.732602+00:00,495.0,3233.972,3233.68,3234.26,ETH
2026-01-06 11:08:16+00:00,2026-01-06 11:17:08.737283+00:00,496.0,3233.972,3233.68,3234.25,ETH
2026-01-06 11:08:17+00:00,2026-01-06 11:17:09.736909+00:00,497.0,3233.972,3233.68,3234.23,ETH
2026-01-06 11:08:18+00:00,2026-01-06 11:17:10.749436+00:00,498.0,3233.972,3233.68,3234.22,ETH
2026-01-06 11:08:19+00:00,2026-01-06 11:17:11.740310+00:00,499.0,3233.972,3233.67,3234.25,ETH
2026-01-06 11:08:20+00:00,2026-01-06 11:17:12.734487+00:00,500.0,3233.972,3233.66,3234.27,ETH
2026-01-06 11:08:21+00:00,2026-01-06 11:17:13.736488+00:00,501.0,3233.972,3233.66,3234.28,ETH
2026-01-06 11:08:22+00:00,2026-01-06 11:17:14.752660+00:00,502.0,3233.972,3233.66,3234.28,ETH
2026-01-06 11:08:23+00:00,2026-01-06 11:17:15.757466+00:00,503.0,3233.972,3233.66,3234.28,ETH
2026-01-06 11:08:24+00:00,2026-01-06 11:17:16.756927+00:00,504.0,3233.972,3233.66,3234.29,ETH
2026-01-06 11:08:25+00:00,2026-01-06 11:17:17.782698+00:00,505.0,3233.982,3233.67,3234.29,ETH
2026-01-06 11:08:26+00:00,2026-01-06 11:17:18.791383+00:00,506.0,3234.002,3233.7,3234.31,ETH
2026-01-06 11:08:27+00:00,2026-01-06 11:17:19.810465+00:00,507.0,3234.032,3233.73,3234.33,ETH
2026-01-06 11:08:28+00:00,2026-01-06 11:17:20.830010+00:00,508.0,3234.042,3233.74,3234.33,ETH
2026-01-06 11:08:29+00:00,2026-01-06 11:17:21.840196+00:00,509.0,3234.042,3233.75,3234.34,ETH
2026-01-06 11:08:30+00:00,2026-01-06 11:17:22.862657+00:00,510.0,3234.042,3233.75,3234.34,ETH
2026-01-06 11:08:31+00:00,2026-01-06 11:17:23.852902+00:00,511.0,3234.042,3233.73,3234.35,ETH
2026-01-06 11:08:32+00:00,2026-01-06 11:17:24.855904+00:00,512.0,3234.142,3233.81,3234.45,ETH
2026-01-06 11:08:33+00:00,2026-01-06 11:17:25.874983+00:00,513.0,3234.312,3234.02,3234.63,ETH
2026-01-06 11:08:34+00:00,2026-01-06 11:17:26.891640+00:00,514.0,3234.472,3234.19,3234.81,ETH
2026-01-06 11:08:35+00:00,2026-01-06 11:17:27.910356+00:00,515.0,3234.572,3234.24,3234.91,ETH
2026-01-06 11:08:36+00:00,2026-01-06 11:17:28.907532+00:00,516.0,3234.582,3234.26,3234.91,ETH
2026-01-06 11:08:37+00:00,2026-01-06 11:17:29.920119+00:00,517.0,3234.592,3234.28,3234.9,ETH
2026-01-06 11:08:38+00:00,2026-01-06 11:17:30.936673+00:00,518.0,3234.722,3234.45,3235.04,ETH
2026-01-06 11:08:39+00:00,2026-01-06 11:17:31.958283+00:00,519.0,3234.862,3234.62,3235.19,ETH
2026-01-06 11:08:40+00:00,2026-01-06 11:17:32.968768+00:00,520.0,3234.962,3234.68,3235.3,ETH
2026-01-06 11:08:41+00:00,2026-01-06 11:17:33.988672+00:00,521.0,3235.062,3234.75,3235.4,ETH
2026-01-06 11:08:42+00:00,2026-01-06 11:17:34.990485+00:00,522.0,3235.062,3234.75,3235.4,ETH
2026-01-06 11:08:43+00:00,2026-01-06 11:17:35.988360+00:00,523.0,3235.112,3234.91,3235.46,ETH
2026-01-06 11:08:44+00:00,2026-01-06 11:17:36.988960+00:00,524.0,3235.112,3234.92,3235.45,ETH
2026-01-06 11:08:45+00:00,2026-01-06 11:17:37.989281+00:00,525.0,3235.182,3234.94,3235.52,ETH
2026-01-06 11:08:46+00:00,2026-01-06 11:17:38.997393+00:00,526.0,3235.442,3235.13,3235.58,ETH
2026-01-06 11:08:47+00:00,2026-01-06 11:17:40.006787+00:00,527.0,3235.462,3235.21,3235.83,ETH
2026-01-06 11:08:48+00:00,2026-01-06 11:17:41.004778+00:00,528.0,3235.492,3235.22,3235.82,ETH
2026-01-06 11:08:49+00:00,2026-01-06 11:17:42.182079+00:00,529.0,3235.212,3235.04,3235.43,ETH
2026-01-06 11:08:50+00:00,2026-01-06 11:17:43.189002+00:00,530.0,3235.112,3234.8,3235.31,ETH
2026-01-06 11:08:51+00:00,2026-01-06 11:17:44.188174+00:00,531.0,3234.992,3234.81,3235.24,ETH
2026-01-06 11:08:52+00:00,2026-01-06 11:17:45.191152+00:00,532.0,3235.222,3234.91,3235.57,ETH
2026-01-06 11:08:53+00:00,2026-01-06 11:17:46.238180+00:00,533.0,3235.232,3234.92,3235.54,ETH
2026-01-06 11:08:54+00:00,2026-01-06 11:17:47.242994+00:00,534.0,3235.252,3234.92,3235.58,ETH
2026-01-06 11:08:55+00:00,2026-01-06 11:17:48.255269+00:00,535.0,3235.262,3234.94,3235.59,ETH
2026-01-06 11:08:56+00:00,2026-01-06 11:17:49.286190+00:00,536.0,3235.322,3235.01,3235.6,ETH
2026-01-06 11:08:57+00:00,2026-01-06 11:17:50.254291+00:00,537.0,3235.402,3235.13,3235.67,ETH
2026-01-06 11:08:58+00:00,2026-01-06 11:17:51.242943+00:00,538.0,3235.442,3235.21,3235.75,ETH
2026-01-06 11:08:59+00:00,2026-01-06 11:17:52.301334+00:00,539.0,3235.462,3235.22,3235.77,ETH
2026-01-06 11:09:00+00:00,2026-01-06 11:17:53.249244+00:00,540.0,3235.472,3235.29,3235.79,ETH
2026-01-06 11:09:01+00:00,2026-01-06 11:17:54.236966+00:00,541.0,3235.552,3235.35,3235.87,ETH
2026-01-06 11:09:02+00:00,2026-01-06 11:17:55.247968+00:00,542.0,3235.622,3235.36,3235.94,ETH
2026-01-06 11:09:03+00:00,2026-01-06 11:17:56.254321+00:00,543.0,3235.662,3235.41,3235.98,ETH
2026-01-06 11:09:04+00:00,2026-01-06 11:17:57.258096+00:00,544.0,3235.692,3235.47,3236.0,ETH
2026-01-06 11:09:05+00:00,2026-01-06 11:17:58.233111+00:00,545.0,3235.692,3235.48,3235.99,ETH
2026-01-06 11:09:06+00:00,2026-01-06 11:17:59.248403+00:00,546.0,3235.682,3235.52,3236.08,ETH
2026-01-06 11:09:07+00:00,2026-01-06 11:18:00.268134+00:00,547.0,3237.702,3237.45,3237.77,ETH
2026-01-06 11:09:08+00:00,2026-01-06 11:18:01.271721+00:00,548.0,3237.592,3237.45,3237.83,ETH
2026-01-06 11:09:09+00:00,2026-01-06 11:18:02.263624+00:00,549.0,3237.482,3237.45,3237.88,ETH
2026-01-06 11:09:10+00:00,2026-01-06 11:18:03.273917+00:00,550.0,3237.312,3237.17,3237.52,ETH
2026-01-06 11:09:11+00:00,2026-01-06 11:18:04.273517+00:00,551.0,3237.592,3237.48,3237.65,ETH
2026-01-06 11:09:12+00:00,2026-01-06 11:18:05.271541+00:00,552.0,3237.702,3237.64,3238.12,ETH
2026-01-06 11:09:13+00:00,2026-01-06 11:18:06.289749+00:00,553.0,3237.862,3237.71,3238.39,ETH
2026-01-06 11:09:14+00:00,2026-01-06 11:18:07.273272+00:00,554.0,3237.962,3237.75,3238.17,ETH
2026-01-06 11:09:15+00:00,2026-01-06 11:18:08.272499+00:00,555.0,3237.692,3237.58,3238.05,ETH
2026-01-06 11:09:16+00:00,2026-01-06 11:18:09.284635+00:00,556.0,3237.772,3237.61,3238.05,ETH
2026-01-06 11:09:17+00:00,2026-01-06 11:18:10.406481+00:00,557.0,3237.562,3237.52,3238.13,ETH
2026-01-06 11:09:18+00:00,2026-01-06 11:18:11.406175+00:00,558.0,3237.872,3237.6,3238.32,ETH
2026-01-06 11:09:19+00:00,2026-01-06 11:18:12.406726+00:00,559.0,3238.122,3237.78,3238.43,ETH
2026-01-06 11:09:20+00:00,2026-01-06 11:18:13.418403+00:00,560.0,3238.112,3237.78,3238.21,ETH
2026-01-06 11:09:21+00:00,2026-01-06 11:18:14.404919+00:00,561.0,3238.082,3237.77,3238.21,ETH
2026-01-06 11:09:22+00:00,2026-01-06 11:18:15.406490+00:00,562.0,3238.062,3237.77,3238.21,ETH
2026-01-06 11:09:23+00:00,2026-01-06 11:18:16.424850+00:00,563.0,3237.632,3237.38,3237.66,ETH
2026-01-06 11:09:24+00:00,2026-01-06 11:18:17.450660+00:00,564.0,3237.572,3237.27,3237.64,ETH
2026-01-06 11:09:25+00:00,2026-01-06 11:18:18.456521+00:00,565.0,3237.452,3237.27,3237.71,ETH
2026-01-06 11:09:26+00:00,2026-01-06 11:18:19.456763+00:00,566.0,3237.312,3237.15,3237.57,ETH
2026-01-06 11:09:27+00:00,2026-01-06 11:18:20.456441+00:00,567.0,3237.352,3237.06,3237.53,ETH
2026-01-06 11:09:28+00:00,2026-01-06 11:18:21.471295+00:00,568.0,3237.332,3237.06,3237.58,ETH
2026-01-06 11:09:29+00:00,2026-01-06 11:18:22.474007+00:00,569.0,3237.332,3237.04,3237.55,ETH
2026-01-06 11:09:30+00:00,2026-01-06 11:18:23.494137+00:00,570.0,3237.292,3237.02,3237.45,ETH
2026-01-06 11:09:31+00:00,2026-01-06 11:18:24.489496+00:00,571.0,3237.272,3237.01,3237.45,ETH
2026-01-06 11:09:32+00:00,2026-01-06 11:18:25.491286+00:00,572.0,3237.342,3237.01,3237.58,ETH
2026-01-06 11:09:33+00:00,2026-01-06 11:18:26.497422+00:00,573.0,3237.342,3237.01,3237.46,ETH
2026-01-06 11:09:34+00:00,2026-01-06 11:18:27.500752+00:00,574.0,3236.852,3236.79,3237.0,ETH
2026-01-06 11:09:35+00:00,2026-01-06 11:18:28.521675+00:00,575.0,3236.842,3236.73,3237.17,ETH
2026-01-06 11:09:36+00:00,2026-01-06 11:18:29.519528+00:00,576.0,3236.842,3236.51,3237.06,ETH
2026-01-06 11:09:37+00:00,2026-01-06 11:18:30.525162+00:00,577.0,3236.762,3236.48,3236.82,ETH
2026-01-06 11:09:38+00:00,2026-01-06 11:18:31.535361+00:00,578.0,3236.752,3236.47,3236.79,ETH
2026-01-06 11:09:39+00:00,2026-01-06 11:18:32.539569+00:00,579.0,3236.692,3236.46,3236.85,ETH
2026-01-06 11:09:40+00:00,2026-01-06 11:18:33.555384+00:00,580.0,3236.212,3235.94,3236.4,ETH
2026-01-06 11:09:41+00:00,2026-01-06 11:18:34.551786+00:00,581.0,3235.962,3235.9,3236.28,ETH
2026-01-06 11:09:42+00:00,2026-01-06 11:18:35.558102+00:00,582.0,3235.712,3235.67,3236.13,ETH
2026-01-06 11:09:43+00:00,2026-01-06 11:18:36.572351+00:00,583.0,3235.932,3235.59,3236.04,ETH
2026-01-06 11:09:44+00:00,2026-01-06 11:18:37.574700+00:00,584.0,3235.892,3235.57,3236.0,ETH
2026-01-06 11:09:45+00:00,2026-01-06 11:18:38.588294+00:00,585.0,3235.892,3235.57,3235.97,ETH
2026-01-06 11:09:46+00:00,2026-01-06 11:18:39.570701+00:00,586.0,3235.882,3235.57,3236.02,ETH
2026-01-06 11:09:47+00:00,2026-01-06 11:18:40.588942+00:00,587.0,3235.922,3235.61,3236.2,ETH
2026-01-06 11:09:48+00:00,2026-01-06 11:18:41.570250+00:00,588.0,3235.942,3235.61,3236.11,ETH
2026-01-06 11:09:49+00:00,2026-01-06 11:18:42.574869+00:00,589.0,3235.922,3235.61,3236.08,ETH
2026-01-06 11:09:50+00:00,2026-01-06 11:18:43.588428+00:00,590.0,3235.912,3235.61,3236.11,ETH
2026-01-06 11:09:51+00:00,2026-01-06 11:18:44.597391+00:00,591.0,3235.902,3235.6,3236.04,ETH
2026-01-06 11:09:52+00:00,2026-01-06 11:18:45.603652+00:00,592.0,3235.822,3235.6,3235.98,ETH
2026-01-06 11:09:53+00:00,2026-01-06 11:18:46.621363+00:00,593.0,3235.732,3235.45,3235.8,ETH
2026-01-06 11:09:54+00:00,2026-01-06 11:18:48.631624+00:00,594.0,3235.922,3235.62,3236.21,ETH
2026-01-06 11:09:55+00:00,2026-01-06 11:18:49.635349+00:00,595.0,3236.062,3235.83,3236.36,ETH
2026-01-06 11:09:56+00:00,2026-01-06 11:18:50.647323+00:00,596.0,3236.032,3235.86,3236.32,ETH
2026-01-06 11:09:57+00:00,2026-01-06 11:18:51.637890+00:00,597.0,3236.022,3235.82,3236.29,ETH
2026-01-06 11:09:58+00:00,2026-01-06 11:18:52.642280+00:00,598.0,3236.022,3235.77,3236.26,ETH
2026-01-06 11:09:59+00:00,2026-01-06 11:18:53.631805+00:00,599.0,3236.082,3235.78,3236.3,ETH
2026-01-06 11:10:00+00:00,2026-01-06 11:18:54.638114+00:00,600.0,3236.172,3235.86,3236.44,ETH
2026-01-06 11:10:01+00:00,2026-01-06 11:18:55.638364+00:00,601.0,3236.182,3235.86,3236.46,ETH
2026-01-06 11:10:02+00:00,2026-01-06 11:18:56.665009+00:00,602.0,3236.172,3235.87,3236.41,ETH
2026-01-06 11:10:03+00:00,2026-01-06 11:18:57.652431+00:00,603.0,3236.172,3235.9,3236.41,ETH
2026-01-06 11:10:04+00:00,2026-01-06 11:18:58.651317+00:00,604.0,3236.172,3235.89,3236.41,ETH
2026-01-06 11:10:05+00:00,2026-01-06 11:18:59.671596+00:00,605.0,3236.142,3235.85,3236.32,ETH
2026-01-06 11:10:07+00:00,2026-01-06 11:19:00.780399+00:00,607.0,3236.032,3235.72,3236.21,ETH
2026-01-06 11:10:08+00:00,2026-01-06 11:19:01.766620+00:00,608.0,3236.042,3235.72,3236.21,ETH
2026-01-06 11:10:09+00:00,2026-01-06 11:19:02.747015+00:00,609.0,3236.042,3235.72,3236.21,ETH
2026-01-06 11:10:10+00:00,2026-01-06 11:19:03.732554+00:00,610.0,3236.052,3235.72,3236.3,ETH
2026-01-06 11:10:11+00:00,2026-01-06 11:19:04.745816+00:00,611.0,3236.022,3235.72,3236.2,ETH
2026-01-06 11:10:12+00:00,2026-01-06 11:19:05.754658+00:00,612.0,3235.732,3235.61,3235.94,ETH
2026-01-06 11:10:13+00:00,2026-01-06 11:19:06.765580+00:00,613.0,3235.792,3235.52,3235.81,ETH
2026-01-06 11:10:14+00:00,2026-01-06 11:19:07.779591+00:00,614.0,3235.602,3235.52,3235.88,ETH
2026-01-06 11:10:15+00:00,2026-01-06 11:19:08.785960+00:00,615.0,3235.632,3235.52,3235.88,ETH
2026-01-06 11:10:16+00:00,2026-01-06 11:19:09.779982+00:00,616.0,3235.882,3235.56,3235.96,ETH
2026-01-06 11:10:17+00:00,2026-01-06 11:19:10.785325+00:00,617.0,3235.872,3235.56,3236.18,ETH
2026-01-06 11:10:18+00:00,2026-01-06 11:19:11.781468+00:00,618.0,3235.832,3235.56,3236.17,ETH
2026-01-06 11:10:19+00:00,2026-01-06 11:19:13.804087+00:00,619.0,3235.852,3235.57,3236.17,ETH
2026-01-06 11:10:20+00:00,2026-01-06 11:19:14.823031+00:00,620.0,3235.882,3235.59,3236.19,ETH
2026-01-06 11:10:21+00:00,2026-01-06 11:19:15.820430+00:00,621.0,3235.902,3235.62,3236.21,ETH
2026-01-06 11:10:22+00:00,2026-01-06 11:19:16.946130+00:00,622.0,3235.922,3235.74,3236.29,ETH
2026-01-06 11:10:23+00:00,2026-01-06 11:19:17.933190+00:00,623.0,3236.052,3235.87,3236.38,ETH
2026-01-06 11:10:24+00:00,2026-01-06 11:19:18.951467+00:00,624.0,3236.192,3235.95,3236.45,ETH
2026-01-06 11:10:25+00:00,2026-01-06 11:19:19.954003+00:00,625.0,3236.262,3236.0,3236.53,ETH
2026-01-06 11:10:26+00:00,2026-01-06 11:19:20.956365+00:00,626.0,3236.282,3235.99,3236.54,ETH
2026-01-06 11:10:27+00:00,2026-01-06 11:19:21.951378+00:00,627.0,3236.292,3235.98,3236.53,ETH
2026-01-06 11:10:28+00:00,2026-01-06 11:19:22.958792+00:00,628.0,3236.272,3235.99,3236.46,ETH
2026-01-06 11:10:29+00:00,2026-01-06 11:19:23.967198+00:00,629.0,3236.272,3236.0,3236.42,ETH
2026-01-06 11:10:30+00:00,2026-01-06 11:19:24.970282+00:00,630.0,3236.302,3236.01,3236.42,ETH
2026-01-06 11:10:31+00:00,2026-01-06 11:19:25.974383+00:00,631.0,3236.302,3236.01,3236.42,ETH
2026-01-06 11:10:32+00:00,2026-01-06 11:19:26.952031+00:00,632.0,3236.312,3236.02,3236.43,ETH
2026-01-06 11:10:33+00:00,2026-01-06 11:19:28.067430+00:00,633.0,3236.312,3236.03,3236.43,ETH
2026-01-06 11:10:34+00:00,2026-01-06 11:19:29.072868+00:00,634.0,3236.322,3236.04,3236.42,ETH
2026-01-06 11:10:35+00:00,2026-01-06 11:19:30.086738+00:00,635.0,3236.312,3236.04,3236.41,ETH
2026-01-06 11:10:36+00:00,2026-01-06 11:19:31.098878+00:00,636.0,3236.312,3236.03,3236.47,ETH
2026-01-06 11:10:37+00:00,2026-01-06 11:19:32.115520+00:00,637.0,3236.312,3236.02,3236.46,ETH
2026-01-06 11:10:38+00:00,2026-01-06 11:19:33.122599+00:00,638.0,3236.312,3236.01,3236.49,ETH
2026-01-06 11:10:39+00:00,2026-01-06 11:19:34.130458+00:00,639.0,3236.302,3236.01,3236.52,ETH
2026-01-06 11:10:40+00:00,2026-01-06 11:19:35.134076+00:00,640.0,3236.312,3236.02,3236.5,ETH
2026-01-06 11:10:41+00:00,2026-01-06 11:19:36.172734+00:00,641.0,3236.152,3235.95,3236.4,ETH
2026-01-06 11:10:42+00:00,2026-01-06 11:19:37.159532+00:00,642.0,3235.992,3235.86,3236.26,ETH
2026-01-06 11:10:43+00:00,2026-01-06 11:19:38.172034+00:00,643.0,3235.982,3235.84,3236.03,ETH
2026-01-06 11:10:44+00:00,2026-01-06 11:19:39.220316+00:00,644.0,3235.992,3235.82,3236.04,ETH
2026-01-06 11:10:45+00:00,2026-01-06 11:19:40.229466+00:00,645.0,3236.002,3235.81,3236.07,ETH
2026-01-06 11:10:46+00:00,2026-01-06 11:19:41.235633+00:00,646.0,3236.052,3235.82,3236.23,ETH
2026-01-06 11:10:47+00:00,2026-01-06 11:19:42.219369+00:00,647.0,3236.412,3236.12,3236.62,ETH
2026-01-06 11:10:48+00:00,2026-01-06 11:19:43.219771+00:00,648.0,3236.652,3236.43,3236.9,ETH
2026-01-06 11:10:49+00:00,2026-01-06 11:19:44.217542+00:00,649.0,3236.532,3236.43,3236.84,ETH
2026-01-06 11:10:50+00:00,2026-01-06 11:19:45.227940+00:00,650.0,3236.532,3236.42,3236.76,ETH
2026-01-06 11:10:51+00:00,2026-01-06 11:19:46.230407+00:00,651.0,3236.532,3236.4,3236.78,ETH
2026-01-06 11:10:52+00:00,2026-01-06 11:19:47.229388+00:00,652.0,3236.492,3236.4,3236.78,ETH
2026-01-06 11:10:53+00:00,2026-01-06 11:19:48.230549+00:00,653.0,3236.522,3236.41,3236.78,ETH
2026-01-06 11:10:54+00:00,2026-01-06 11:19:49.247679+00:00,654.0,3236.522,3236.41,3236.77,ETH
2026-01-06 11:10:55+00:00,2026-01-06 11:19:50.250980+00:00,655.0,3236.532,3236.41,3236.77,ETH
2026-01-06 11:10:56+00:00,2026-01-06 11:19:51.255294+00:00,656.0,3236.572,3236.41,3236.78,ETH
2026-01-06 11:10:57+00:00,2026-01-06 11:19:52.248231+00:00,657.0,3236.572,3236.41,3236.8,ETH
2026-01-06 11:10:58+00:00,2026-01-06 11:19:53.245491+00:00,658.0,3236.702,3236.54,3236.9,ETH
2026-01-06 11:10:59+00:00,2026-01-06 11:19:54.267373+00:00,659.0,3236.972,3236.74,3237.22,ETH
2026-01-06 11:11:00+00:00,2026-01-06 11:19:55.266457+00:00,660.0,3237.122,3236.88,3237.49,ETH
2026-01-06 11:11:01+00:00,2026-01-06 11:19:56.281505+00:00,661.0,3237.132,3236.94,3237.55,ETH
2026-01-06 11:11:02+00:00,2026-01-06 11:19:57.285940+00:00,662.0,3237.212,3236.95,3237.58,ETH
2026-01-06 11:11:03+00:00,2026-01-06 11:19:58.287388+00:00,663.0,3237.472,3237.15,3237.65,ETH
2026-01-06 11:11:04+00:00,2026-01-06 11:19:59.286027+00:00,664.0,3237.682,3237.38,3237.87,ETH
2026-01-06 11:11:05+00:00,2026-01-06 11:20:00.304461+00:00,665.0,3237.712,3237.43,3238.05,ETH
2026-01-06 11:11:06+00:00,2026-01-06 11:20:01.315712+00:00,666.0,3237.722,3237.45,3238.07,ETH
2026-01-06 11:11:07+00:00,2026-01-06 11:20:02.310615+00:00,667.0,3237.792,3237.48,3238.15,ETH
2026-01-06 11:11:08+00:00,2026-01-06 11:20:03.315594+00:00,668.0,3237.852,3237.5,3238.22,ETH
2026-01-06 11:11:09+00:00,2026-01-06 11:20:04.306727+00:00,669.0,3237.862,3237.53,3238.21,ETH
2026-01-06 11:11:10+00:00,2026-01-06 11:20:05.321285+00:00,670.0,3237.882,3237.61,3238.21,ETH
2026-01-06 11:11:11+00:00,2026-01-06 11:20:06.318533+00:00,671.0,3237.912,3237.67,3238.23,ETH
2026-01-06 11:11:12+00:00,2026-01-06 11:20:07.337004+00:00,672.0,3237.922,3237.67,3238.26,ETH
2026-01-06 11:11:13+00:00,2026-01-06 11:20:08.327480+00:00,673.0,3237.922,3237.67,3238.25,ETH
2026-01-06 11:11:14+00:00,2026-01-06 11:20:09.347790+00:00,674.0,3237.922,3237.68,3238.24,ETH
2026-01-06 11:11:15+00:00,2026-01-06 11:20:10.352203+00:00,675.0,3237.962,3237.69,3238.25,ETH
2026-01-06 11:11:16+00:00,2026-01-06 11:20:11.351518+00:00,676.0,3238.002,3237.7,3238.26,ETH
2026-01-06 11:11:17+00:00,2026-01-06 11:20:12.368766+00:00,677.0,3237.992,3237.69,3238.23,ETH
2026-01-06 11:11:18+00:00,2026-01-06 11:20:13.365976+00:00,678.0,3237.992,3237.69,3238.18,ETH
2026-01-06 11:11:19+00:00,2026-01-06 11:20:14.371034+00:00,679.0,3237.982,3237.68,3238.11,ETH
2026-01-06 11:11:20+00:00,2026-01-06 11:20:15.386665+00:00,680.0,3237.872,3237.56,3238.06,ETH
2026-01-06 11:11:21+00:00,2026-01-06 11:20:16.418427+00:00,681.0,3237.772,3237.45,3237.97,ETH
2026-01-06 11:11:22+00:00,2026-01-06 11:20:17.431556+00:00,682.0,3237.682,3237.41,3237.8,ETH
2026-01-06 11:11:23+00:00,2026-01-06 11:20:18.435289+00:00,683.0,3237.592,3237.37,3237.76,ETH
2026-01-06 11:11:24+00:00,2026-01-06 11:20:19.449301+00:00,684.0,3237.552,3237.36,3237.76,ETH
2026-01-06 11:11:25+00:00,2026-01-06 11:20:20.470148+00:00,685.0,3237.532,3237.32,3237.72,ETH
2026-01-06 11:11:26+00:00,2026-01-06 11:20:21.472671+00:00,686.0,3237.522,3237.27,3237.69,ETH
2026-01-06 11:11:27+00:00,2026-01-06 11:20:22.478252+00:00,687.0,3237.492,3237.28,3237.67,ETH
2026-01-06 11:11:28+00:00,2026-01-06 11:20:23.484762+00:00,688.0,3237.502,3237.28,3237.67,ETH
2026-01-06 11:11:29+00:00,2026-01-06 11:20:24.501653+00:00,689.0,3237.492,3237.29,3237.7,ETH
2026-01-06 11:11:30+00:00,2026-01-06 11:20:25.500940+00:00,690.0,3237.472,3237.29,3237.7,ETH
2026-01-06 11:11:31+00:00,2026-01-06 11:20:26.520190+00:00,691.0,3237.582,3237.33,3237.74,ETH
2026-01-06 11:11:32+00:00,2026-01-06 11:20:27.531917+00:00,692.0,3237.682,3237.37,3237.94,ETH
2026-01-06 11:11:33+00:00,2026-01-06 11:20:28.549724+00:00,693.0,3237.742,3237.47,3237.94,ETH
2026-01-06 11:11:34+00:00,2026-01-06 11:20:29.562175+00:00,694.0,3237.732,3237.47,3237.94,ETH
2026-01-06 11:11:35+00:00,2026-01-06 11:20:30.566181+00:00,695.0,3237.722,3237.47,3237.94,ETH
2026-01-06 11:11:36+00:00,2026-01-06 11:20:31.584468+00:00,696.0,3237.662,3237.45,3237.93,ETH
2026-01-06 11:11:37+00:00,2026-01-06 11:20:32.585237+00:00,697.0,3237.632,3237.45,3237.93,ETH
2026-01-06 11:11:38+00:00,2026-01-06 11:20:33.595285+00:00,698.0,3237.752,3237.45,3237.92,ETH
2026-01-06 11:11:39+00:00,2026-01-06 11:20:34.601032+00:00,699.0,3237.782,3237.45,3238.05,ETH
2026-01-06 11:11:40+00:00,2026-01-06 11:20:35.617378+00:00,700.0,3237.742,3237.43,3238.06,ETH
2026-01-06 11:11:41+00:00,2026-01-06 11:20:36.634367+00:00,701.0,3237.752,3237.43,3237.91,ETH
2026-01-06 11:11:42+00:00,2026-01-06 11:20:37.635683+00:00,702.0,3237.742,3237.42,3237.87,ETH
2026-01-06 11:11:43+00:00,2026-01-06 11:20:38.634068+00:00,703.0,3237.732,3237.42,3237.82,ETH
2026-01-06 11:11:44+00:00,2026-01-06 11:20:39.649195+00:00,704.0,3237.672,3237.41,3237.83,ETH
2026-01-06 11:11:45+00:00,2026-01-06 11:20:40.650750+00:00,705.0,3237.612,3237.41,3237.83,ETH
2026-01-06 11:11:46+00:00,2026-01-06 11:20:41.677935+00:00,706.0,3237.532,3237.4,3237.83,ETH
2026-01-06 11:11:47+00:00,2026-01-06 11:20:42.680350+00:00,707.0,3237.422,3237.33,3237.66,ETH
2026-01-06 11:11:48+00:00,2026-01-06 11:20:43.684217+00:00,708.0,3237.522,3237.33,3237.66,ETH
2026-01-06 11:11:49+00:00,2026-01-06 11:20:44.733087+00:00,709.0,3237.932,3237.67,3238.25,ETH
2026-01-06 11:11:50+00:00,2026-01-06 11:20:45.753659+00:00,710.0,3237.992,3237.68,3238.3,ETH
2026-01-06 11:11:51+00:00,2026-01-06 11:20:46.760524+00:00,711.0,3238.022,3237.69,3238.34,ETH
2026-01-06 11:11:52+00:00,2026-01-06 11:20:47.743785+00:00,712.0,3238.022,3237.7,3238.35,ETH
2026-01-06 11:11:53+00:00,2026-01-06 11:20:48.744158+00:00,713.0,3238.022,3237.7,3238.35,ETH
2026-01-06 11:11:54+00:00,2026-01-06 11:20:49.754844+00:00,714.0,3238.012,3237.7,3238.34,ETH
2026-01-06 11:11:55+00:00,2026-01-06 11:20:50.748467+00:00,715.0,3238.002,3237.7,3238.33,ETH
2026-01-06 11:11:56+00:00,2026-01-06 11:20:51.761799+00:00,716.0,3238.012,3237.7,3238.25,ETH
2026-01-06 11:11:57+00:00,2026-01-06 11:20:52.773987+00:00,717.0,3238.012,3237.7,3238.24,ETH
2026-01-06 11:11:58+00:00,2026-01-06 11:20:53.815529+00:00,718.0,3238.012,3237.7,3238.19,ETH
2026-01-06 11:11:59+00:00,2026-01-06 11:20:54.833451+00:00,719.0,3238.012,3237.7,3238.18,ETH
2026-01-06 11:12:00+00:00,2026-01-06 11:20:55.831695+00:00,720.0,3238.012,3237.71,3238.29,ETH
2026-01-06 11:12:01+00:00,2026-01-06 11:20:56.835036+00:00,721.0,3238.012,3237.71,3238.27,ETH
2026-01-06 11:12:02+00:00,2026-01-06 11:20:58.273618+00:00,722.0,3238.002,3237.71,3238.21,ETH
2026-01-06 11:12:03+00:00,2026-01-06 11:20:59.273627+00:00,723.0,3238.002,3237.71,3238.2,ETH
2026-01-06 11:12:04+00:00,2026-01-06 11:21:00.277317+00:00,724.0,3238.012,3237.7,3238.22,ETH
2026-01-06 11:12:05+00:00,2026-01-06 11:21:01.280388+00:00,725.0,3238.012,3237.7,3238.19,ETH
2026-01-06 11:12:06+00:00,2026-01-06 11:21:02.275538+00:00,726.0,3238.012,3237.7,3238.18,ETH
2026-01-06 11:12:07+00:00,2026-01-06 11:21:03.304087+00:00,727.0,3238.002,3237.7,3238.18,ETH
2026-01-06 11:12:08+00:00,2026-01-06 11:21:04.298200+00:00,728.0,3238.002,3237.7,3238.18,ETH
2026-01-06 11:12:09+00:00,2026-01-06 11:21:05.292483+00:00,729.0,3237.972,3237.7,3238.16,ETH
2026-01-06 11:12:10+00:00,2026-01-06 11:21:06.335344+00:00,730.0,3237.932,3237.7,3238.16,ETH
2026-01-06 11:12:11+00:00,2026-01-06 11:21:07.318914+00:00,731.0,3237.892,3237.7,3238.18,ETH
2026-01-06 11:12:12+00:00,2026-01-06 11:21:08.330779+00:00,732.0,3237.892,3237.7,3238.17,ETH
2026-01-06 11:12:13+00:00,2026-01-06 11:21:09.351853+00:00,733.0,3237.882,3237.7,3238.16,ETH
2026-01-06 11:12:14+00:00,2026-01-06 11:21:10.365798+00:00,734.0,3237.882,3237.7,3238.17,ETH
2026-01-06 11:12:15+00:00,2026-01-06 11:21:11.366011+00:00,735.0,3237.902,3237.7,3238.17,ETH
2026-01-06 11:12:16+00:00,2026-01-06 11:21:12.361677+00:00,736.0,3237.842,3237.7,3238.17,ETH
2026-01-06 11:12:17+00:00,2026-01-06 11:21:13.365555+00:00,737.0,3237.772,3237.7,3238.16,ETH
2026-01-06 11:12:18+00:00,2026-01-06 11:21:14.382326+00:00,738.0,3237.832,3237.69,3238.13,ETH
2026-01-06 11:12:19+00:00,2026-01-06 11:21:15.377369+00:00,739.0,3237.882,3237.69,3238.12,ETH
2026-01-06 11:12:20+00:00,2026-01-06 11:21:16.382883+00:00,740.0,3237.942,3237.69,3238.19,ETH
2026-01-06 11:12:21+00:00,2026-01-06 11:21:17.399314+00:00,741.0,3238.012,3237.69,3238.27,ETH
2026-01-06 11:12:22+00:00,2026-01-06 11:21:18.406184+00:00,742.0,3238.012,3237.69,3238.28,ETH
2026-01-06 11:12:23+00:00,2026-01-06 11:21:19.419084+00:00,743.0,3238.012,3237.69,3238.28,ETH
2026-01-06 11:12:24+00:00,2026-01-06 11:21:20.416461+00:00,744.0,3238.012,3237.69,3238.27,ETH
2026-01-06 11:12:25+00:00,2026-01-06 11:21:21.429990+00:00,745.0,3238.012,3237.69,3238.26,ETH
2026-01-06 11:12:26+00:00,2026-01-06 11:21:22.430282+00:00,746.0,3238.012,3237.69,3238.26,ETH
2026-01-06 11:12:27+00:00,2026-01-06 11:21:23.445199+00:00,747.0,3238.012,3237.69,3238.25,ETH
2026-01-06 11:12:28+00:00,2026-01-06 11:21:24.431018+00:00,748.0,3238.052,3237.74,3238.25,ETH
2026-01-06 11:12:29+00:00,2026-01-06 11:21:25.446242+00:00,749.0,3238.102,3237.79,3238.34,ETH
2026-01-06 11:12:30+00:00,2026-01-06 11:21:26.428858+00:00,750.0,3238.122,3237.8,3238.42,ETH
2026-01-06 11:12:31+00:00,2026-01-06 11:21:27.447166+00:00,751.0,3238.152,3237.83,3238.46,ETH
2026-01-06 11:12:32+00:00,2026-01-06 11:21:28.450653+00:00,752.0,3238.272,3237.94,3238.51,ETH
2026-01-06 11:12:33+00:00,2026-01-06 11:21:29.459910+00:00,753.0,3238.362,3238.04,3238.57,ETH
2026-01-06 11:12:34+00:00,2026-01-06 11:21:30.460168+00:00,754.0,3238.342,3238.07,3238.57,ETH
2026-01-06 11:12:35+00:00,2026-01-06 11:21:31.477269+00:00,755.0,3238.352,3238.08,3238.54,ETH
2026-01-06 11:12:36+00:00,2026-01-06 11:21:32.478311+00:00,756.0,3238.402,3238.08,3238.56,ETH
2026-01-06 11:12:37+00:00,2026-01-06 11:21:33.498207+00:00,757.0,3238.402,3238.08,3238.57,ETH
2026-01-06 11:12:38+00:00,2026-01-06 11:21:34.513604+00:00,758.0,3238.382,3238.08,3238.56,ETH
2026-01-06 11:12:39+00:00,2026-01-06 11:21:35.513150+00:00,759.0,3238.362,3238.08,3238.55,ETH
2026-01-06 11:12:40+00:00,2026-01-06 11:21:36.531776+00:00,760.0,3238.352,3238.08,3238.53,ETH
2026-01-06 11:12:41+00:00,2026-01-06 11:21:37.550157+00:00,761.0,3238.222,3238.06,3238.34,ETH
2026-01-06 11:12:42+00:00,2026-01-06 11:21:38.571931+00:00,762.0,3238.082,3238.03,3238.17,ETH
2026-01-06 11:12:43+00:00,2026-01-06 11:21:39.594791+00:00,763.0,3238.182,3237.99,3238.27,ETH
2026-01-06 11:12:44+00:00,2026-01-06 11:21:40.580663+00:00,764.0,3238.192,3237.87,3238.25,ETH
2026-01-06 11:12:45+00:00,2026-01-06 11:21:41.580460+00:00,765.0,3238.172,3237.86,3238.28,ETH
2026-01-06 11:12:46+00:00,2026-01-06 11:21:42.595980+00:00,766.0,3238.152,3237.85,3238.31,ETH
2026-01-06 11:12:47+00:00,2026-01-06 11:21:43.612441+00:00,767.0,3238.152,3237.85,3238.31,ETH
2026-01-06 11:12:48+00:00,2026-01-06 11:21:44.615830+00:00,768.0,3238.152,3237.84,3238.31,ETH
2026-01-06 11:12:49+00:00,2026-01-06 11:21:45.607645+00:00,769.0,3238.152,3237.84,3238.31,ETH
2026-01-06 11:12:50+00:00,2026-01-06 11:21:46.611478+00:00,770.0,3238.152,3237.84,3238.31,ETH
2026-01-06 11:12:51+00:00,2026-01-06 11:21:47.629757+00:00,771.0,3238.152,3237.84,3238.31,ETH
2026-01-06 11:12:52+00:00,2026-01-06 11:21:48.624392+00:00,772.0,3238.132,3237.83,3238.31,ETH
2026-01-06 11:12:53+00:00,2026-01-06 11:21:49.643966+00:00,773.0,3238.132,3237.83,3238.31,ETH
2026-01-06 11:12:54+00:00,2026-01-06 11:21:50.680905+00:00,774.0,3238.142,3237.83,3238.31,ETH
2026-01-06 11:12:55+00:00,2026-01-06 11:21:51.761538+00:00,775.0,3238.142,3237.83,3238.32,ETH
2026-01-06 11:12:56+00:00,2026-01-06 11:21:52.749069+00:00,776.0,3238.142,3237.83,3238.35,ETH
2026-01-06 11:12:57+00:00,2026-01-06 11:21:53.736001+00:00,777.0,3238.152,3237.84,3238.37,ETH
2026-01-06 11:12:58+00:00,2026-01-06 11:21:54.732736+00:00,778.0,3238.152,3237.84,3238.37,ETH
2026-01-06 11:12:59+00:00,2026-01-06 11:21:55.744685+00:00,779.0,3238.152,3237.84,3238.37,ETH
2026-01-06 11:13:00+00:00,2026-01-06 11:21:56.748417+00:00,780.0,3238.152,3237.84,3238.34,ETH
2026-01-06 11:13:01+00:00,2026-01-06 11:21:57.747850+00:00,781.0,3238.152,3237.84,3238.25,ETH
2026-01-06 11:13:02+00:00,2026-01-06 11:21:58.756580+00:00,782.0,3238.142,3237.84,3238.19,ETH
2026-01-06 11:13:03+00:00,2026-01-06 11:21:59.763184+00:00,783.0,3238.142,3237.84,3238.19,ETH
2026-01-06 11:13:04+00:00,2026-01-06 11:22:00.723926+00:00,784.0,3238.142,3237.84,3238.19,ETH
2026-01-06 11:13:05+00:00,2026-01-06 11:22:01.728497+00:00,785.0,3238.142,3237.84,3238.19,ETH
2026-01-06 11:13:06+00:00,2026-01-06 11:22:02.751256+00:00,786.0,3238.142,3237.84,3238.19,ETH
2026-01-06 11:13:07+00:00,2026-01-06 11:22:03.713697+00:00,787.0,3238.142,3237.84,3238.19,ETH
2026-01-06 11:13:08+00:00,2026-01-06 11:22:04.710675+00:00,788.0,3238.142,3237.84,3238.19,ETH
2026-01-06 11:13:09+00:00,2026-01-06 11:22:05.712735+00:00,789.0,3238.022,3237.71,3238.18,ETH
2026-01-06 11:13:10+00:00,2026-01-06 11:22:06.710541+00:00,790.0,3238.022,3237.71,3238.16,ETH
2026-01-06 11:13:11+00:00,2026-01-06 11:22:07.711275+00:00,791.0,3238.012,3237.71,3238.17,ETH
2026-01-06 11:13:12+00:00,2026-01-06 11:22:08.714718+00:00,792.0,3238.012,3237.71,3238.14,ETH
2026-01-06 11:13:13+00:00,2026-01-06 11:22:09.716439+00:00,793.0,3237.952,3237.71,3237.99,ETH
2026-01-06 11:13:14+00:00,2026-01-06 11:22:10.857669+00:00,794.0,3237.652,3237.47,3237.96,ETH
2026-01-06 11:13:15+00:00,2026-01-06 11:22:11.856092+00:00,795.0,3237.682,3237.35,3238.02,ETH
2026-01-06 11:13:16+00:00,2026-01-06 11:22:12.862608+00:00,796.0,3237.692,3237.35,3238.0,ETH
2026-01-06 11:13:17+00:00,2026-01-06 11:22:13.862995+00:00,797.0,3237.702,3237.37,3237.98,ETH
2026-01-06 11:13:18+00:00,2026-01-06 11:22:14.874852+00:00,798.0,3237.542,3237.36,3237.97,ETH
2026-01-06 11:13:19+00:00,2026-01-06 11:22:15.851695+00:00,799.0,3237.382,3237.35,3237.96,ETH
2026-01-06 11:13:20+00:00,2026-01-06 11:22:16.858089+00:00,800.0,3237.342,3237.29,3237.96,ETH
2026-01-06 11:13:21+00:00,2026-01-06 11:22:17.859895+00:00,801.0,3237.292,3237.24,3237.87,ETH
2026-01-06 11:13:22+00:00,2026-01-06 11:22:18.858398+00:00,802.0,3237.362,3237.3,3237.8,ETH
2026-01-06 11:13:23+00:00,2026-01-06 11:22:19.867867+00:00,803.0,3237.432,3237.36,3237.79,ETH
2026-01-06 11:13:24+00:00,2026-01-06 11:22:20.862029+00:00,804.0,3237.322,3237.28,3237.73,ETH
2026-01-06 11:13:25+00:00,2026-01-06 11:22:21.870225+00:00,805.0,3237.192,3237.15,3237.63,ETH
2026-01-06 11:13:26+00:00,2026-01-06 11:22:22.874926+00:00,806.0,3237.132,3237.04,3237.5,ETH
2026-01-06 11:13:27+00:00,2026-01-06 11:22:23.879656+00:00,807.0,3237.192,3236.98,3237.5,ETH
2026-01-06 11:13:28+00:00,2026-01-06 11:22:24.886902+00:00,808.0,3237.292,3236.97,3237.59,ETH
2026-01-06 11:13:29+00:00,2026-01-06 11:22:25.908617+00:00,809.0,3237.302,3236.98,3237.6,ETH
2026-01-06 11:13:30+00:00,2026-01-06 11:22:26.915699+00:00,810.0,3237.202,3236.99,3237.48,ETH
2026-01-06 11:13:31+00:00,2026-01-06 11:22:27.929237+00:00,811.0,3237.092,3236.99,3237.35,ETH
2026-01-06 11:13:32+00:00,2026-01-06 11:22:28.923418+00:00,812.0,3237.082,3236.99,3237.34,ETH
2026-01-06 11:13:33+00:00,2026-01-06 11:22:29.927800+00:00,813.0,3237.052,3236.99,3237.35,ETH
2026-01-06 11:13:34+00:00,2026-01-06 11:22:30.945912+00:00,814.0,3236.922,3236.88,3237.34,ETH
2026-01-06 11:13:35+00:00,2026-01-06 11:22:31.938139+00:00,815.0,3236.722,3236.61,3237.03,ETH
2026-01-06 11:13:36+00:00,2026-01-06 11:22:32.942888+00:00,816.0,3236.812,3236.61,3237.03,ETH
2026-01-06 11:13:37+00:00,2026-01-06 11:22:33.942772+00:00,817.0,3236.752,3236.6,3237.01,ETH
2026-01-06 11:13:38+00:00,2026-01-06 11:22:34.946970+00:00,818.0,3236.752,3236.6,3236.98,ETH
2026-01-06 11:13:39+00:00,2026-01-06 11:22:35.960920+00:00,819.0,3236.762,3236.6,3237.04,ETH
2026-01-06 11:13:40+00:00,2026-01-06 11:22:36.995845+00:00,820.0,3236.772,3236.6,3237.09,ETH
2026-01-06 11:13:41+00:00,2026-01-06 11:22:38.012123+00:00,821.0,3236.832,3236.61,3237.14,ETH
2026-01-06 11:13:42+00:00,2026-01-06 11:22:39.026295+00:00,822.0,3236.802,3236.64,3237.17,ETH
2026-01-06 11:13:43+00:00,2026-01-06 11:22:40.043835+00:00,823.0,3236.772,3236.69,3237.19,ETH
2026-01-06 11:13:44+00:00,2026-01-06 11:22:41.055669+00:00,824.0,3236.802,3236.64,3237.12,ETH
2026-01-06 11:13:45+00:00,2026-01-06 11:22:42.065152+00:00,825.0,3236.962,3236.64,3237.2,ETH
2026-01-06 11:13:46+00:00,2026-01-06 11:22:43.078665+00:00,826.0,3236.822,3236.65,3237.23,ETH
2026-01-06 11:13:47+00:00,2026-01-06 11:22:44.078437+00:00,827.0,3236.822,3236.65,3237.27,ETH
2026-01-06 11:13:48+00:00,2026-01-06 11:22:45.097489+00:00,828.0,3236.812,3236.65,3237.12,ETH
2026-01-06 11:13:49+00:00,2026-01-06 11:22:46.112242+00:00,829.0,3236.812,3236.66,3237.11,ETH
2026-01-06 11:13:50+00:00,2026-01-06 11:22:47.116092+00:00,830.0,3236.802,3236.64,3237.11,ETH
2026-01-06 11:13:51+00:00,2026-01-06 11:22:48.107614+00:00,831.0,3236.522,3236.46,3236.76,ETH
2026-01-06 11:13:52+00:00,2026-01-06 11:22:49.107890+00:00,832.0,3236.342,3236.32,3236.55,ETH
2026-01-06 11:13:53+00:00,2026-01-06 11:22:50.128323+00:00,833.0,3236.082,3236.03,3236.41,ETH
2026-01-06 11:13:54+00:00,2026-01-06 11:22:51.124931+00:00,834.0,3236.102,3236.03,3236.41,ETH
2026-01-06 11:13:55+00:00,2026-01-06 11:22:53.141124+00:00,835.0,3236.162,3236.03,3236.57,ETH
2026-01-06 11:13:56+00:00,2026-01-06 11:22:54.147745+00:00,836.0,3236.302,3236.14,3236.75,ETH
2026-01-06 11:13:57+00:00,2026-01-06 11:22:55.168306+00:00,837.0,3236.452,3236.26,3236.86,ETH
2026-01-06 11:13:58+00:00,2026-01-06 11:22:56.170325+00:00,838.0,3236.562,3236.41,3236.87,ETH
2026-01-06 11:13:59+00:00,2026-01-06 11:22:57.187907+00:00,839.0,3236.812,3236.66,3237.12,ETH
2026-01-06 11:14:00+00:00,2026-01-06 11:22:58.186630+00:00,840.0,3237.022,3236.8,3237.39,ETH
2026-01-06 11:14:02+00:00,2026-01-06 11:22:59.217123+00:00,842.0,3237.302,3237.09,3237.68,ETH
2026-01-06 11:14:03+00:00,2026-01-06 11:23:00.279920+00:00,843.0,3237.312,3237.11,3237.71,ETH
2026-01-06 11:14:04+00:00,2026-01-06 11:23:01.234190+00:00,844.0,3237.432,3237.11,3237.79,ETH
2026-01-06 11:14:05+00:00,2026-01-06 11:23:02.237328+00:00,845.0,3237.442,3237.13,3237.79,ETH
2026-01-06 11:14:06+00:00,2026-01-06 11:23:03.256538+00:00,846.0,3237.452,3237.15,3237.8,ETH
2026-01-06 11:14:07+00:00,2026-01-06 11:23:04.249954+00:00,847.0,3237.782,3237.47,3238.01,ETH
2026-01-06 11:14:08+00:00,2026-01-06 11:23:05.239092+00:00,848.0,3237.792,3237.56,3238.1,ETH
2026-01-06 11:14:09+00:00,2026-01-06 11:23:06.237025+00:00,849.0,3237.802,3237.56,3238.09,ETH
2026-01-06 11:14:10+00:00,2026-01-06 11:23:07.239407+00:00,850.0,3237.802,3237.56,3238.03,ETH
2026-01-06 11:14:11+00:00,2026-01-06 11:23:08.247296+00:00,851.0,3237.802,3237.56,3238.04,ETH
2026-01-06 11:14:12+00:00,2026-01-06 11:23:09.244135+00:00,852.0,3237.682,3237.54,3238.0,ETH
2026-01-06 11:14:13+00:00,2026-01-06 11:23:10.250283+00:00,853.0,3237.632,3237.37,3237.72,ETH
2026-01-06 11:14:14+00:00,2026-01-06 11:23:11.291611+00:00,854.0,3237.682,3237.37,3237.81,ETH
2026-01-06 11:14:15+00:00,2026-01-06 11:23:12.311711+00:00,855.0,3237.702,3237.39,3237.99,ETH
2026-01-06 11:14:16+00:00,2026-01-06 11:23:13.339872+00:00,856.0,3237.722,3237.41,3237.96,ETH
2026-01-06 11:14:17+00:00,2026-01-06 11:23:14.337403+00:00,857.0,3237.722,3237.41,3237.92,ETH
2026-01-06 11:14:18+00:00,2026-01-06 11:23:15.343728+00:00,858.0,3237.692,3237.39,3237.89,ETH
2026-01-06 11:14:19+00:00,2026-01-06 11:23:17.366326+00:00,859.0,3237.702,3237.4,3237.81,ETH
2026-01-06 11:14:20+00:00,2026-01-06 11:23:18.346891+00:00,860.0,3237.702,3237.4,3237.81,ETH
2026-01-06 11:14:21+00:00,2026-01-06 11:23:19.379447+00:00,861.0,3237.712,3237.4,3237.81,ETH
2026-01-06 11:14:22+00:00,2026-01-06 11:23:20.379935+00:00,862.0,3237.712,3237.4,3237.84,ETH
2026-01-06 11:14:23+00:00,2026-01-06 11:23:21.374754+00:00,863.0,3237.712,3237.4,3237.88,ETH
2026-01-06 11:14:24+00:00,2026-01-06 11:23:22.444666+00:00,864.0,3237.712,3237.4,3237.89,ETH
2026-01-06 11:14:25+00:00,2026-01-06 11:23:23.394234+00:00,865.0,3237.562,3237.38,3237.74,ETH
2026-01-06 11:14:26+00:00,2026-01-06 11:23:24.388026+00:00,866.0,3237.342,3237.22,3237.51,ETH
2026-01-06 11:14:27+00:00,2026-01-06 11:23:25.392693+00:00,867.0,3237.122,3236.99,3237.36,ETH
2026-01-06 11:14:28+00:00,2026-01-06 11:23:26.397749+00:00,868.0,3237.012,3236.87,3237.29,ETH
2026-01-06 11:14:29+00:00,2026-01-06 11:23:27.425737+00:00,869.0,3237.002,3236.86,3237.23,ETH
2026-01-06 11:14:30+00:00,2026-01-06 11:23:28.424846+00:00,870.0,3236.912,3236.76,3237.09,ETH
2026-01-06 11:14:31+00:00,2026-01-06 11:23:29.512393+00:00,871.0,3236.752,3236.57,3236.95,ETH
2026-01-06 11:14:32+00:00,2026-01-06 11:23:30.509905+00:00,872.0,3236.642,3236.48,3236.92,ETH
2026-01-06 11:14:33+00:00,2026-01-06 11:23:31.534866+00:00,873.0,3236.602,3236.48,3236.92,ETH
2026-01-06 11:14:34+00:00,2026-01-06 11:23:32.543521+00:00,874.0,3236.612,3236.49,3236.93,ETH
2026-01-06 11:14:35+00:00,2026-01-06 11:23:33.550480+00:00,875.0,3236.542,3236.45,3236.97,ETH
2026-01-06 11:14:36+00:00,2026-01-06 11:23:34.559719+00:00,876.0,3236.462,3236.42,3236.94,ETH
2026-01-06 11:14:37+00:00,2026-01-06 11:23:35.572212+00:00,877.0,3236.512,3236.42,3236.88,ETH
2026-01-06 11:14:38+00:00,2026-01-06 11:23:36.567844+00:00,878.0,3236.572,3236.4,3236.85,ETH
2026-01-06 11:14:39+00:00,2026-01-06 11:23:37.572422+00:00,879.0,3236.572,3236.42,3236.88,ETH
2026-01-06 11:14:40+00:00,2026-01-06 11:23:38.559742+00:00,880.0,3236.532,3236.39,3236.84,ETH
2026-01-06 11:14:41+00:00,2026-01-06 11:23:39.576981+00:00,881.0,3236.512,3236.33,3236.76,ETH
2026-01-06 11:14:42+00:00,2026-01-06 11:23:40.557270+00:00,882.0,3236.512,3236.33,3236.76,ETH
2026-01-06 11:14:43+00:00,2026-01-06 11:23:41.560334+00:00,883.0,3236.532,3236.32,3236.75,ETH
2026-01-06 11:14:44+00:00,2026-01-06 11:23:42.560421+00:00,884.0,3236.522,3236.33,3236.72,ETH
2026-01-06 11:14:45+00:00,2026-01-06 11:23:43.576967+00:00,885.0,3236.462,3236.32,3236.69,ETH
2026-01-06 11:14:46+00:00,2026-01-06 11:23:44.588053+00:00,886.0,3236.502,3236.26,3236.61,ETH
2026-01-06 11:14:47+00:00,2026-01-06 11:23:45.575648+00:00,887.0,3236.502,3236.25,3236.61,ETH
2026-01-06 11:14:48+00:00,2026-01-06 11:23:46.587035+00:00,888.0,3236.402,3236.21,3236.5,ETH
2026-01-06 11:14:49+00:00,2026-01-06 11:23:47.605405+00:00,889.0,3236.222,3236.04,3236.47,ETH
2026-01-06 11:14:50+00:00,2026-01-06 11:23:48.607716+00:00,890.0,3236.222,3235.97,3236.37,ETH
2026-01-06 11:14:51+00:00,2026-01-06 11:23:49.628863+00:00,891.0,3236.152,3235.89,3236.36,ETH
2026-01-06 11:14:52+00:00,2026-01-06 11:23:50.636569+00:00,892.0,3236.152,3235.89,3236.36,ETH
2026-01-06 11:14:53+00:00,2026-01-06 11:23:51.642655+00:00,893.0,3236.032,3235.85,3236.23,ETH
2026-01-06 11:14:54+00:00,2026-01-06 11:23:52.645040+00:00,894.0,3235.762,3235.71,3236.22,ETH
2026-01-06 11:14:55+00:00,2026-01-06 11:23:53.639863+00:00,895.0,3235.462,3235.43,3235.95,ETH
2026-01-06 11:14:56+00:00,2026-01-06 11:23:54.642981+00:00,896.0,3235.422,3235.38,3235.76,ETH
2026-01-06 11:14:57+00:00,2026-01-06 11:23:55.640247+00:00,897.0,3235.392,3235.1,3235.48,ETH
2026-01-06 11:14:58+00:00,2026-01-06 11:23:56.638424+00:00,898.0,3235.402,3235.14,3235.52,ETH
2026-01-06 11:14:59+00:00,2026-01-06 11:23:57.631428+00:00,899.0,3235.402,3235.14,3235.52,ETH
