timestamp,collected_at,seconds,up_mid,up_best_bid,up_best_ask,down_mid,down_best_bid,down_best_ask,up_best_bid_size,up_best_ask_size,down_best_bid_size,down_best_ask_size
2026-01-06 11:00:00.868000+00:00,2026-01-06 11:00:01.237889+00:00,0.868,0.4649999999999999,0.46,0.47,0.535,0.53,0.54,,,,
2026-01-06 11:00:01.534000+00:00,2026-01-06 11:00:02.251550+00:00,1.534,0.4549999999999999,0.44,0.47,0.545,0.53,0.56,,,,
2026-01-06 11:00:02.988000+00:00,2026-01-06 11:00:03.270057+00:00,2.988,0.4599999999999999,0.45,0.47,0.54,0.53,0.55,,,,
2026-01-06 11:00:04.031000+00:00,2026-01-06 11:00:04.292129+00:00,4.031,0.455,0.45,0.46,0.545,0.54,0.55,,,,
2026-01-06 11:00:05.969000+00:00,2026-01-06 11:00:06.312777+00:00,5.969,0.4649999999999999,0.46,0.47,0.535,0.53,0.54,,,,
2026-01-06 11:00:07.019000+00:00,2026-01-06 11:00:07.331999+00:00,7.019,0.4649999999999999,0.46,0.47,0.535,0.53,0.54,,,,
2026-01-06 11:00:08.959000+00:00,2026-01-06 11:00:09.333558+00:00,8.959,0.4649999999999999,0.46,0.47,0.535,0.53,0.54,,,,
2026-01-06 11:00:10.074000+00:00,2026-01-06 11:00:10.341237+00:00,10.074,0.4649999999999999,0.46,0.47,0.535,0.53,0.54,,,,
2026-01-06 11:00:11.016000+00:00,2026-01-06 11:00:11.341392+00:00,11.016,0.4649999999999999,0.46,0.47,0.535,0.53,0.54,,,,
2026-01-06 11:00:12.036000+00:00,2026-01-06 11:00:12.334309+00:00,12.036,0.4599999999999999,0.45,0.47,0.54,0.53,0.55,,,,
2026-01-06 11:00:13.009000+00:00,2026-01-06 11:00:13.351368+00:00,13.009,0.455,0.45,0.46,0.545,0.54,0.55,,,,
2026-01-06 11:00:14.067000+00:00,2026-01-06 11:00:14.351230+00:00,14.067,0.455,0.45,0.46,0.545,0.54,0.55,,,,
2026-01-06 11:00:15.061000+00:00,2026-01-06 11:00:15.367706+00:00,15.061,0.455,0.45,0.46,0.545,0.54,0.55,,,,
2026-01-06 11:00:16.131000+00:00,2026-01-06 11:00:16.387687+00:00,16.131,0.455,0.45,0.46,0.545,0.54,0.55,,,,
2026-01-06 11:00:17.621000+00:00,2026-01-06 11:00:18.418235+00:00,17.621,0.455,0.45,0.46,0.545,0.54,0.55,,,,
2026-01-06 11:00:19.202000+00:00,2026-01-06 11:00:19.442921+00:00,19.202,0.455,0.45,0.46,0.545,0.54,0.55,,,,
2026-01-06 11:00:20.155000+00:00,2026-01-06 11:00:20.446155+00:00,20.155,0.4649999999999999,0.46,0.47,0.535,0.53,0.54,,,,
2026-01-06 11:00:21.139000+00:00,2026-01-06 11:00:21.451432+00:00,21.139,0.4649999999999999,0.46,0.47,0.535,0.53,0.54,,,,
2026-01-06 11:00:22.009000+00:00,2026-01-06 11:00:22.456105+00:00,22.009,0.4649999999999999,0.46,0.47,0.535,0.53,0.54,,,,
2026-01-06 11:00:23.752000+00:00,2026-01-06 11:00:24.481816+00:00,23.752,0.4649999999999999,0.46,0.47,0.535,0.53,0.54,,,,
2026-01-06 11:00:25.217000+00:00,2026-01-06 11:00:25.501689+00:00,25.217,0.4649999999999999,0.46,0.47,0.535,0.53,0.54,,,,
2026-01-06 11:00:26.221000+00:00,2026-01-06 11:00:26.501672+00:00,26.221,0.4649999999999999,0.46,0.47,0.535,0.53,0.54,,,,
2026-01-06 11:00:27.181000+00:00,2026-01-06 11:00:27.517611+00:00,27.181,0.4649999999999999,0.46,0.47,0.535,0.53,0.54,,,,
2026-01-06 11:00:28.241000+00:00,2026-01-06 11:00:28.518382+00:00,28.241,0.4649999999999999,0.46,0.47,0.535,0.53,0.54,,,,
2026-01-06 11:00:29.949000+00:00,2026-01-06 11:00:30.523163+00:00,29.949,0.455,0.45,0.46,0.545,0.54,0.55,,,,
2026-01-06 11:00:31.266000+00:00,2026-01-06 11:00:31.531321+00:00,31.266,0.45,0.44,0.46,0.545,0.54,0.55,,,,
2026-01-06 11:00:32.258000+00:00,2026-01-06 11:00:32.547051+00:00,32.258,0.455,0.45,0.46,0.545,0.54,0.55,,,,
2026-01-06 11:00:33.274000+00:00,2026-01-06 11:00:33.546379+00:00,33.274,0.455,0.45,0.46,0.545,0.54,0.55,,,,
2026-01-06 11:00:34.272000+00:00,2026-01-06 11:00:34.564580+00:00,34.272,0.455,0.45,0.46,0.545,0.54,0.55,,,,
2026-01-06 11:00:35.171000+00:00,2026-01-06 11:00:35.565791+00:00,35.171,0.455,0.45,0.46,0.545,0.54,0.55,,,,
2026-01-06 11:00:36.315000+00:00,2026-01-06 11:00:36.582030+00:00,36.315,0.445,0.44,0.45,0.555,0.55,0.56,,,,
2026-01-06 11:00:37.329000+00:00,2026-01-06 11:00:37.601352+00:00,37.329,0.375,0.37,0.38,0.625,0.62,0.63,,,,
2026-01-06 11:00:38.348000+00:00,2026-01-06 11:00:38.616243+00:00,38.348,0.375,0.37,0.38,0.625,0.62,0.63,,,,
2026-01-06 11:00:39.354000+00:00,2026-01-06 11:00:39.632429+00:00,39.354,0.335,0.33,0.34,0.665,0.66,0.67,,,,
2026-01-06 11:00:40.347000+00:00,2026-01-06 11:00:40.649937+00:00,40.347,0.325,0.32,0.33,0.675,0.67,0.68,,,,
2026-01-06 11:00:41.394000+00:00,2026-01-06 11:00:41.654585+00:00,41.394,0.335,0.33,0.34,0.665,0.66,0.67,,,,
2026-01-06 11:00:42.379000+00:00,2026-01-06 11:00:42.649213+00:00,42.379,0.335,0.33,0.34,0.665,0.66,0.67,,,,
2026-01-06 11:00:43.389000+00:00,2026-01-06 11:00:43.664785+00:00,43.389,0.335,0.33,0.34,0.665,0.66,0.67,,,,
2026-01-06 11:00:44.395000+00:00,2026-01-06 11:00:44.671380+00:00,44.395,0.335,0.33,0.34,0.665,0.66,0.67,,,,
2026-01-06 11:00:45.257000+00:00,2026-01-06 11:00:45.680451+00:00,45.257,0.335,0.33,0.34,0.665,0.66,0.67,,,,
2026-01-06 11:00:46.339000+00:00,2026-01-06 11:00:46.685359+00:00,46.339,0.335,0.33,0.34,0.665,0.66,0.67,,,,
2026-01-06 11:00:47.403000+00:00,2026-01-06 11:00:47.681388+00:00,47.403,0.325,0.32,0.33,0.675,0.67,0.68,,,,
2026-01-06 11:00:48.343000+00:00,2026-01-06 11:00:48.683556+00:00,48.343,0.325,0.32,0.33,0.675,0.67,0.68,,,,
2026-01-06 11:00:49.372000+00:00,2026-01-06 11:00:49.685451+00:00,49.372,0.325,0.32,0.33,0.675,0.67,0.68,,,,
2026-01-06 11:00:50.427000+00:00,2026-01-06 11:00:50.696500+00:00,50.427,0.325,0.32,0.33,0.675,0.67,0.68,,,,
2026-01-06 11:00:51.234000+00:00,2026-01-06 11:00:51.689010+00:00,51.234,0.325,0.32,0.33,0.675,0.67,0.68,,,,
2026-01-06 11:00:52.994000+00:00,2026-01-06 11:00:53.704469+00:00,52.994,0.325,0.32,0.33,0.675,0.67,0.68,,,,
2026-01-06 11:00:54.427000+00:00,2026-01-06 11:00:54.698910+00:00,54.427,0.325,0.32,0.33,0.675,0.67,0.68,,,,
2026-01-06 11:00:55.906000+00:00,2026-01-06 11:00:56.727181+00:00,55.906,0.365,0.36,0.37,0.635,0.63,0.64,,,,
2026-01-06 11:00:57.435000+00:00,2026-01-06 11:00:57.720861+00:00,57.435,0.36,0.35,0.37,0.64,0.63,0.65,,,,
2026-01-06 11:00:58.458000+00:00,2026-01-06 11:00:58.731437+00:00,58.458,0.36,0.35,0.37,0.64,0.63,0.65,,,,
2026-01-06 11:00:59.204000+00:00,2026-01-06 11:00:59.741211+00:00,59.204,0.355,0.35,0.36,0.645,0.64,0.65,,,,
2026-01-06 11:01:00.478000+00:00,2026-01-06 11:01:00.751666+00:00,60.478,0.365,0.36,0.37,0.635,0.63,0.64,,,,
2026-01-06 11:01:01.491000+00:00,2026-01-06 11:01:01.765416+00:00,61.491,0.365,0.36,0.37,0.635,0.63,0.64,,,,
2026-01-06 11:01:02.505000+00:00,2026-01-06 11:01:02.767631+00:00,62.505,0.38,0.37,0.39,0.62,0.61,0.63,,,,
2026-01-06 11:01:03.491000+00:00,2026-01-06 11:01:03.766740+00:00,63.491,0.385,0.38,0.39,0.615,0.61,0.62,,,,
2026-01-06 11:01:04.463000+00:00,2026-01-06 11:01:04.766409+00:00,64.463,0.37,0.36,0.38,0.63,0.62,0.64,,,,
2026-01-06 11:01:05.453000+00:00,2026-01-06 11:01:05.782961+00:00,65.453,0.37,0.36,0.38,0.63,0.62,0.64,,,,
2026-01-06 11:01:06.408000+00:00,2026-01-06 11:01:06.787985+00:00,66.408,0.37,0.36,0.38,0.63,0.62,0.64,,,,
2026-01-06 11:01:07.518000+00:00,2026-01-06 11:01:07.792522+00:00,67.518,0.37,0.36,0.38,0.63,0.62,0.64,,,,
2026-01-06 11:01:08.456000+00:00,2026-01-06 11:01:08.787700+00:00,68.456,0.365,0.36,0.37,0.635,0.63,0.64,,,,
2026-01-06 11:01:09.481000+00:00,2026-01-06 11:01:09.792885+00:00,69.481,0.365,0.36,0.37,0.635,0.63,0.64,,,,
2026-01-06 11:01:10.494000+00:00,2026-01-06 11:01:10.801336+00:00,70.494,0.365,0.36,0.37,0.635,0.63,0.64,,,,
2026-01-06 11:01:11.484000+00:00,2026-01-06 11:01:11.807117+00:00,71.484,0.365,0.36,0.37,0.635,0.63,0.64,,,,
2026-01-06 11:01:12.460000+00:00,2026-01-06 11:01:12.815304+00:00,72.46,0.365,0.36,0.37,0.635,0.63,0.64,,,,
2026-01-06 11:01:13.384000+00:00,2026-01-06 11:01:13.809564+00:00,73.384,0.365,0.36,0.37,0.635,0.63,0.64,,,,
2026-01-06 11:01:14.388000+00:00,2026-01-06 11:01:14.815123+00:00,74.388,0.365,0.36,0.37,0.635,0.63,0.64,,,,
2026-01-06 11:01:15.534000+00:00,2026-01-06 11:01:15.806889+00:00,75.534,0.365,0.36,0.37,0.635,0.63,0.64,,,,
2026-01-06 11:01:16.542000+00:00,2026-01-06 11:01:16.806714+00:00,76.542,0.425,0.42,0.43,0.575,0.57,0.58,,,,
2026-01-06 11:01:17.498000+00:00,2026-01-06 11:01:17.826155+00:00,77.498,0.4649999999999999,0.46,0.47,0.535,0.53,0.54,,,,
2026-01-06 11:01:18.499000+00:00,2026-01-06 11:01:18.825409+00:00,78.499,0.4649999999999999,0.46,0.47,0.535,0.53,0.54,,,,
2026-01-06 11:01:19.480000+00:00,2026-01-06 11:01:19.826616+00:00,79.48,0.4649999999999999,0.46,0.47,0.535,0.53,0.54,,,,
2026-01-06 11:01:20.557000+00:00,2026-01-06 11:01:20.832456+00:00,80.557,0.475,0.47,0.48,0.525,0.52,0.53,,,,
2026-01-06 11:01:21.681000+00:00,2026-01-06 11:01:21.838733+00:00,81.681,0.475,0.47,0.48,0.525,0.52,0.53,,,,
2026-01-06 11:01:22.554000+00:00,2026-01-06 11:01:22.844344+00:00,82.554,0.49,0.48,0.5,0.51,0.5,0.52,,,,
2026-01-06 11:01:23.518000+00:00,2026-01-06 11:01:23.847836+00:00,83.518,0.49,0.48,0.5,0.51,0.5,0.52,,,,
2026-01-06 11:01:24.574000+00:00,2026-01-06 11:01:24.847552+00:00,84.574,0.495,0.49,0.5,0.505,0.5,0.51,,,,
2026-01-06 11:01:25.528000+00:00,2026-01-06 11:01:25.841890+00:00,85.528,0.485,0.48,0.49,0.515,0.51,0.52,,,,
2026-01-06 11:01:26.600000+00:00,2026-01-06 11:01:26.865934+00:00,86.6,0.485,0.48,0.49,0.515,0.51,0.52,,,,
2026-01-06 11:01:27.600000+00:00,2026-01-06 11:01:27.865969+00:00,87.6,0.485,0.48,0.49,0.515,0.51,0.52,,,,
2026-01-06 11:01:28.581000+00:00,2026-01-06 11:01:28.862754+00:00,88.581,0.485,0.48,0.49,0.515,0.51,0.52,,,,
2026-01-06 11:01:29.587000+00:00,2026-01-06 11:01:29.861644+00:00,89.587,0.495,0.49,0.5,0.505,0.5,0.51,,,,
2026-01-06 11:01:30.528000+00:00,2026-01-06 11:01:30.862610+00:00,90.528,0.495,0.49,0.5,0.505,0.5,0.51,,,,
2026-01-06 11:01:31.575000+00:00,2026-01-06 11:01:31.872884+00:00,91.575,0.495,0.49,0.5,0.505,0.5,0.51,,,,
2026-01-06 11:01:32.542000+00:00,2026-01-06 11:01:32.898579+00:00,92.542,0.495,0.49,0.5,0.505,0.5,0.51,,,,
2026-01-06 11:01:33.368000+00:00,2026-01-06 11:01:33.917277+00:00,93.368,0.495,0.49,0.5,0.505,0.5,0.51,,,,
2026-01-06 11:01:34.651000+00:00,2026-01-06 11:01:34.928661+00:00,94.651,0.495,0.49,0.5,0.505,0.5,0.51,,,,
2026-01-06 11:01:35.655000+00:00,2026-01-06 11:01:35.933409+00:00,95.655,0.495,0.49,0.5,0.505,0.5,0.51,,,,
2026-01-06 11:01:36.658000+00:00,2026-01-06 11:01:36.940015+00:00,96.658,0.485,0.48,0.49,0.515,0.51,0.52,,,,
2026-01-06 11:01:37.671000+00:00,2026-01-06 11:01:37.955942+00:00,97.671,0.485,0.48,0.49,0.515,0.51,0.52,,,,
2026-01-06 11:01:38.652000+00:00,2026-01-06 11:01:38.965301+00:00,98.652,0.485,0.48,0.49,0.515,0.51,0.52,,,,
2026-01-06 11:01:39.670000+00:00,2026-01-06 11:01:39.981397+00:00,99.67,0.485,0.48,0.49,0.515,0.51,0.52,,,,
2026-01-06 11:01:40.685000+00:00,2026-01-06 11:01:40.976699+00:00,100.685,0.485,0.48,0.49,0.515,0.51,0.52,,,,
2026-01-06 11:01:41.547000+00:00,2026-01-06 11:01:41.982021+00:00,101.547,0.485,0.48,0.49,0.515,0.51,0.52,,,,
2026-01-06 11:01:42.704000+00:00,2026-01-06 11:01:42.981848+00:00,102.704,0.485,0.48,0.49,0.515,0.51,0.52,,,,
2026-01-06 11:01:43.680000+00:00,2026-01-06 11:01:43.983667+00:00,103.68,0.485,0.48,0.49,0.515,0.51,0.52,,,,
2026-01-06 11:01:44.505000+00:00,2026-01-06 11:01:44.983872+00:00,104.505,0.485,0.48,0.49,0.515,0.51,0.52,,,,
2026-01-06 11:01:45.672000+00:00,2026-01-06 11:01:45.997198+00:00,105.672,0.485,0.48,0.49,0.515,0.51,0.52,,,,
2026-01-06 11:01:46.468000+00:00,2026-01-06 11:01:47.001452+00:00,106.468,0.485,0.48,0.49,0.515,0.51,0.52,,,,
2026-01-06 11:01:47.726000+00:00,2026-01-06 11:01:47.997638+00:00,107.726,0.485,0.48,0.49,0.515,0.51,0.52,,,,
2026-01-06 11:01:48.745000+00:00,2026-01-06 11:01:49.013765+00:00,108.745,0.535,0.53,0.54,0.4649999999999999,0.46,0.47,,,,
2026-01-06 11:01:49.759000+00:00,2026-01-06 11:01:50.022743+00:00,109.759,0.535,0.53,0.54,0.4649999999999999,0.46,0.47,,,,
2026-01-06 11:01:50.701000+00:00,2026-01-06 11:01:51.024532+00:00,110.701,0.535,0.53,0.54,0.4649999999999999,0.46,0.47,,,,
2026-01-06 11:01:51.757000+00:00,2026-01-06 11:01:52.029998+00:00,111.757,0.535,0.53,0.54,0.4649999999999999,0.46,0.47,,,,
2026-01-06 11:01:52.703000+00:00,2026-01-06 11:01:53.045251+00:00,112.703,0.535,0.53,0.54,0.4649999999999999,0.46,0.47,,,,
2026-01-06 11:01:53.691000+00:00,2026-01-06 11:01:54.066359+00:00,113.691,0.535,0.53,0.54,0.4649999999999999,0.46,0.47,,,,
2026-01-06 11:01:54.794000+00:00,2026-01-06 11:01:55.070683+00:00,114.794,0.535,0.53,0.54,0.4649999999999999,0.46,0.47,,,,
2026-01-06 11:01:55.724000+00:00,2026-01-06 11:01:56.067758+00:00,115.724,0.535,0.53,0.54,0.4649999999999999,0.46,0.47,,,,
2026-01-06 11:01:56.801000+00:00,2026-01-06 11:01:57.063955+00:00,116.801,0.535,0.53,0.54,0.4649999999999999,0.46,0.47,,,,
2026-01-06 11:01:57.698000+00:00,2026-01-06 11:01:58.066825+00:00,117.698,0.545,0.54,0.55,0.455,0.45,0.46,,,,
2026-01-06 11:01:58.780000+00:00,2026-01-06 11:01:59.064129+00:00,118.78,0.555,0.55,0.56,0.445,0.44,0.45,,,,
2026-01-06 11:01:59.708000+00:00,2026-01-06 11:02:00.060952+00:00,119.708,0.545,0.54,0.55,0.455,0.45,0.46,,,,
2026-01-06 11:02:00.797000+00:00,2026-01-06 11:02:01.076525+00:00,120.797,0.545,0.54,0.55,0.455,0.45,0.46,,,,
2026-01-06 11:02:01.742000+00:00,2026-01-06 11:02:02.082902+00:00,121.742,0.545,0.54,0.55,0.455,0.45,0.46,,,,
2026-01-06 11:02:02.807000+00:00,2026-01-06 11:02:03.082944+00:00,122.807,0.545,0.54,0.55,0.455,0.45,0.46,,,,
2026-01-06 11:02:03.825000+00:00,2026-01-06 11:02:04.092103+00:00,123.825,0.545,0.54,0.55,0.445,0.44,0.45,,,,
2026-01-06 11:02:04.848000+00:00,2026-01-06 11:02:05.097259+00:00,124.848,0.585,0.58,0.59,0.415,0.41,0.42,,,,
2026-01-06 11:02:05.900000+00:00,2026-01-06 11:02:06.114421+00:00,125.9,0.615,0.61,0.62,0.385,0.38,0.39,,,,
2026-01-06 11:02:06.866000+00:00,2026-01-06 11:02:07.130316+00:00,126.866,0.62,0.61,0.63,0.375,0.37,0.38,,,,
2026-01-06 11:02:07.854000+00:00,2026-01-06 11:02:08.134255+00:00,127.854,0.655,0.65,0.66,0.335,0.33,0.34,,,,
2026-01-06 11:02:08.857000+00:00,2026-01-06 11:02:09.129418+00:00,128.857,0.655,0.65,0.66,0.345,0.34,0.35,,,,
2026-01-06 11:02:09.856000+00:00,2026-01-06 11:02:10.129674+00:00,129.856,0.655,0.65,0.66,0.345,0.34,0.35,,,,
2026-01-06 11:02:10.889000+00:00,2026-01-06 11:02:11.161703+00:00,130.889,0.655,0.65,0.66,0.345,0.34,0.35,,,,
2026-01-06 11:02:11.920000+00:00,2026-01-06 11:02:12.178344+00:00,131.92,0.655,0.65,0.66,0.345,0.34,0.35,,,,
2026-01-06 11:02:12.892000+00:00,2026-01-06 11:02:13.193834+00:00,132.892,0.655,0.65,0.66,0.345,0.34,0.35,,,,
2026-01-06 11:02:13.873000+00:00,2026-01-06 11:02:14.193560+00:00,133.873,0.655,0.65,0.66,0.345,0.34,0.35,,,,
2026-01-06 11:02:14.806000+00:00,2026-01-06 11:02:15.217603+00:00,134.806,0.655,0.65,0.66,0.345,0.34,0.35,,,,
2026-01-06 11:02:15.954000+00:00,2026-01-06 11:02:16.219433+00:00,135.954,0.655,0.65,0.66,0.35,0.34,0.36,,,,
2026-01-06 11:02:16.929000+00:00,2026-01-06 11:02:17.234610+00:00,136.929,0.65,0.64,0.66,0.35,0.34,0.36,,,,
2026-01-06 11:02:17.823000+00:00,2026-01-06 11:02:18.232865+00:00,137.823,0.655,0.65,0.66,0.345,0.34,0.35,,,,
2026-01-06 11:02:18.947000+00:00,2026-01-06 11:02:19.231948+00:00,138.947,0.665,0.66,0.67,0.335,0.33,0.34,,,,
2026-01-06 11:02:19.938000+00:00,2026-01-06 11:02:20.227521+00:00,139.938,0.66,0.65,0.67,0.3399999999999999,0.33,0.35,,,,
2026-01-06 11:02:20.968000+00:00,2026-01-06 11:02:21.235502+00:00,140.968,0.66,0.65,0.67,0.3399999999999999,0.33,0.35,,,,
2026-01-06 11:02:21.959000+00:00,2026-01-06 11:02:22.230499+00:00,141.959,0.66,0.65,0.67,0.3399999999999999,0.33,0.35,,,,
2026-01-06 11:02:22.860000+00:00,2026-01-06 11:02:23.241887+00:00,142.86,0.66,0.65,0.67,0.3399999999999999,0.33,0.35,,,,
2026-01-06 11:02:23.852000+00:00,2026-01-06 11:02:24.242447+00:00,143.852,0.66,0.65,0.67,0.345,0.34,0.35,,,,
2026-01-06 11:02:24.761000+00:00,2026-01-06 11:02:25.265444+00:00,144.761,0.66,0.65,0.67,0.3399999999999999,0.33,0.35,,,,
2026-01-06 11:02:26.001000+00:00,2026-01-06 11:02:26.283684+00:00,146.001,0.66,0.65,0.67,0.3399999999999999,0.33,0.35,,,,
2026-01-06 11:02:27.948000+00:00,2026-01-06 11:02:28.312766+00:00,147.948,0.695,0.69,0.7,0.305,0.3,0.31,,,,
2026-01-06 11:02:29.063000+00:00,2026-01-06 11:02:29.328943+00:00,149.063,0.695,0.69,0.7,0.305,0.3,0.31,,,,
2026-01-06 11:02:30.071000+00:00,2026-01-06 11:02:30.340151+00:00,150.071,0.695,0.69,0.7,0.305,0.3,0.31,,,,
2026-01-06 11:02:31.018000+00:00,2026-01-06 11:02:31.344546+00:00,151.018,0.695,0.69,0.7,0.305,0.3,0.31,,,,
2026-01-06 11:02:32.058000+00:00,2026-01-06 11:02:32.351296+00:00,152.058,0.725,0.72,0.73,0.275,0.27,0.28,,,,
2026-01-06 11:02:33.163000+00:00,2026-01-06 11:02:33.351728+00:00,153.163,0.725,0.72,0.73,0.275,0.27,0.28,,,,
2026-01-06 11:02:34.085000+00:00,2026-01-06 11:02:34.351768+00:00,154.085,0.725,0.72,0.73,0.275,0.27,0.28,,,,
2026-01-06 11:02:35.086000+00:00,2026-01-06 11:02:35.363206+00:00,155.086,0.725,0.72,0.73,0.275,0.27,0.28,,,,
2026-01-06 11:02:36.114000+00:00,2026-01-06 11:02:36.383781+00:00,156.114,0.725,0.72,0.73,0.275,0.27,0.28,,,,
2026-01-06 11:02:37.092000+00:00,2026-01-06 11:02:37.385135+00:00,157.092,0.725,0.72,0.73,0.27,0.26,0.28,,,,
2026-01-06 11:02:38.127000+00:00,2026-01-06 11:02:38.396566+00:00,158.127,0.725,0.72,0.73,0.275,0.27,0.28,,,,
2026-01-06 11:02:39.001000+00:00,2026-01-06 11:02:39.400637+00:00,159.001,0.73,0.72,0.74,0.27,0.26,0.28,,,,
2026-01-06 11:02:40.999000+00:00,2026-01-06 11:02:41.411356+00:00,160.999,0.735,0.73,0.74,0.265,0.26,0.27,,,,
2026-01-06 11:02:42.127000+00:00,2026-01-06 11:02:42.409234+00:00,162.127,0.735,0.73,0.74,0.265,0.26,0.27,,,,
2026-01-06 11:02:43.825000+00:00,2026-01-06 11:02:44.411526+00:00,163.825,0.73,0.72,0.74,0.27,0.26,0.28,,,,
2026-01-06 11:02:45.107000+00:00,2026-01-06 11:02:45.421027+00:00,165.107,0.73,0.72,0.74,0.27,0.26,0.28,,,,
2026-01-06 11:02:46.077000+00:00,2026-01-06 11:02:46.431291+00:00,166.077,0.73,0.72,0.74,0.27,0.26,0.28,,,,
2026-01-06 11:02:47.161000+00:00,2026-01-06 11:02:47.428395+00:00,167.161,0.73,0.72,0.74,0.27,0.26,0.28,,,,
2026-01-06 11:02:48.128000+00:00,2026-01-06 11:02:48.438910+00:00,168.128,0.73,0.72,0.74,0.27,0.26,0.28,,,,
2026-01-06 11:02:49.089000+00:00,2026-01-06 11:02:49.443714+00:00,169.089,0.73,0.72,0.74,0.27,0.26,0.28,,,,
2026-01-06 11:02:50.126000+00:00,2026-01-06 11:02:50.451379+00:00,170.126,0.725,0.72,0.73,0.275,0.27,0.28,,,,
2026-01-06 11:02:51.754000+00:00,2026-01-06 11:02:52.460279+00:00,171.754,0.725,0.72,0.73,0.275,0.27,0.28,,,,
2026-01-06 11:02:53.200000+00:00,2026-01-06 11:02:53.468787+00:00,173.2,0.725,0.72,0.73,0.275,0.27,0.28,,,,
2026-01-06 11:02:54.210000+00:00,2026-01-06 11:02:54.469138+00:00,174.21,0.715,0.71,0.72,0.285,0.28,0.29,,,,
2026-01-06 11:02:55.193000+00:00,2026-01-06 11:02:55.465862+00:00,175.193,0.715,0.71,0.72,0.285,0.28,0.29,,,,
2026-01-06 11:02:56.198000+00:00,2026-01-06 11:02:56.477823+00:00,176.198,0.715,0.71,0.72,0.285,0.28,0.29,,,,
2026-01-06 11:02:57.153000+00:00,2026-01-06 11:02:57.488909+00:00,177.153,0.72,0.71,0.73,0.285,0.28,0.29,,,,
2026-01-06 11:02:58.209000+00:00,2026-01-06 11:02:58.502142+00:00,178.209,0.705,0.7,0.71,0.285,0.28,0.29,,,,
2026-01-06 11:02:59.203000+00:00,2026-01-06 11:02:59.513807+00:00,179.203,0.715,0.71,0.72,0.285,0.28,0.29,,,,
2026-01-06 11:03:00.280000+00:00,2026-01-06 11:03:00.520240+00:00,180.28,0.725,0.72,0.73,0.275,0.27,0.28,,,,
2026-01-06 11:03:01.259000+00:00,2026-01-06 11:03:01.526998+00:00,181.259,0.725,0.72,0.73,0.275,0.27,0.28,,,,
2026-01-06 11:03:02.256000+00:00,2026-01-06 11:03:02.531459+00:00,182.256,0.725,0.72,0.73,0.275,0.27,0.28,,,,
2026-01-06 11:03:03.272000+00:00,2026-01-06 11:03:03.545121+00:00,183.272,0.73,0.72,0.74,0.27,0.26,0.28,,,,
2026-01-06 11:03:04.289000+00:00,2026-01-06 11:03:04.560086+00:00,184.289,0.745,0.74,0.75,0.255,0.25,0.26,,,,
2026-01-06 11:03:05.307000+00:00,2026-01-06 11:03:05.575803+00:00,185.307,0.775,0.77,0.78,0.225,0.22,0.23,,,,
2026-01-06 11:03:06.205000+00:00,2026-01-06 11:03:06.594552+00:00,186.205,0.785,0.78,0.79,0.215,0.21,0.22,,,,
2026-01-06 11:03:07.327000+00:00,2026-01-06 11:03:07.596353+00:00,187.327,0.79,0.78,0.8,0.21,0.2,0.22,,,,
2026-01-06 11:03:08.330000+00:00,2026-01-06 11:03:08.603951+00:00,188.33,0.795,0.79,0.8,0.205,0.2,0.21,,,,
2026-01-06 11:03:09.351000+00:00,2026-01-06 11:03:09.624677+00:00,189.351,0.795,0.79,0.8,0.205,0.2,0.21,,,,
2026-01-06 11:03:10.360000+00:00,2026-01-06 11:03:10.627589+00:00,190.36,0.795,0.79,0.8,0.205,0.2,0.21,,,,
2026-01-06 11:03:11.338000+00:00,2026-01-06 11:03:11.626761+00:00,191.338,0.795,0.79,0.8,0.205,0.2,0.21,,,,
2026-01-06 11:03:12.342000+00:00,2026-01-06 11:03:12.644179+00:00,192.342,0.795,0.79,0.8,0.205,0.2,0.21,,,,
2026-01-06 11:03:13.383000+00:00,2026-01-06 11:03:13.658627+00:00,193.383,0.815,0.81,0.82,0.185,0.18,0.19,,,,
2026-01-06 11:03:14.350000+00:00,2026-01-06 11:03:14.675794+00:00,194.35,0.8200000000000001,0.81,0.83,0.18,0.17,0.19,,,,
2026-01-06 11:03:15.361000+00:00,2026-01-06 11:03:15.676762+00:00,195.361,0.795,0.79,0.8,0.205,0.2,0.21,,,,
2026-01-06 11:03:16.403000+00:00,2026-01-06 11:03:16.670715+00:00,196.403,0.795,0.79,0.8,0.205,0.2,0.21,,,,
2026-01-06 11:03:17.299000+00:00,2026-01-06 11:03:17.669046+00:00,197.299,0.8,0.79,0.81,0.2,0.19,0.21,,,,
2026-01-06 11:03:18.400000+00:00,2026-01-06 11:03:18.673571+00:00,198.4,0.805,0.8,0.81,0.195,0.19,0.2,,,,
2026-01-06 11:03:19.341000+00:00,2026-01-06 11:03:19.684503+00:00,199.341,0.815,0.81,0.82,0.185,0.18,0.19,,,,
2026-01-06 11:03:20.417000+00:00,2026-01-06 11:03:20.685782+00:00,200.417,0.815,0.81,0.82,0.185,0.18,0.19,,,,
2026-01-06 11:03:21.093000+00:00,2026-01-06 11:03:21.700994+00:00,201.093,0.81,0.8,0.82,0.19,0.18,0.2,,,,
2026-01-06 11:03:22.408000+00:00,2026-01-06 11:03:22.709437+00:00,202.408,0.815,0.81,0.82,0.18,0.17,0.19,,,,
2026-01-06 11:03:23.398000+00:00,2026-01-06 11:03:23.714325+00:00,203.398,0.815,0.81,0.82,0.185,0.18,0.19,,,,
2026-01-06 11:03:24.313000+00:00,2026-01-06 11:03:24.727268+00:00,204.313,0.815,0.81,0.82,0.185,0.18,0.19,,,,
2026-01-06 11:03:25.433000+00:00,2026-01-06 11:03:25.732036+00:00,205.433,0.8200000000000001,0.81,0.83,0.185,0.17,0.2,,,,
2026-01-06 11:03:26.407000+00:00,2026-01-06 11:03:26.746480+00:00,206.407,0.815,0.81,0.82,0.185,0.18,0.19,,,,
2026-01-06 11:03:27.482000+00:00,2026-01-06 11:03:27.746171+00:00,207.482,0.815,0.81,0.82,0.185,0.18,0.19,,,,
2026-01-06 11:03:28.506000+00:00,2026-01-06 11:03:28.750294+00:00,208.506,0.815,0.81,0.82,0.19,0.18,0.2,,,,
2026-01-06 11:03:29.346000+00:00,2026-01-06 11:03:29.764538+00:00,209.346,0.81,0.8,0.82,0.19,0.18,0.2,,,,
2026-01-06 11:03:30.444000+00:00,2026-01-06 11:03:30.760068+00:00,210.444,0.81,0.8,0.82,0.195,0.19,0.2,,,,
2026-01-06 11:03:31.435000+00:00,2026-01-06 11:03:31.764597+00:00,211.435,0.805,0.8,0.81,0.195,0.19,0.2,,,,
2026-01-06 11:03:32.446000+00:00,2026-01-06 11:03:32.783349+00:00,212.446,0.805,0.8,0.81,0.195,0.19,0.2,,,,
2026-01-06 11:03:33.535000+00:00,2026-01-06 11:03:33.802525+00:00,213.535,0.805,0.8,0.81,0.195,0.19,0.2,,,,
2026-01-06 11:03:34.555000+00:00,2026-01-06 11:03:34.816217+00:00,214.555,0.815,0.81,0.82,0.185,0.18,0.19,,,,
2026-01-06 11:03:35.571000+00:00,2026-01-06 11:03:35.830841+00:00,215.571,0.815,0.81,0.82,0.185,0.18,0.19,,,,
2026-01-06 11:03:36.507000+00:00,2026-01-06 11:03:36.835172+00:00,216.507,0.8200000000000001,0.81,0.83,0.18,0.17,0.19,,,,
2026-01-06 11:03:37.575000+00:00,2026-01-06 11:03:37.846870+00:00,217.575,0.835,0.83,0.84,0.165,0.16,0.17,,,,
2026-01-06 11:03:38.592000+00:00,2026-01-06 11:03:38.864830+00:00,218.592,0.865,0.86,0.87,0.135,0.13,0.14,,,,
2026-01-06 11:03:39.624000+00:00,2026-01-06 11:03:39.886487+00:00,219.624,0.855,0.85,0.86,0.145,0.14,0.15,,,,
2026-01-06 11:03:40.606000+00:00,2026-01-06 11:03:40.887448+00:00,220.606,0.855,0.85,0.86,0.145,0.14,0.15,,,,
2026-01-06 11:03:41.572000+00:00,2026-01-06 11:03:41.895501+00:00,221.572,0.855,0.85,0.86,0.145,0.14,0.15,,,,
2026-01-06 11:03:42.621000+00:00,2026-01-06 11:03:42.894309+00:00,222.621,0.855,0.85,0.86,0.145,0.14,0.15,,,,
2026-01-06 11:03:43.562000+00:00,2026-01-06 11:03:43.891013+00:00,223.562,0.855,0.85,0.86,0.145,0.14,0.15,,,,
2026-01-06 11:03:44.544000+00:00,2026-01-06 11:03:44.893274+00:00,224.544,0.855,0.85,0.86,0.135,0.13,0.14,,,,
2026-01-06 11:03:45.638000+00:00,2026-01-06 11:03:45.910259+00:00,225.638,0.875,0.87,0.88,0.1149999999999999,0.11,0.12,,,,
2026-01-06 11:03:46.630000+00:00,2026-01-06 11:03:46.912072+00:00,226.63,0.885,0.88,0.89,0.125,0.12,0.13,,,,
2026-01-06 11:03:47.656000+00:00,2026-01-06 11:03:47.926587+00:00,227.656,0.86,0.85,0.87,0.145,0.14,0.15,,,,
2026-01-06 11:03:48.669000+00:00,2026-01-06 11:03:48.944868+00:00,228.669,0.845,0.84,0.85,0.155,0.15,0.16,,,,
2026-01-06 11:03:49.668000+00:00,2026-01-06 11:03:49.943467+00:00,229.668,0.845,0.84,0.85,0.15,0.14,0.16,,,,
2026-01-06 11:03:50.688000+00:00,2026-01-06 11:03:50.956051+00:00,230.688,0.85,0.84,0.86,0.155,0.15,0.16,,,,
2026-01-06 11:03:51.617000+00:00,2026-01-06 11:03:51.971217+00:00,231.617,0.845,0.84,0.85,0.165,0.16,0.17,,,,
2026-01-06 11:03:52.711000+00:00,2026-01-06 11:03:52.974994+00:00,232.711,0.84,0.83,0.85,0.165,0.16,0.17,,,,
2026-01-06 11:03:53.709000+00:00,2026-01-06 11:03:53.975179+00:00,233.709,0.835,0.83,0.84,0.165,0.16,0.17,,,,
2026-01-06 11:03:54.660000+00:00,2026-01-06 11:03:54.983595+00:00,234.66,0.835,0.83,0.84,0.165,0.16,0.17,,,,
2026-01-06 11:03:55.679000+00:00,2026-01-06 11:03:55.998919+00:00,235.679,0.835,0.83,0.84,0.165,0.16,0.17,,,,
2026-01-06 11:03:56.738000+00:00,2026-01-06 11:03:57.015120+00:00,236.738,0.835,0.83,0.84,0.165,0.16,0.17,,,,
2026-01-06 11:03:57.732000+00:00,2026-01-06 11:03:58.008972+00:00,237.732,0.845,0.84,0.85,0.155,0.15,0.16,,,,
2026-01-06 11:03:58.728000+00:00,2026-01-06 11:03:59.009441+00:00,238.728,0.845,0.84,0.85,0.155,0.15,0.16,,,,
2026-01-06 11:03:59.598000+00:00,2026-01-06 11:04:00.025011+00:00,239.598,0.845,0.84,0.85,0.155,0.15,0.16,,,,
2026-01-06 11:04:00.769000+00:00,2026-01-06 11:04:01.043220+00:00,240.769,0.845,0.84,0.85,0.155,0.15,0.16,,,,
2026-01-06 11:04:01.763000+00:00,2026-01-06 11:04:02.046598+00:00,241.763,0.865,0.86,0.87,0.135,0.13,0.14,,,,
2026-01-06 11:04:02.785000+00:00,2026-01-06 11:04:03.059209+00:00,242.785,0.865,0.86,0.87,0.14,0.13,0.15,,,,
2026-01-06 11:04:03.733000+00:00,2026-01-06 11:04:04.066778+00:00,243.733,0.86,0.85,0.87,0.135,0.13,0.14,,,,
2026-01-06 11:04:04.805000+00:00,2026-01-06 11:04:05.075586+00:00,244.805,0.875,0.87,0.88,0.13,0.12,0.14,,,,
2026-01-06 11:04:05.826000+00:00,2026-01-06 11:04:06.093492+00:00,245.826,0.875,0.87,0.88,0.12,0.11,0.13,,,,
2026-01-06 11:04:06.600000+00:00,2026-01-06 11:04:07.092330+00:00,246.6,0.885,0.88,0.89,0.12,0.11,0.13,,,,
2026-01-06 11:04:07.826000+00:00,2026-01-06 11:04:08.097121+00:00,247.826,0.88,0.87,0.89,0.12,0.11,0.13,,,,
2026-01-06 11:04:08.811000+00:00,2026-01-06 11:04:09.112983+00:00,248.811,0.875,0.87,0.88,0.125,0.12,0.13,,,,
2026-01-06 11:04:09.839000+00:00,2026-01-06 11:04:10.122845+00:00,249.839,0.865,0.86,0.87,0.135,0.13,0.14,,,,
2026-01-06 11:04:10.862000+00:00,2026-01-06 11:04:11.132821+00:00,250.862,0.87,0.86,0.88,0.13,0.12,0.14,,,,
2026-01-06 11:04:11.856000+00:00,2026-01-06 11:04:12.146371+00:00,251.856,0.865,0.86,0.87,0.135,0.13,0.14,,,,
2026-01-06 11:04:12.894000+00:00,2026-01-06 11:04:13.164556+00:00,252.894,0.865,0.86,0.87,0.13,0.12,0.14,,,,
2026-01-06 11:04:13.864000+00:00,2026-01-06 11:04:14.167774+00:00,253.864,0.875,0.87,0.88,0.125,0.12,0.13,,,,
2026-01-06 11:04:14.859000+00:00,2026-01-06 11:04:15.179909+00:00,254.859,0.865,0.86,0.87,0.13,0.12,0.14,,,,
2026-01-06 11:04:15.885000+00:00,2026-01-06 11:04:16.196985+00:00,255.885,0.865,0.86,0.87,0.135,0.13,0.14,,,,
2026-01-06 11:04:16.894000+00:00,2026-01-06 11:04:17.197839+00:00,256.894,0.875,0.87,0.88,0.125,0.12,0.13,,,,
2026-01-06 11:04:17.966000+00:00,2026-01-06 11:04:18.205375+00:00,257.966,0.875,0.87,0.88,0.125,0.12,0.13,,,,
2026-01-06 11:04:18.937000+00:00,2026-01-06 11:04:19.204609+00:00,258.937,0.875,0.87,0.88,0.125,0.12,0.13,,,,
2026-01-06 11:04:20.723000+00:00,2026-01-06 11:04:21.218482+00:00,260.723,0.875,0.87,0.88,0.125,0.12,0.13,,,,
2026-01-06 11:04:21.862000+00:00,2026-01-06 11:04:22.219438+00:00,261.862,0.875,0.87,0.88,0.125,0.12,0.13,,,,
2026-01-06 11:04:22.654000+00:00,2026-01-06 11:04:23.225601+00:00,262.654,0.875,0.87,0.88,0.125,0.12,0.13,,,,
2026-01-06 11:04:23.924000+00:00,2026-01-06 11:04:24.223923+00:00,263.924,0.875,0.87,0.88,0.125,0.12,0.13,,,,
2026-01-06 11:04:24.270000+00:00,2026-01-06 11:04:25.226818+00:00,264.27,0.875,0.87,0.88,0.125,0.12,0.13,,,,
2026-01-06 11:04:25.979000+00:00,2026-01-06 11:04:26.242873+00:00,265.979,0.875,0.87,0.88,0.125,0.12,0.13,,,,
2026-01-06 11:04:26.970000+00:00,2026-01-06 11:04:27.253980+00:00,266.97,0.875,0.87,0.88,0.125,0.12,0.13,,,,
2026-01-06 11:04:27.907000+00:00,2026-01-06 11:04:28.266783+00:00,267.907,0.86,0.85,0.87,0.145,0.14,0.15,,,,
2026-01-06 11:04:28.987000+00:00,2026-01-06 11:04:29.274731+00:00,268.987,0.855,0.85,0.86,0.145,0.14,0.15,,,,
2026-01-06 11:04:29.954000+00:00,2026-01-06 11:04:30.273709+00:00,269.954,0.855,0.85,0.86,0.145,0.14,0.15,,,,
2026-01-06 11:04:30.877000+00:00,2026-01-06 11:04:31.274584+00:00,270.877,0.865,0.86,0.87,0.135,0.13,0.14,,,,
2026-01-06 11:04:31.908000+00:00,2026-01-06 11:04:32.278538+00:00,271.908,0.865,0.86,0.87,0.135,0.13,0.14,,,,
2026-01-06 11:04:33.998000+00:00,2026-01-06 11:04:34.308002+00:00,273.998,0.85,0.84,0.86,0.15,0.14,0.16,,,,
2026-01-06 11:04:35.043000+00:00,2026-01-06 11:04:35.310573+00:00,275.043,0.865,0.86,0.87,0.135,0.13,0.14,,,,
2026-01-06 11:04:36.989000+00:00,2026-01-06 11:04:37.324844+00:00,276.989,0.875,0.87,0.88,0.125,0.12,0.13,,,,
2026-01-06 11:04:38.059000+00:00,2026-01-06 11:04:38.328050+00:00,278.059,0.875,0.87,0.88,0.125,0.12,0.13,,,,
2026-01-06 11:04:39.064000+00:00,2026-01-06 11:04:39.341354+00:00,279.064,0.88,0.87,0.89,0.12,0.11,0.13,,,,
2026-01-06 11:04:40.049000+00:00,2026-01-06 11:04:40.348279+00:00,280.049,0.885,0.88,0.89,0.1149999999999999,0.11,0.12,,,,
2026-01-06 11:04:41.076000+00:00,2026-01-06 11:04:41.358528+00:00,281.076,0.885,0.88,0.89,0.1149999999999999,0.11,0.12,,,,
2026-01-06 11:04:42.078000+00:00,2026-01-06 11:04:42.376102+00:00,282.078,0.885,0.88,0.89,0.1149999999999999,0.11,0.12,,,,
2026-01-06 11:04:43.064000+00:00,2026-01-06 11:04:43.389098+00:00,283.064,0.895,0.89,0.9,0.105,0.1,0.11,,,,
2026-01-06 11:04:44.995000+00:00,2026-01-06 11:04:45.390185+00:00,284.995,0.885,0.88,0.89,0.11,0.1,0.12,,,,
2026-01-06 11:04:46.068000+00:00,2026-01-06 11:04:46.392553+00:00,286.068,0.885,0.88,0.89,0.12,0.11,0.13,,,,
2026-01-06 11:04:47.954000+00:00,2026-01-06 11:04:48.423933+00:00,287.954,0.875,0.87,0.88,0.125,0.12,0.13,,,,
2026-01-06 11:04:49.137000+00:00,2026-01-06 11:04:49.422531+00:00,289.137,0.875,0.87,0.88,0.125,0.12,0.13,,,,
2026-01-06 11:04:50.065000+00:00,2026-01-06 11:04:50.424220+00:00,290.065,0.875,0.87,0.88,0.125,0.12,0.13,,,,
2026-01-06 11:04:51.159000+00:00,2026-01-06 11:04:51.430388+00:00,291.159,0.875,0.87,0.88,0.125,0.12,0.13,,,,
2026-01-06 11:04:52.147000+00:00,2026-01-06 11:04:52.439217+00:00,292.147,0.875,0.87,0.88,0.125,0.12,0.13,,,,
2026-01-06 11:04:53.148000+00:00,2026-01-06 11:04:53.448161+00:00,293.148,0.895,0.89,0.9,0.105,0.1,0.11,,,,
2026-01-06 11:04:54.155000+00:00,2026-01-06 11:04:54.457264+00:00,294.155,0.885,0.88,0.89,0.1149999999999999,0.11,0.12,,,,
2026-01-06 11:04:55.176000+00:00,2026-01-06 11:04:55.465476+00:00,295.176,0.88,0.87,0.89,0.12,0.11,0.13,,,,
2026-01-06 11:04:56.122000+00:00,2026-01-06 11:04:56.462949+00:00,296.122,0.875,0.87,0.88,0.13,0.12,0.14,,,,
2026-01-06 11:04:57.208000+00:00,2026-01-06 11:04:57.472202+00:00,297.208,0.875,0.87,0.88,0.125,0.12,0.13,,,,
2026-01-06 11:04:58.185000+00:00,2026-01-06 11:04:58.473040+00:00,298.185,0.875,0.87,0.88,0.125,0.12,0.13,,,,
2026-01-06 11:04:59.204000+00:00,2026-01-06 11:04:59.472619+00:00,299.204,0.875,0.87,0.88,0.125,0.12,0.13,,,,
2026-01-06 11:05:00.021000+00:00,2026-01-06 11:05:00.490792+00:00,300.021,0.875,0.87,0.88,0.13,0.12,0.14,,,,
2026-01-06 11:05:01.184000+00:00,2026-01-06 11:05:01.489422+00:00,301.184,0.865,0.86,0.87,0.135,0.13,0.14,,,,
2026-01-06 11:05:02.234000+00:00,2026-01-06 11:05:02.502941+00:00,302.234,0.87,0.86,0.88,0.13,0.12,0.14,,,,
2026-01-06 11:05:03.231000+00:00,2026-01-06 11:05:03.511451+00:00,303.231,0.895,0.89,0.9,0.105,0.1,0.11,,,,
2026-01-06 11:05:04.131000+00:00,2026-01-06 11:05:04.516064+00:00,304.131,0.89,0.88,0.9,0.11,0.1,0.12,,,,
2026-01-06 11:05:05.222000+00:00,2026-01-06 11:05:05.529115+00:00,305.222,0.88,0.87,0.89,0.12,0.11,0.13,,,,
2026-01-06 11:05:06.268000+00:00,2026-01-06 11:05:06.540379+00:00,306.268,0.89,0.88,0.9,0.115,0.1,0.13,,,,
2026-01-06 11:05:07.275000+00:00,2026-01-06 11:05:07.556178+00:00,307.275,0.88,0.87,0.89,0.12,0.11,0.13,,,,
2026-01-06 11:05:08.284000+00:00,2026-01-06 11:05:08.555137+00:00,308.284,0.875,0.87,0.88,0.125,0.12,0.13,,,,
2026-01-06 11:05:09.286000+00:00,2026-01-06 11:05:09.556325+00:00,309.286,0.865,0.86,0.87,0.135,0.13,0.14,,,,
2026-01-06 11:05:10.252000+00:00,2026-01-06 11:05:10.555796+00:00,310.252,0.875,0.87,0.88,0.125,0.12,0.13,,,,
2026-01-06 11:05:11.285000+00:00,2026-01-06 11:05:11.574924+00:00,311.285,0.865,0.86,0.87,0.135,0.13,0.14,,,,
2026-01-06 11:05:12.310000+00:00,2026-01-06 11:05:12.589627+00:00,312.31,0.865,0.86,0.87,0.135,0.13,0.14,,,,
2026-01-06 11:05:13.274000+00:00,2026-01-06 11:05:13.589764+00:00,313.274,0.865,0.86,0.87,0.145,0.14,0.15,,,,
2026-01-06 11:05:14.835000+00:00,2026-01-06 11:05:15.621660+00:00,314.835,0.875,0.87,0.88,0.125,0.12,0.13,,,,
2026-01-06 11:05:16.322000+00:00,2026-01-06 11:05:16.638060+00:00,316.322,0.875,0.87,0.88,0.125,0.12,0.13,,,,
2026-01-06 11:05:17.360000+00:00,2026-01-06 11:05:17.637373+00:00,317.36,0.875,0.87,0.88,0.125,0.12,0.13,,,,
2026-01-06 11:05:18.347000+00:00,2026-01-06 11:05:18.637398+00:00,318.347,0.875,0.87,0.88,0.145,0.14,0.15,,,,
2026-01-06 11:05:19.335000+00:00,2026-01-06 11:05:19.640278+00:00,319.335,0.845,0.84,0.85,0.155,0.15,0.16,,,,
2026-01-06 11:05:20.337000+00:00,2026-01-06 11:05:20.639572+00:00,320.337,0.835,0.83,0.84,0.165,0.16,0.17,,,,
2026-01-06 11:05:21.386000+00:00,2026-01-06 11:05:21.656992+00:00,321.386,0.845,0.84,0.85,0.155,0.15,0.16,,,,
2026-01-06 11:05:22.395000+00:00,2026-01-06 11:05:22.664397+00:00,322.395,0.84,0.83,0.85,0.16,0.15,0.17,,,,
2026-01-06 11:05:23.349000+00:00,2026-01-06 11:05:23.671408+00:00,323.349,0.845,0.84,0.85,0.155,0.15,0.16,,,,
2026-01-06 11:05:24.409000+00:00,2026-01-06 11:05:24.687619+00:00,324.409,0.835,0.83,0.84,0.16,0.15,0.17,,,,
2026-01-06 11:05:25.530000+00:00,2026-01-06 11:05:25.695987+00:00,325.53,0.835,0.83,0.84,0.165,0.16,0.17,,,,
2026-01-06 11:05:26.394000+00:00,2026-01-06 11:05:26.703519+00:00,326.394,0.835,0.83,0.84,0.165,0.16,0.17,,,,
2026-01-06 11:05:27.402000+00:00,2026-01-06 11:05:27.721045+00:00,327.402,0.84,0.83,0.85,0.16,0.15,0.17,,,,
2026-01-06 11:05:28.441000+00:00,2026-01-06 11:05:28.718879+00:00,328.441,0.83,0.82,0.84,0.1699999999999999,0.16,0.18,,,,
2026-01-06 11:05:29.455000+00:00,2026-01-06 11:05:29.725767+00:00,329.455,0.84,0.83,0.85,0.16,0.15,0.17,,,,
2026-01-06 11:05:30.457000+00:00,2026-01-06 11:05:30.731913+00:00,330.457,0.845,0.84,0.85,0.135,0.13,0.14,,,,
2026-01-06 11:05:31.369000+00:00,2026-01-06 11:05:31.741386+00:00,331.369,0.865,0.86,0.87,0.135,0.13,0.14,,,,
2026-01-06 11:05:32.422000+00:00,2026-01-06 11:05:32.756547+00:00,332.422,0.855,0.85,0.86,0.145,0.14,0.15,,,,
2026-01-06 11:05:33.485000+00:00,2026-01-06 11:05:33.769867+00:00,333.485,0.855,0.85,0.86,0.145,0.14,0.15,,,,
2026-01-06 11:05:34.444000+00:00,2026-01-06 11:05:34.793681+00:00,334.444,0.845,0.84,0.85,0.155,0.15,0.16,,,,
2026-01-06 11:05:35.438000+00:00,2026-01-06 11:05:35.790614+00:00,335.438,0.845,0.84,0.85,0.155,0.15,0.16,,,,
2026-01-06 11:05:36.448000+00:00,2026-01-06 11:05:36.789067+00:00,336.448,0.845,0.84,0.85,0.155,0.15,0.16,,,,
2026-01-06 11:05:37.419000+00:00,2026-01-06 11:05:37.791324+00:00,337.419,0.845,0.84,0.85,0.155,0.15,0.16,,,,
2026-01-06 11:05:38.472000+00:00,2026-01-06 11:05:38.805594+00:00,338.472,0.845,0.84,0.85,0.155,0.15,0.16,,,,
2026-01-06 11:05:39.498000+00:00,2026-01-06 11:05:39.821552+00:00,339.498,0.845,0.84,0.85,0.155,0.15,0.16,,,,
2026-01-06 11:05:40.542000+00:00,2026-01-06 11:05:40.827491+00:00,340.542,0.85,0.84,0.86,0.15,0.14,0.16,,,,
2026-01-06 11:05:41.411000+00:00,2026-01-06 11:05:41.833827+00:00,341.411,0.84,0.83,0.85,0.16,0.15,0.17,,,,
2026-01-06 11:05:42.276000+00:00,2026-01-06 11:05:42.848881+00:00,342.276,0.84,0.83,0.85,0.16,0.15,0.17,,,,
2026-01-06 11:05:43.584000+00:00,2026-01-06 11:05:43.859464+00:00,343.584,0.84,0.83,0.85,0.16,0.15,0.17,,,,
2026-01-06 11:05:44.588000+00:00,2026-01-06 11:05:44.861424+00:00,344.588,0.84,0.83,0.85,0.16,0.15,0.17,,,,
2026-01-06 11:05:45.584000+00:00,2026-01-06 11:05:45.859753+00:00,345.584,0.84,0.83,0.85,0.16,0.15,0.17,,,,
2026-01-06 11:05:46.546000+00:00,2026-01-06 11:05:46.860613+00:00,346.546,0.84,0.83,0.85,0.16,0.15,0.17,,,,
2026-01-06 11:05:47.601000+00:00,2026-01-06 11:05:47.871048+00:00,347.601,0.845,0.84,0.85,0.155,0.15,0.16,,,,
2026-01-06 11:05:48.614000+00:00,2026-01-06 11:05:48.888429+00:00,348.614,0.84,0.83,0.85,0.155,0.14,0.17,,,,
2026-01-06 11:05:49.606000+00:00,2026-01-06 11:05:49.894152+00:00,349.606,0.845,0.83,0.86,0.155,0.14,0.17,,,,
2026-01-06 11:05:50.607000+00:00,2026-01-06 11:05:50.909311+00:00,350.607,0.84,0.83,0.85,0.16,0.15,0.17,,,,
2026-01-06 11:05:51.590000+00:00,2026-01-06 11:05:51.914396+00:00,351.59,0.84,0.83,0.85,0.16,0.15,0.17,,,,
2026-01-06 11:05:52.494000+00:00,2026-01-06 11:05:52.938939+00:00,352.494,0.845,0.84,0.85,0.155,0.15,0.16,,,,
2026-01-06 11:05:53.646000+00:00,2026-01-06 11:05:53.938939+00:00,353.646,0.84,0.83,0.85,0.16,0.15,0.17,,,,
2026-01-06 11:05:54.386000+00:00,2026-01-06 11:05:54.956996+00:00,354.386,0.84,0.83,0.85,0.16,0.15,0.17,,,,
2026-01-06 11:05:55.595000+00:00,2026-01-06 11:05:55.954093+00:00,355.595,0.845,0.84,0.85,0.155,0.15,0.16,,,,
2026-01-06 11:05:56.672000+00:00,2026-01-06 11:05:56.971049+00:00,356.672,0.855,0.85,0.86,0.145,0.14,0.15,,,,
2026-01-06 11:05:57.698000+00:00,2026-01-06 11:05:57.970094+00:00,357.698,0.865,0.86,0.87,0.14,0.13,0.15,,,,
2026-01-06 11:05:58.706000+00:00,2026-01-06 11:05:58.970818+00:00,358.706,0.875,0.87,0.88,0.125,0.12,0.13,,,,
2026-01-06 11:05:59.701000+00:00,2026-01-06 11:05:59.977690+00:00,359.701,0.885,0.88,0.89,0.1149999999999999,0.11,0.12,,,,
2026-01-06 11:06:00.708000+00:00,2026-01-06 11:06:00.982238+00:00,360.708,0.885,0.88,0.89,0.1149999999999999,0.11,0.12,,,,
2026-01-06 11:06:01.684000+00:00,2026-01-06 11:06:01.987806+00:00,361.684,0.895,0.89,0.9,0.105,0.1,0.11,,,,
2026-01-06 11:06:02.680000+00:00,2026-01-06 11:06:02.987614+00:00,362.68,0.9,0.89,0.91,0.095,0.09,0.1,,,,
2026-01-06 11:06:03.706000+00:00,2026-01-06 11:06:03.986665+00:00,363.706,0.905,0.9,0.91,0.095,0.09,0.1,,,,
2026-01-06 11:06:04.709000+00:00,2026-01-06 11:06:04.986556+00:00,364.709,0.905,0.9,0.91,0.095,0.09,0.1,,,,
2026-01-06 11:06:05.719000+00:00,2026-01-06 11:06:05.987608+00:00,365.719,0.915,0.91,0.92,0.0849999999999999,0.08,0.09,,,,
2026-01-06 11:06:06.713000+00:00,2026-01-06 11:06:07.004789+00:00,366.713,0.915,0.91,0.92,0.0849999999999999,0.08,0.09,,,,
2026-01-06 11:06:07.494000+00:00,2026-01-06 11:06:08.020786+00:00,367.494,0.915,0.91,0.92,0.0849999999999999,0.08,0.09,,,,
2026-01-06 11:06:08.694000+00:00,2026-01-06 11:06:09.038033+00:00,368.694,0.91,0.9,0.92,0.09,0.08,0.1,,,,
2026-01-06 11:06:09.664000+00:00,2026-01-06 11:06:10.036146+00:00,369.664,0.91,0.9,0.92,0.09,0.08,0.1,,,,
2026-01-06 11:06:10.774000+00:00,2026-01-06 11:06:11.051802+00:00,370.774,0.915,0.91,0.92,0.0849999999999999,0.08,0.09,,,,
2026-01-06 11:06:11.664000+00:00,2026-01-06 11:06:12.052196+00:00,371.664,0.915,0.91,0.92,0.0849999999999999,0.08,0.09,,,,
2026-01-06 11:06:12.769000+00:00,2026-01-06 11:06:13.051872+00:00,372.769,0.915,0.91,0.92,0.0849999999999999,0.08,0.09,,,,
2026-01-06 11:06:13.703000+00:00,2026-01-06 11:06:14.070891+00:00,373.703,0.915,0.91,0.92,0.0849999999999999,0.08,0.09,,,,
2026-01-06 11:06:14.782000+00:00,2026-01-06 11:06:15.086260+00:00,374.782,0.915,0.91,0.92,0.0849999999999999,0.08,0.09,,,,
2026-01-06 11:06:15.370000+00:00,2026-01-06 11:06:16.105273+00:00,375.37,0.915,0.91,0.92,0.0849999999999999,0.08,0.09,,,,
2026-01-06 11:06:16.798000+00:00,2026-01-06 11:06:17.105686+00:00,376.798,0.915,0.91,0.92,0.0849999999999999,0.08,0.09,,,,
2026-01-06 11:06:17.838000+00:00,2026-01-06 11:06:18.120586+00:00,377.838,0.915,0.91,0.92,0.0849999999999999,0.08,0.09,,,,
2026-01-06 11:06:18.691000+00:00,2026-01-06 11:06:19.135159+00:00,378.691,0.915,0.91,0.92,0.0849999999999999,0.08,0.09,,,,
2026-01-06 11:06:19.651000+00:00,2026-01-06 11:06:20.136386+00:00,379.651,0.915,0.91,0.92,0.0849999999999999,0.08,0.09,,,,
2026-01-06 11:06:20.732000+00:00,2026-01-06 11:06:21.136171+00:00,380.732,0.915,0.91,0.92,0.0849999999999999,0.08,0.09,,,,
2026-01-06 11:06:21.880000+00:00,2026-01-06 11:06:22.152924+00:00,381.88,0.915,0.91,0.92,0.0849999999999999,0.08,0.09,,,,
2026-01-06 11:06:22.624000+00:00,2026-01-06 11:06:23.168872+00:00,382.624,0.915,0.91,0.92,0.0849999999999999,0.08,0.09,,,,
2026-01-06 11:06:23.878000+00:00,2026-01-06 11:06:24.171711+00:00,383.878,0.905,0.9,0.91,0.095,0.09,0.1,,,,
2026-01-06 11:06:24.905000+00:00,2026-01-06 11:06:25.186290+00:00,384.905,0.905,0.9,0.91,0.095,0.09,0.1,,,,
2026-01-06 11:06:25.916000+00:00,2026-01-06 11:06:26.193383+00:00,385.916,0.91,0.9,0.92,0.09,0.08,0.1,,,,
2026-01-06 11:06:26.939000+00:00,2026-01-06 11:06:27.200358+00:00,386.939,0.91,0.9,0.92,0.09,0.08,0.1,,,,
2026-01-06 11:06:27.820000+00:00,2026-01-06 11:06:28.203626+00:00,387.82,0.91,0.9,0.92,0.09,0.08,0.1,,,,
2026-01-06 11:06:28.361000+00:00,2026-01-06 11:06:29.218080+00:00,388.361,0.91,0.9,0.92,0.09,0.08,0.1,,,,
2026-01-06 11:06:29.825000+00:00,2026-01-06 11:06:30.229868+00:00,389.825,0.91,0.9,0.92,0.09,0.08,0.1,,,,
2026-01-06 11:06:30.931000+00:00,2026-01-06 11:06:31.238850+00:00,390.931,0.91,0.9,0.92,0.09,0.08,0.1,,,,
2026-01-06 11:06:31.636000+00:00,2026-01-06 11:06:32.237907+00:00,391.636,0.91,0.9,0.92,0.09,0.08,0.1,,,,
2026-01-06 11:06:32.953000+00:00,2026-01-06 11:06:33.252326+00:00,392.953,0.91,0.9,0.92,0.09,0.08,0.1,,,,
2026-01-06 11:06:33.976000+00:00,2026-01-06 11:06:34.248836+00:00,393.976,0.915,0.91,0.92,0.0849999999999999,0.08,0.09,,,,
2026-01-06 11:06:34.347000+00:00,2026-01-06 11:06:35.270117+00:00,394.347,0.91,0.9,0.92,0.09,0.08,0.1,,,,
2026-01-06 11:06:35.855000+00:00,2026-01-06 11:06:36.270534+00:00,395.855,0.91,0.9,0.92,0.09,0.08,0.1,,,,
2026-01-06 11:06:36.990000+00:00,2026-01-06 11:06:37.287311+00:00,396.99,0.91,0.9,0.92,0.09,0.08,0.1,,,,
2026-01-06 11:06:38.025000+00:00,2026-01-06 11:06:38.296363+00:00,398.025,0.91,0.9,0.92,0.09,0.08,0.1,,,,
2026-01-06 11:06:39.904000+00:00,2026-01-06 11:06:40.305962+00:00,399.904,0.915,0.91,0.92,0.0849999999999999,0.08,0.09,,,,
2026-01-06 11:06:40.937000+00:00,2026-01-06 11:06:41.312445+00:00,400.937,0.92,0.91,0.93,0.08,0.07,0.09,,,,
2026-01-06 11:06:42.899000+00:00,2026-01-06 11:06:43.335000+00:00,402.899,0.92,0.91,0.93,0.08,0.07,0.09,,,,
2026-01-06 11:06:43.747000+00:00,2026-01-06 11:06:44.335613+00:00,403.747,0.92,0.91,0.93,0.08,0.07,0.09,,,,
2026-01-06 11:06:45+00:00,2026-01-06 11:06:45.331387+00:00,405.0,0.92,0.91,0.93,0.08,0.07,0.09,,,,
2026-01-06 11:06:46.001000+00:00,2026-01-06 11:06:46.328054+00:00,406.001,0.92,0.91,0.93,0.08,0.07,0.09,,,,
2026-01-06 11:06:47.082000+00:00,2026-01-06 11:06:47.345155+00:00,407.082,0.915,0.91,0.92,0.0849999999999999,0.08,0.09,,,,
2026-01-06 11:06:48.061000+00:00,2026-01-06 11:06:48.344180+00:00,408.061,0.92,0.91,0.93,0.08,0.07,0.09,,,,
2026-01-06 11:06:49.079000+00:00,2026-01-06 11:06:49.351839+00:00,409.079,0.925,0.92,0.93,0.075,0.07,0.08,,,,
2026-01-06 11:06:50.049000+00:00,2026-01-06 11:06:50.350227+00:00,410.049,0.925,0.92,0.93,0.075,0.07,0.08,,,,
2026-01-06 11:06:51.907000+00:00,2026-01-06 11:06:52.368584+00:00,411.907,0.925,0.92,0.93,0.075,0.07,0.08,,,,
2026-01-06 11:06:53.004000+00:00,2026-01-06 11:06:53.367299+00:00,413.004,0.925,0.92,0.93,0.075,0.07,0.08,,,,
2026-01-06 11:06:54.072000+00:00,2026-01-06 11:06:54.367796+00:00,414.072,0.925,0.92,0.93,0.075,0.07,0.08,,,,
2026-01-06 11:06:55.954000+00:00,2026-01-06 11:06:56.385255+00:00,415.954,0.925,0.92,0.93,0.075,0.07,0.08,,,,
2026-01-06 11:06:57.780000+00:00,2026-01-06 11:06:58.405842+00:00,417.78,0.925,0.92,0.93,0.075,0.07,0.08,,,,
2026-01-06 11:06:59.933000+00:00,2026-01-06 11:07:00.434311+00:00,419.933,0.925,0.92,0.93,0.075,0.07,0.08,,,,
2026-01-06 11:07:00.775000+00:00,2026-01-06 11:07:01.452421+00:00,420.775,0.925,0.92,0.93,0.075,0.07,0.08,,,,
2026-01-06 11:07:01.946000+00:00,2026-01-06 11:07:02.457423+00:00,421.946,0.925,0.92,0.93,0.075,0.07,0.08,,,,
2026-01-06 11:07:02.663000+00:00,2026-01-06 11:07:03.458218+00:00,422.663,0.925,0.92,0.93,0.075,0.07,0.08,,,,
2026-01-06 11:07:04.204000+00:00,2026-01-06 11:07:04.468976+00:00,424.204,0.925,0.92,0.93,0.075,0.07,0.08,,,,
2026-01-06 11:07:05.210000+00:00,2026-01-06 11:07:05.478085+00:00,425.21,0.925,0.92,0.93,0.075,0.07,0.08,,,,
2026-01-06 11:07:06.144000+00:00,2026-01-06 11:07:06.481503+00:00,426.144,0.935,0.93,0.94,0.065,0.06,0.07,,,,
2026-01-06 11:07:07.227000+00:00,2026-01-06 11:07:07.502427+00:00,427.227,0.935,0.93,0.94,0.065,0.06,0.07,,,,
2026-01-06 11:07:08.850000+00:00,2026-01-06 11:07:09.509050+00:00,428.85,0.945,0.94,0.95,0.055,0.05,0.06,,,,
2026-01-06 11:07:10.081000+00:00,2026-01-06 11:07:10.511602+00:00,430.081,0.945,0.94,0.95,0.055,0.05,0.06,,,,
2026-01-06 11:07:11.092000+00:00,2026-01-06 11:07:11.517976+00:00,431.092,0.945,0.94,0.95,0.055,0.05,0.06,,,,
2026-01-06 11:07:12.236000+00:00,2026-01-06 11:07:12.525533+00:00,432.236,0.945,0.94,0.95,0.055,0.05,0.06,,,,
2026-01-06 11:07:13.265000+00:00,2026-01-06 11:07:13.533123+00:00,433.265,0.945,0.94,0.95,0.055,0.05,0.06,,,,
2026-01-06 11:07:14.062000+00:00,2026-01-06 11:07:14.532928+00:00,434.062,0.945,0.94,0.95,0.055,0.05,0.06,,,,
2026-01-06 11:07:15.248000+00:00,2026-01-06 11:07:15.547425+00:00,435.248,0.945,0.94,0.95,0.055,0.05,0.06,,,,
2026-01-06 11:07:16.268000+00:00,2026-01-06 11:07:16.554693+00:00,436.268,0.945,0.94,0.95,0.055,0.05,0.06,,,,
2026-01-06 11:07:17.230000+00:00,2026-01-06 11:07:17.555810+00:00,437.23,0.945,0.94,0.95,0.055,0.05,0.06,,,,
2026-01-06 11:07:18.865000+00:00,2026-01-06 11:07:19.570642+00:00,438.865,0.945,0.94,0.95,0.075,0.07,0.08,,,,
2026-01-06 11:07:20.309000+00:00,2026-01-06 11:07:20.585039+00:00,440.309,0.925,0.92,0.93,0.075,0.07,0.08,,,,
2026-01-06 11:07:21.319000+00:00,2026-01-06 11:07:21.587114+00:00,441.319,0.925,0.92,0.93,0.075,0.07,0.08,,,,
2026-01-06 11:07:22.305000+00:00,2026-01-06 11:07:22.601892+00:00,442.305,0.93,0.92,0.94,0.07,0.06,0.08,,,,
2026-01-06 11:07:23.214000+00:00,2026-01-06 11:07:23.620151+00:00,443.214,0.93,0.92,0.94,0.07,0.06,0.08,,,,
2026-01-06 11:07:24.390000+00:00,2026-01-06 11:07:24.635357+00:00,444.39,0.95,0.93,0.97,0.06,0.05,0.07,,,,
2026-01-06 11:07:25.356000+00:00,2026-01-06 11:07:25.632055+00:00,445.356,0.94,0.93,0.95,0.06,0.05,0.07,,,,
2026-01-06 11:07:26.144000+00:00,2026-01-06 11:07:26.635024+00:00,446.144,0.935,0.92,0.95,0.065,0.05,0.08,,,,
2026-01-06 11:07:27.359000+00:00,2026-01-06 11:07:27.654102+00:00,447.359,0.935,0.92,0.95,0.065,0.05,0.08,,,,
2026-01-06 11:07:28.293000+00:00,2026-01-06 11:07:28.649008+00:00,448.293,0.935,0.92,0.95,0.065,0.05,0.08,,,,
2026-01-06 11:07:29.384000+00:00,2026-01-06 11:07:29.662265+00:00,449.384,0.935,0.93,0.94,0.065,0.06,0.07,,,,
2026-01-06 11:07:30.361000+00:00,2026-01-06 11:07:30.685380+00:00,450.361,0.94,0.93,0.95,0.06,0.05,0.07,,,,
2026-01-06 11:07:31.409000+00:00,2026-01-06 11:07:31.683082+00:00,451.409,0.925,0.92,0.93,0.065,0.05,0.08,,,,
2026-01-06 11:07:32.039000+00:00,2026-01-06 11:07:32.683338+00:00,452.039,0.935,0.92,0.95,0.07,0.06,0.08,,,,
2026-01-06 11:07:33.861000+00:00,2026-01-06 11:07:34.698715+00:00,453.861,0.93,0.92,0.94,0.07,0.06,0.08,,,,
2026-01-06 11:07:35.388000+00:00,2026-01-06 11:07:35.697916+00:00,455.388,0.925,0.92,0.93,0.075,0.07,0.08,,,,
2026-01-06 11:07:36.330000+00:00,2026-01-06 11:07:36.700831+00:00,456.33,0.93,0.92,0.94,0.075,0.07,0.08,,,,
2026-01-06 11:07:37.412000+00:00,2026-01-06 11:07:37.710734+00:00,457.412,0.925,0.92,0.93,0.075,0.07,0.08,,,,
2026-01-06 11:07:38.466000+00:00,2026-01-06 11:07:38.734595+00:00,458.466,0.925,0.92,0.93,0.075,0.07,0.08,,,,
2026-01-06 11:07:39.431000+00:00,2026-01-06 11:07:39.741426+00:00,459.431,0.925,0.92,0.93,0.075,0.07,0.08,,,,
2026-01-06 11:07:40.215000+00:00,2026-01-06 11:07:40.745954+00:00,460.215,0.925,0.92,0.93,0.075,0.07,0.08,,,,
2026-01-06 11:07:41.471000+00:00,2026-01-06 11:07:41.751478+00:00,461.471,0.925,0.92,0.93,0.075,0.07,0.08,,,,
2026-01-06 11:07:42.131000+00:00,2026-01-06 11:07:42.755315+00:00,462.131,0.925,0.92,0.93,0.075,0.07,0.08,,,,
2026-01-06 11:07:43.472000+00:00,2026-01-06 11:07:43.774139+00:00,463.472,0.93,0.92,0.94,0.075,0.06,0.09,,,,
2026-01-06 11:07:44.506000+00:00,2026-01-06 11:07:44.787817+00:00,464.506,0.93,0.92,0.94,0.07,0.06,0.08,,,,
2026-01-06 11:07:45.517000+00:00,2026-01-06 11:07:45.800972+00:00,465.517,0.925,0.92,0.93,0.075,0.07,0.08,,,,
2026-01-06 11:07:46.540000+00:00,2026-01-06 11:07:46.818840+00:00,466.54,0.925,0.92,0.93,0.075,0.07,0.08,,,,
2026-01-06 11:07:47.541000+00:00,2026-01-06 11:07:47.835538+00:00,467.541,0.92,0.91,0.93,0.08,0.07,0.09,,,,
2026-01-06 11:07:48.476000+00:00,2026-01-06 11:07:48.850083+00:00,468.476,0.92,0.91,0.93,0.08,0.07,0.09,,,,
2026-01-06 11:07:49.445000+00:00,2026-01-06 11:07:50.883684+00:00,469.445,0.92,0.91,0.93,0.08,0.07,0.09,,,,
2026-01-06 11:07:51.262000+00:00,2026-01-06 11:07:51.887223+00:00,471.262,0.92,0.91,0.93,0.08,0.07,0.09,,,,
2026-01-06 11:07:52.283000+00:00,2026-01-06 11:07:52.883892+00:00,472.283,0.915,0.91,0.92,0.09,0.08,0.1,,,,
2026-01-06 11:07:53.596000+00:00,2026-01-06 11:07:53.887034+00:00,473.596,0.91,0.9,0.92,0.09,0.08,0.1,,,,
2026-01-06 11:07:54.587000+00:00,2026-01-06 11:07:54.901770+00:00,474.587,0.91,0.9,0.92,0.09,0.08,0.1,,,,
2026-01-06 11:07:55.380000+00:00,2026-01-06 11:07:55.920183+00:00,475.38,0.92,0.91,0.93,0.08,0.07,0.09,,,,
2026-01-06 11:07:56.593000+00:00,2026-01-06 11:07:56.917206+00:00,476.593,0.92,0.91,0.93,0.08,0.07,0.09,,,,
2026-01-06 11:07:57.464000+00:00,2026-01-06 11:07:57.932455+00:00,477.464,0.92,0.91,0.93,0.08,0.07,0.09,,,,
2026-01-06 11:07:58.396000+00:00,2026-01-06 11:07:58.932078+00:00,478.396,0.92,0.91,0.93,0.08,0.07,0.09,,,,
2026-01-06 11:07:59.657000+00:00,2026-01-06 11:07:59.932942+00:00,479.657,0.915,0.91,0.92,0.08,0.07,0.09,,,,
2026-01-06 11:08:00.664000+00:00,2026-01-06 11:08:00.949563+00:00,480.664,0.92,0.91,0.93,0.08,0.07,0.09,,,,
2026-01-06 11:08:01.365000+00:00,2026-01-06 11:08:01.966070+00:00,481.365,0.92,0.91,0.93,0.08,0.07,0.09,,,,
2026-01-06 11:08:02.559000+00:00,2026-01-06 11:08:02.979863+00:00,482.559,0.92,0.91,0.93,0.08,0.07,0.09,,,,
2026-01-06 11:08:03.002000+00:00,2026-01-06 11:08:03.982561+00:00,483.002,0.915,0.91,0.92,0.0849999999999999,0.08,0.09,,,,
2026-01-06 11:08:04.149000+00:00,2026-01-06 11:08:04.999867+00:00,484.149,0.915,0.91,0.92,0.0849999999999999,0.08,0.09,,,,
2026-01-06 11:08:05.729000+00:00,2026-01-06 11:08:06.010288+00:00,485.729,0.915,0.91,0.92,0.0849999999999999,0.08,0.09,,,,
2026-01-06 11:08:06.723000+00:00,2026-01-06 11:08:07.015203+00:00,486.723,0.91,0.9,0.92,0.09,0.08,0.1,,,,
2026-01-06 11:08:07.740000+00:00,2026-01-06 11:08:08.014969+00:00,487.74,0.91,0.9,0.92,0.09,0.08,0.1,,,,
2026-01-06 11:08:08.701000+00:00,2026-01-06 11:08:09.014359+00:00,488.701,0.905,0.9,0.91,0.095,0.09,0.1,,,,
2026-01-06 11:08:09.624000+00:00,2026-01-06 11:08:10.016803+00:00,489.624,0.91,0.9,0.92,0.09,0.08,0.1,,,,
2026-01-06 11:08:10.566000+00:00,2026-01-06 11:08:11.014845+00:00,490.566,0.91,0.9,0.92,0.09,0.08,0.1,,,,
2026-01-06 11:08:11.965000+00:00,2026-01-06 11:08:13.027899+00:00,491.965,0.91,0.9,0.92,0.09,0.08,0.1,,,,
2026-01-06 11:08:13.755000+00:00,2026-01-06 11:08:14.032491+00:00,493.755,0.91,0.9,0.92,0.09,0.08,0.1,,,,
2026-01-06 11:08:14.631000+00:00,2026-01-06 11:08:15.031418+00:00,494.631,0.91,0.9,0.92,0.09,0.08,0.1,,,,
2026-01-06 11:08:15.715000+00:00,2026-01-06 11:08:16.031275+00:00,495.715,0.91,0.9,0.92,0.09,0.08,0.1,,,,
2026-01-06 11:08:16.776000+00:00,2026-01-06 11:08:17.048358+00:00,496.776,0.915,0.91,0.92,0.0849999999999999,0.08,0.09,,,,
2026-01-06 11:08:17.314000+00:00,2026-01-06 11:08:18.048070+00:00,497.314,0.915,0.91,0.92,0.0849999999999999,0.08,0.09,,,,
2026-01-06 11:08:18.695000+00:00,2026-01-06 11:08:19.053221+00:00,498.695,0.915,0.91,0.92,0.0849999999999999,0.08,0.09,,,,
2026-01-06 11:08:19.832000+00:00,2026-01-06 11:08:21.076580+00:00,499.832,0.915,0.91,0.92,0.0849999999999999,0.08,0.09,,,,
2026-01-06 11:08:21.804000+00:00,2026-01-06 11:08:22.082182+00:00,501.804,0.915,0.91,0.92,0.0849999999999999,0.08,0.09,,,,
2026-01-06 11:08:22.710000+00:00,2026-01-06 11:08:23.103343+00:00,502.71,0.915,0.91,0.92,0.0849999999999999,0.08,0.09,,,,
2026-01-06 11:08:23.571000+00:00,2026-01-06 11:08:24.115202+00:00,503.571,0.915,0.91,0.92,0.0849999999999999,0.08,0.09,,,,
2026-01-06 11:08:24.845000+00:00,2026-01-06 11:08:25.124511+00:00,504.845,0.915,0.91,0.92,0.0849999999999999,0.08,0.09,,,,
2026-01-06 11:08:25.821000+00:00,2026-01-06 11:08:26.148572+00:00,505.821,0.915,0.91,0.92,0.0849999999999999,0.08,0.09,,,,
2026-01-06 11:08:26.900000+00:00,2026-01-06 11:08:27.166205+00:00,506.9,0.925,0.92,0.93,0.075,0.07,0.08,,,,
2026-01-06 11:08:27.627000+00:00,2026-01-06 11:08:28.182447+00:00,507.627,0.925,0.92,0.93,0.075,0.07,0.08,,,,
2026-01-06 11:08:28.907000+00:00,2026-01-06 11:08:29.182628+00:00,508.907,0.915,0.91,0.92,0.0849999999999999,0.08,0.09,,,,
2026-01-06 11:08:29.924000+00:00,2026-01-06 11:08:30.199286+00:00,509.924,0.92,0.91,0.93,0.08,0.07,0.09,,,,
2026-01-06 11:08:30.905000+00:00,2026-01-06 11:08:31.198797+00:00,510.905,0.92,0.91,0.93,0.08,0.07,0.09,,,,
2026-01-06 11:08:31.835000+00:00,2026-01-06 11:08:32.207431+00:00,511.835,0.92,0.91,0.93,0.08,0.07,0.09,,,,
2026-01-06 11:08:32.937000+00:00,2026-01-06 11:08:33.210921+00:00,512.937,0.915,0.91,0.92,0.0849999999999999,0.08,0.09,,,,
2026-01-06 11:08:33.639000+00:00,2026-01-06 11:08:34.213530+00:00,513.639,0.915,0.91,0.92,0.0849999999999999,0.08,0.09,,,,
2026-01-06 11:08:34.617000+00:00,2026-01-06 11:08:35.212679+00:00,514.617,0.91,0.9,0.92,0.0849999999999999,0.08,0.09,,,,
2026-01-06 11:08:35.895000+00:00,2026-01-06 11:08:36.229761+00:00,515.895,0.925,0.92,0.93,0.075,0.07,0.08,,,,
2026-01-06 11:08:36.844000+00:00,2026-01-06 11:08:37.223158+00:00,516.844,0.925,0.92,0.93,0.075,0.07,0.08,,,,
2026-01-06 11:08:37.891000+00:00,2026-01-06 11:08:38.224609+00:00,517.891,0.925,0.92,0.93,0.075,0.07,0.08,,,,
2026-01-06 11:08:38.610000+00:00,2026-01-06 11:08:39.235139+00:00,518.61,0.925,0.92,0.93,0.075,0.07,0.08,,,,
2026-01-06 11:08:39.983000+00:00,2026-01-06 11:08:40.252550+00:00,519.983,0.925,0.92,0.93,0.06,0.05,0.07,,,,
2026-01-06 11:08:40.956000+00:00,2026-01-06 11:08:41.263365+00:00,520.956,0.945,0.94,0.95,0.055,0.05,0.06,,,,
2026-01-06 11:08:42.883000+00:00,2026-01-06 11:08:43.289338+00:00,522.883,0.945,0.94,0.95,0.055,0.05,0.06,,,,
2026-01-06 11:08:44.977000+00:00,2026-01-06 11:08:45.287237+00:00,524.977,0.945,0.94,0.95,0.055,0.05,0.06,,,,
2026-01-06 11:08:45.989000+00:00,2026-01-06 11:08:46.286723+00:00,525.989,0.945,0.94,0.95,0.055,0.05,0.06,,,,
2026-01-06 11:08:47.017000+00:00,2026-01-06 11:08:47.293868+00:00,527.017,0.945,0.94,0.95,0.055,0.05,0.06,,,,
2026-01-06 11:08:48.041000+00:00,2026-01-06 11:08:48.316720+00:00,528.041,0.95,0.94,0.96,0.045,0.04,0.05,,,,
2026-01-06 11:08:49.041000+00:00,2026-01-06 11:08:49.331765+00:00,529.041,0.955,0.95,0.96,0.045,0.04,0.05,,,,
2026-01-06 11:08:50.702000+00:00,2026-01-06 11:08:51.366883+00:00,530.702,0.955,0.95,0.96,0.045,0.04,0.05,,,,
2026-01-06 11:08:51.908000+00:00,2026-01-06 11:08:52.363009+00:00,531.908,0.955,0.95,0.96,0.045,0.04,0.05,,,,
2026-01-06 11:08:53.094000+00:00,2026-01-06 11:08:53.365133+00:00,533.094,0.955,0.95,0.96,0.045,0.04,0.05,,,,
2026-01-06 11:08:54.100000+00:00,2026-01-06 11:08:54.373194+00:00,534.1,0.955,0.95,0.96,0.045,0.04,0.05,,,,
2026-01-06 11:08:55.012000+00:00,2026-01-06 11:08:55.391798+00:00,535.012,0.95,0.94,0.96,0.05,0.04,0.06,,,,
2026-01-06 11:08:56.981000+00:00,2026-01-06 11:08:57.393607+00:00,536.981,0.955,0.95,0.96,0.045,0.04,0.05,,,,
2026-01-06 11:08:57.965000+00:00,2026-01-06 11:08:58.397693+00:00,537.965,0.955,0.95,0.96,0.045,0.04,0.05,,,,
2026-01-06 11:08:59.969000+00:00,2026-01-06 11:09:00.397777+00:00,539.969,0.955,0.95,0.96,0.045,0.04,0.05,,,,
2026-01-06 11:09:01.002000+00:00,2026-01-06 11:09:01.419407+00:00,541.002,0.955,0.95,0.96,0.045,0.04,0.05,,,,
2026-01-06 11:09:02.151000+00:00,2026-01-06 11:09:02.443969+00:00,542.151,0.95,0.94,0.96,0.05,0.04,0.06,,,,
2026-01-06 11:09:03.175000+00:00,2026-01-06 11:09:03.460981+00:00,543.175,0.95,0.94,0.96,0.05,0.04,0.06,,,,
2026-01-06 11:09:04.210000+00:00,2026-01-06 11:09:04.462481+00:00,544.21,0.955,0.95,0.96,0.045,0.04,0.05,,,,
2026-01-06 11:09:05.182000+00:00,2026-01-06 11:09:05.487149+00:00,545.182,0.955,0.95,0.96,0.045,0.04,0.05,,,,
2026-01-06 11:09:06.259000+00:00,2026-01-06 11:09:06.487406+00:00,546.259,0.96,0.95,0.97,0.04,0.03,0.05,,,,
2026-01-06 11:09:07.180000+00:00,2026-01-06 11:09:07.505628+00:00,547.18,0.96,0.95,0.97,0.04,0.03,0.05,,,,
2026-01-06 11:09:08.152000+00:00,2026-01-06 11:09:08.504722+00:00,548.152,0.955,0.95,0.96,0.045,0.04,0.05,,,,
2026-01-06 11:09:09.204000+00:00,2026-01-06 11:09:09.513797+00:00,549.204,0.955,0.95,0.96,0.045,0.04,0.05,,,,
2026-01-06 11:09:10.192000+00:00,2026-01-06 11:09:10.530564+00:00,550.192,0.955,0.95,0.96,0.045,0.04,0.05,,,,
2026-01-06 11:09:11.222000+00:00,2026-01-06 11:09:11.545223+00:00,551.222,0.955,0.95,0.96,0.045,0.04,0.05,,,,
2026-01-06 11:09:12.188000+00:00,2026-01-06 11:09:12.563021+00:00,552.188,0.955,0.95,0.96,0.045,0.04,0.05,,,,
2026-01-06 11:09:13.245000+00:00,2026-01-06 11:09:13.566691+00:00,553.245,0.95,0.94,0.96,0.035,0.03,0.04,,,,
2026-01-06 11:09:14.311000+00:00,2026-01-06 11:09:14.581657+00:00,554.311,0.965,0.96,0.97,0.035,0.03,0.04,,,,
2026-01-06 11:09:15.273000+00:00,2026-01-06 11:09:15.598765+00:00,555.273,0.96,0.95,0.97,0.04,0.03,0.05,,,,
2026-01-06 11:09:16.185000+00:00,2026-01-06 11:09:16.614145+00:00,556.185,0.955,0.95,0.96,0.045,0.04,0.05,,,,
2026-01-06 11:09:17.207000+00:00,2026-01-06 11:09:17.634669+00:00,557.207,0.96,0.95,0.97,0.035,0.03,0.04,,,,
2026-01-06 11:09:18.300000+00:00,2026-01-06 11:09:18.644408+00:00,558.3,0.965,0.96,0.97,0.035,0.03,0.04,,,,
2026-01-06 11:09:19.371000+00:00,2026-01-06 11:09:19.645002+00:00,559.371,0.965,0.96,0.97,0.035,0.03,0.04,,,,
2026-01-06 11:09:20.235000+00:00,2026-01-06 11:09:20.647095+00:00,560.235,0.965,0.96,0.97,0.035,0.03,0.04,,,,
2026-01-06 11:09:21.182000+00:00,2026-01-06 11:09:21.663222+00:00,561.182,0.965,0.96,0.97,0.035,0.03,0.04,,,,
2026-01-06 11:09:22.283000+00:00,2026-01-06 11:09:22.662836+00:00,562.283,0.96,0.95,0.97,0.04,0.03,0.05,,,,
2026-01-06 11:09:23.267000+00:00,2026-01-06 11:09:23.664346+00:00,563.267,0.96,0.95,0.97,0.04,0.03,0.05,,,,
2026-01-06 11:09:24.354000+00:00,2026-01-06 11:09:24.671427+00:00,564.354,0.96,0.95,0.97,0.04,0.03,0.05,,,,
2026-01-06 11:09:25.266000+00:00,2026-01-06 11:09:25.682247+00:00,565.266,0.965,0.96,0.97,0.035,0.03,0.04,,,,
2026-01-06 11:09:26.214000+00:00,2026-01-06 11:09:26.669175+00:00,566.214,0.96,0.95,0.97,0.04,0.03,0.05,,,,
2026-01-06 11:09:27.678000+00:00,2026-01-06 11:09:28.679674+00:00,567.678,0.96,0.95,0.97,0.04,0.03,0.05,,,,
2026-01-06 11:09:29.244000+00:00,2026-01-06 11:09:29.703494+00:00,569.244,0.96,0.95,0.97,0.04,0.03,0.05,,,,
2026-01-06 11:09:30.428000+00:00,2026-01-06 11:09:30.703048+00:00,570.428,0.965,0.96,0.97,0.035,0.03,0.04,,,,
2026-01-06 11:09:31.186000+00:00,2026-01-06 11:09:31.694811+00:00,571.186,0.965,0.96,0.97,0.035,0.03,0.04,,,,
2026-01-06 11:09:32.366000+00:00,2026-01-06 11:09:32.701392+00:00,572.366,0.965,0.96,0.97,0.035,0.03,0.04,,,,
2026-01-06 11:09:33.432000+00:00,2026-01-06 11:09:33.713811+00:00,573.432,0.965,0.96,0.97,0.035,0.03,0.04,,,,
2026-01-06 11:09:34.446000+00:00,2026-01-06 11:09:34.715038+00:00,574.446,0.965,0.96,0.97,0.035,0.03,0.04,,,,
2026-01-06 11:09:35.433000+00:00,2026-01-06 11:09:35.723255+00:00,575.433,0.965,0.96,0.97,0.035,0.03,0.04,,,,
2026-01-06 11:09:36.471000+00:00,2026-01-06 11:09:36.730306+00:00,576.471,0.965,0.96,0.97,0.035,0.03,0.04,,,,
2026-01-06 11:09:37.987000+00:00,2026-01-06 11:09:38.728860+00:00,577.987,0.965,0.96,0.97,0.035,0.03,0.04,,,,
2026-01-06 11:09:39.142000+00:00,2026-01-06 11:09:39.737246+00:00,579.142,0.965,0.96,0.97,0.035,0.03,0.04,,,,
2026-01-06 11:09:40.459000+00:00,2026-01-06 11:09:40.744736+00:00,580.459,0.975,0.97,0.98,0.025,0.02,0.03,,,,
2026-01-06 11:09:41.396000+00:00,2026-01-06 11:09:41.749806+00:00,581.396,0.975,0.97,0.98,0.025,0.02,0.03,,,,
2026-01-06 11:09:42.495000+00:00,2026-01-06 11:09:42.771259+00:00,582.495,0.975,0.97,0.98,0.025,0.02,0.03,,,,
2026-01-06 11:09:43.456000+00:00,2026-01-06 11:09:43.770939+00:00,583.456,0.975,0.97,0.98,0.025,0.02,0.03,,,,
2026-01-06 11:09:44.514000+00:00,2026-01-06 11:09:44.789019+00:00,584.514,0.975,0.97,0.98,0.025,0.02,0.03,,,,
2026-01-06 11:09:45.541000+00:00,2026-01-06 11:09:45.795367+00:00,585.541,0.975,0.97,0.98,0.025,0.02,0.03,,,,
2026-01-06 11:09:46.487000+00:00,2026-01-06 11:09:46.810248+00:00,586.487,0.985,0.98,0.99,0.015,0.01,0.02,,,,
2026-01-06 11:09:47.218000+00:00,2026-01-06 11:09:47.813115+00:00,587.218,0.985,0.98,0.99,0.015,0.01,0.02,,,,
2026-01-06 11:09:48.560000+00:00,2026-01-06 11:09:48.825385+00:00,588.56,0.985,0.98,0.99,0.015,0.01,0.02,,,,
2026-01-06 11:09:49.508000+00:00,2026-01-06 11:09:49.833107+00:00,589.508,0.97,0.96,0.98,0.03,0.02,0.04,,,,
2026-01-06 11:09:50.173000+00:00,2026-01-06 11:09:50.837295+00:00,590.173,0.97,0.96,0.98,0.03,0.02,0.04,,,,
2026-01-06 11:09:51.557000+00:00,2026-01-06 11:09:51.845569+00:00,591.557,0.975,0.97,0.98,0.025,0.02,0.03,,,,
2026-01-06 11:09:52.565000+00:00,2026-01-06 11:09:52.866445+00:00,592.565,0.975,0.97,0.98,0.025,0.02,0.03,,,,
2026-01-06 11:09:53.342000+00:00,2026-01-06 11:09:53.880442+00:00,593.342,0.97,0.96,0.98,0.03,0.02,0.04,,,,
2026-01-06 11:09:54.459000+00:00,2026-01-06 11:09:54.887741+00:00,594.459,0.975,0.97,0.98,0.025,0.02,0.03,,,,
2026-01-06 11:09:55.616000+00:00,2026-01-06 11:09:55.904080+00:00,595.616,0.97,0.96,0.98,0.025,0.02,0.03,,,,
2026-01-06 11:09:56.503000+00:00,2026-01-06 11:09:56.903212+00:00,596.503,0.975,0.97,0.98,0.025,0.02,0.03,,,,
2026-01-06 11:09:57.514000+00:00,2026-01-06 11:09:57.901762+00:00,597.514,0.985,0.98,0.99,0.015,0.01,0.02,,,,
2026-01-06 11:09:58.182000+00:00,2026-01-06 11:09:58.911361+00:00,598.182,0.985,0.98,0.99,0.015,0.01,0.02,,,,
2026-01-06 11:09:59.266000+00:00,2026-01-06 11:09:59.919315+00:00,599.266,0.985,0.98,0.99,0.015,0.01,0.02,,,,
2026-01-06 11:10:00.640000+00:00,2026-01-06 11:10:00.910523+00:00,600.64,0.985,0.98,0.99,0.015,0.01,0.02,,,,
2026-01-06 11:10:01.622000+00:00,2026-01-06 11:10:01.910571+00:00,601.622,0.985,0.98,0.99,0.015,0.01,0.02,,,,
2026-01-06 11:10:02.645000+00:00,2026-01-06 11:10:02.918103+00:00,602.645,0.985,0.98,0.99,0.015,0.01,0.02,,,,
2026-01-06 11:10:03.629000+00:00,2026-01-06 11:10:03.927733+00:00,603.629,0.985,0.98,0.99,0.015,0.01,0.02,,,,
2026-01-06 11:10:04.341000+00:00,2026-01-06 11:10:04.944701+00:00,604.341,0.985,0.98,0.99,0.015,0.01,0.02,,,,
2026-01-06 11:10:05.503000+00:00,2026-01-06 11:10:05.941757+00:00,605.503,0.985,0.98,0.99,0.015,0.01,0.02,,,,
2026-01-06 11:10:06.607000+00:00,2026-01-06 11:10:06.934242+00:00,606.607,0.985,0.98,0.99,0.015,0.01,0.02,,,,
2026-01-06 11:10:07.478000+00:00,2026-01-06 11:10:07.944636+00:00,607.478,0.985,0.98,0.99,0.015,0.01,0.02,,,,
2026-01-06 11:10:08.596000+00:00,2026-01-06 11:10:08.955836+00:00,608.596,0.985,0.98,0.99,0.015,0.01,0.02,,,,
2026-01-06 11:10:09.670000+00:00,2026-01-06 11:10:09.960103+00:00,609.67,0.985,0.98,0.99,0.015,0.01,0.02,,,,
2026-01-06 11:10:10.659000+00:00,2026-01-06 11:10:10.951985+00:00,610.659,0.985,0.98,0.99,0.015,0.01,0.02,,,,
2026-01-06 11:10:11.591000+00:00,2026-01-06 11:10:11.951694+00:00,611.591,0.985,0.98,0.99,0.015,0.01,0.02,,,,
2026-01-06 11:10:12.587000+00:00,2026-01-06 11:10:12.946481+00:00,612.587,0.985,0.98,0.99,0.015,0.01,0.02,,,,
2026-01-06 11:10:13.614000+00:00,2026-01-06 11:10:13.946194+00:00,613.614,0.985,0.98,0.99,0.015,0.01,0.02,,,,
2026-01-06 11:10:14.658000+00:00,2026-01-06 11:10:14.956701+00:00,614.658,0.985,0.98,0.99,0.015,0.01,0.02,,,,
2026-01-06 11:10:15.641000+00:00,2026-01-06 11:10:15.978124+00:00,615.641,0.985,0.98,0.99,0.015,0.01,0.02,,,,
2026-01-06 11:10:16.681000+00:00,2026-01-06 11:10:16.973962+00:00,616.681,0.985,0.98,0.99,0.015,0.01,0.02,,,,
2026-01-06 11:10:17.639000+00:00,2026-01-06 11:10:17.977910+00:00,617.639,0.985,0.98,0.99,0.015,0.01,0.02,,,,
2026-01-06 11:10:18.476000+00:00,2026-01-06 11:10:18.976848+00:00,618.476,0.985,0.98,0.99,0.015,0.01,0.02,,,,
2026-01-06 11:10:19.656000+00:00,2026-01-06 11:10:19.976636+00:00,619.656,0.985,0.98,0.99,0.015,0.01,0.02,,,,
2026-01-06 11:10:20.565000+00:00,2026-01-06 11:10:20.982357+00:00,620.565,0.985,0.98,0.99,0.015,0.01,0.02,,,,
2026-01-06 11:10:21.659000+00:00,2026-01-06 11:10:21.977738+00:00,621.659,0.985,0.98,0.99,0.015,0.01,0.02,,,,
2026-01-06 11:10:22.565000+00:00,2026-01-06 11:10:22.984207+00:00,622.565,0.985,0.98,0.99,0.015,0.01,0.02,,,,
2026-01-06 11:10:23.477000+00:00,2026-01-06 11:10:23.993120+00:00,623.477,0.985,0.98,0.99,0.015,0.01,0.02,,,,
2026-01-06 11:10:24.609000+00:00,2026-01-06 11:10:24.996819+00:00,624.609,0.985,0.98,0.99,0.015,0.01,0.02,,,,
2026-01-06 11:10:25.700000+00:00,2026-01-06 11:10:26.012362+00:00,625.7,0.985,0.98,0.99,0.015,0.01,0.02,,,,
2026-01-06 11:10:26.740000+00:00,2026-01-06 11:10:27.026896+00:00,626.74,0.985,0.98,0.99,0.015,0.01,0.02,,,,
2026-01-06 11:10:27.661000+00:00,2026-01-06 11:10:28.026022+00:00,627.661,0.985,0.98,0.99,0.015,0.01,0.02,,,,
2026-01-06 11:10:28.289000+00:00,2026-01-06 11:10:29.026581+00:00,628.289,0.985,0.98,0.99,0.015,0.01,0.02,,,,
2026-01-06 11:10:29.735000+00:00,2026-01-06 11:10:30.025950+00:00,629.735,0.985,0.98,0.99,0.015,0.01,0.02,,,,
2026-01-06 11:10:30.465000+00:00,2026-01-06 11:10:31.043452+00:00,630.465,0.99,0.99,,0.01,,0.01,,,,
2026-01-06 11:10:31.772000+00:00,2026-01-06 11:10:32.057999+00:00,631.772,0.975,0.97,0.98,0.025,0.02,0.03,,,,
2026-01-06 11:10:32.772000+00:00,2026-01-06 11:10:33.076376+00:00,632.772,0.985,0.98,0.99,0.015,0.01,0.02,,,,
2026-01-06 11:10:33.863000+00:00,2026-01-06 11:10:34.094643+00:00,633.863,0.985,0.98,0.99,0.015,0.01,0.02,,,,
2026-01-06 11:10:34.828000+00:00,2026-01-06 11:10:35.095895+00:00,634.828,0.985,0.98,0.99,0.015,0.01,0.02,,,,
2026-01-06 11:10:35.696000+00:00,2026-01-06 11:10:36.107792+00:00,635.696,0.985,0.98,0.99,0.015,0.01,0.02,,,,
2026-01-06 11:10:36.726000+00:00,2026-01-06 11:10:37.101020+00:00,636.726,0.985,0.98,0.99,0.015,0.01,0.02,,,,
2026-01-06 11:10:37.733000+00:00,2026-01-06 11:10:38.109316+00:00,637.733,0.985,0.98,0.99,0.015,0.01,0.02,,,,
2026-01-06 11:10:38.549000+00:00,2026-01-06 11:10:39.101816+00:00,638.549,0.985,0.98,0.99,0.015,0.01,0.02,,,,
2026-01-06 11:10:39.305000+00:00,2026-01-06 11:10:40.125123+00:00,639.305,0.985,0.98,0.99,0.015,0.01,0.02,,,,
2026-01-06 11:10:40.757000+00:00,2026-01-06 11:10:41.143113+00:00,640.757,0.985,0.98,0.99,0.015,0.01,0.02,,,,
2026-01-06 11:10:41.866000+00:00,2026-01-06 11:10:42.145057+00:00,641.866,0.975,0.97,0.98,0.025,0.02,0.03,,,,
2026-01-06 11:10:42.638000+00:00,2026-01-06 11:10:43.164935+00:00,642.638,0.98,0.97,0.99,0.015,0.01,0.02,,,,
2026-01-06 11:10:43.836000+00:00,2026-01-06 11:10:44.177591+00:00,643.836,0.985,0.98,0.99,0.015,0.01,0.02,,,,
2026-01-06 11:10:44.630000+00:00,2026-01-06 11:10:45.182408+00:00,644.63,0.985,0.98,0.99,0.015,0.01,0.02,,,,
2026-01-06 11:10:45.841000+00:00,2026-01-06 11:10:46.190306+00:00,645.841,0.985,0.98,0.99,0.015,0.01,0.02,,,,
2026-01-06 11:10:46.922000+00:00,2026-01-06 11:10:47.204200+00:00,646.922,0.985,0.98,0.99,0.015,0.01,0.02,,,,
2026-01-06 11:10:47.882000+00:00,2026-01-06 11:10:48.201577+00:00,647.882,0.985,0.98,0.99,0.015,0.01,0.02,,,,
2026-01-06 11:10:48.889000+00:00,2026-01-06 11:10:49.202107+00:00,648.889,0.98,0.98,,0.015,0.01,0.02,,,,
2026-01-06 11:10:49.237000+00:00,2026-01-06 11:10:50.205762+00:00,649.237,0.985,0.98,0.99,0.015,0.01,0.02,,,,
2026-01-06 11:10:50.871000+00:00,2026-01-06 11:10:51.219760+00:00,650.871,0.985,0.98,0.99,0.015,0.01,0.02,,,,
2026-01-06 11:10:51.542000+00:00,2026-01-06 11:10:52.242912+00:00,651.542,0.985,0.98,0.99,0.015,0.01,0.02,,,,
2026-01-06 11:10:52.797000+00:00,2026-01-06 11:10:53.250828+00:00,652.797,0.985,0.98,0.99,0.015,0.01,0.02,,,,
2026-01-06 11:10:53.891000+00:00,2026-01-06 11:10:54.257060+00:00,653.891,0.985,0.98,0.99,0.015,0.01,0.02,,,,
2026-01-06 11:10:54.605000+00:00,2026-01-06 11:10:55.278264+00:00,654.605,0.985,0.98,0.99,0.015,0.01,0.02,,,,
2026-01-06 11:10:55.977000+00:00,2026-01-06 11:10:56.289160+00:00,655.977,0.985,0.98,0.99,0.015,0.01,0.02,,,,
2026-01-06 11:10:56.411000+00:00,2026-01-06 11:10:57.307424+00:00,656.411,0.985,0.98,0.99,0.015,0.01,0.02,,,,
2026-01-06 11:10:57.803000+00:00,2026-01-06 11:10:58.307721+00:00,657.803,0.985,0.98,0.99,0.015,0.01,0.02,,,,
2026-01-06 11:10:59.438000+00:00,2026-01-06 11:11:00.323875+00:00,659.438,0.975,0.97,0.98,0.025,0.02,0.03,,,,
2026-01-06 11:11:01.031000+00:00,2026-01-06 11:11:01.335989+00:00,661.031,0.975,0.97,0.98,0.025,0.02,0.03,,,,
2026-01-06 11:11:02.882000+00:00,2026-01-06 11:11:03.359405+00:00,662.882,0.975,0.97,0.98,0.025,0.02,0.03,,,,
2026-01-06 11:11:04.022000+00:00,2026-01-06 11:11:04.359051+00:00,664.022,0.975,0.97,0.98,0.025,0.02,0.03,,,,
2026-01-06 11:11:05.094000+00:00,2026-01-06 11:11:05.362925+00:00,665.094,0.975,0.97,0.98,0.025,0.02,0.03,,,,
2026-01-06 11:11:06.804000+00:00,2026-01-06 11:11:07.378295+00:00,666.804,0.975,0.97,0.98,0.025,0.02,0.03,,,,
2026-01-06 11:11:08.102000+00:00,2026-01-06 11:11:08.383193+00:00,668.102,0.97,0.96,0.98,0.03,0.02,0.04,,,,
2026-01-06 11:11:09.110000+00:00,2026-01-06 11:11:09.398588+00:00,669.11,0.985,0.98,0.99,0.015,0.01,0.02,,,,
2026-01-06 11:11:10.133000+00:00,2026-01-06 11:11:10.413313+00:00,670.133,0.99,0.99,,0.015,0.01,0.02,,,,
2026-01-06 11:11:11.151000+00:00,2026-01-06 11:11:11.424569+00:00,671.151,0.985,0.98,0.99,0.015,0.01,0.02,,,,
2026-01-06 11:11:12.011000+00:00,2026-01-06 11:11:12.431673+00:00,672.011,0.985,0.98,0.99,0.015,0.01,0.02,,,,
2026-01-06 11:11:13.158000+00:00,2026-01-06 11:11:13.441181+00:00,673.158,0.98,0.97,0.99,0.02,0.01,0.03,,,,
2026-01-06 11:11:14.154000+00:00,2026-01-06 11:11:14.449395+00:00,674.154,0.985,0.98,0.99,0.015,0.01,0.02,,,,
2026-01-06 11:11:15.172000+00:00,2026-01-06 11:11:15.458663+00:00,675.172,0.985,0.98,0.99,0.015,0.01,0.02,,,,
2026-01-06 11:11:16.201000+00:00,2026-01-06 11:11:16.475615+00:00,676.201,0.99,0.99,,0.01,,0.01,,,,
2026-01-06 11:11:17.188000+00:00,2026-01-06 11:11:17.464828+00:00,677.188,0.98,0.98,,0.02,,0.02,,,,
2026-01-06 11:11:18.926000+00:00,2026-01-06 11:11:19.480746+00:00,678.926,0.985,0.98,0.99,0.015,0.01,0.02,,,,
2026-01-06 11:11:20.160000+00:00,2026-01-06 11:11:20.491055+00:00,680.16,0.985,0.98,0.99,0.015,0.01,0.02,,,,
2026-01-06 11:11:21.858000+00:00,2026-01-06 11:11:22.525201+00:00,681.858,0.985,0.98,0.99,0.015,0.01,0.02,,,,
2026-01-06 11:11:23.974000+00:00,2026-01-06 11:11:24.533066+00:00,683.974,0.985,0.98,0.99,0.015,0.01,0.02,,,,
2026-01-06 11:11:25.226000+00:00,2026-01-06 11:11:25.546138+00:00,685.226,0.99,0.99,,0.01,,0.01,,,,
2026-01-06 11:11:26.272000+00:00,2026-01-06 11:11:26.562175+00:00,686.272,0.99,0.99,,0.01,,0.01,,,,
2026-01-06 11:11:27.035000+00:00,2026-01-06 11:11:27.568323+00:00,687.035,0.99,0.99,,0.01,,0.01,,,,
2026-01-06 11:11:28.285000+00:00,2026-01-06 11:11:28.574527+00:00,688.285,0.99,0.99,,0.01,,0.01,,,,
2026-01-06 11:11:29.638000+00:00,2026-01-06 11:11:30.574758+00:00,689.638,0.99,0.99,,0.01,,0.01,,,,
2026-01-06 11:11:30.703000+00:00,2026-01-06 11:11:31.565243+00:00,690.703,0.99,0.99,,0.01,,0.01,,,,
2026-01-06 11:11:32.284000+00:00,2026-01-06 11:11:32.576610+00:00,692.284,0.99,0.99,,0.01,,0.01,,,,
2026-01-06 11:11:33.019000+00:00,2026-01-06 11:11:33.594369+00:00,693.019,0.99,0.99,,0.01,,0.01,,,,
2026-01-06 11:11:34.292000+00:00,2026-01-06 11:11:34.612251+00:00,694.292,0.99,0.99,,0.01,,0.01,,,,
2026-01-06 11:11:35.223000+00:00,2026-01-06 11:11:35.612506+00:00,695.223,0.99,0.99,,0.01,,0.01,,,,
2026-01-06 11:11:36.273000+00:00,2026-01-06 11:11:37.627343+00:00,696.273,0.99,0.99,,0.01,,0.01,,,,
2026-01-06 11:11:37.953000+00:00,2026-01-06 11:11:38.641597+00:00,697.953,0.99,0.99,,0.01,,0.01,,,,
2026-01-06 11:11:39.094000+00:00,2026-01-06 11:11:40.662382+00:00,699.094,0.99,0.99,,0.01,,0.01,,,,
2026-01-06 11:11:40.970000+00:00,2026-01-06 11:11:41.677614+00:00,700.97,0.99,0.99,,0.01,,0.01,,,,
2026-01-06 11:11:42.495000+00:00,2026-01-06 11:11:44.688144+00:00,702.495,0.99,0.99,,0.01,,0.01,,,,
2026-01-06 11:11:44.925000+00:00,2026-01-06 11:11:45.688779+00:00,704.925,0.99,0.99,,0.01,,0.01,,,,
2026-01-06 11:11:45.812000+00:00,2026-01-06 11:11:46.697563+00:00,705.812,0.99,0.99,,0.01,,0.01,,,,
2026-01-06 11:11:46.809000+00:00,2026-01-06 11:11:47.705909+00:00,706.809,0.99,0.99,,0.01,,0.01,,,,
2026-01-06 11:11:48.442000+00:00,2026-01-06 11:11:48.720389+00:00,708.442,0.99,0.99,,0.01,,0.01,,,,
2026-01-06 11:11:49.930000+00:00,2026-01-06 11:11:50.758436+00:00,709.93,0.99,0.99,,0.01,,0.01,,,,
2026-01-06 11:11:51.831000+00:00,2026-01-06 11:11:52.770547+00:00,711.831,0.99,0.99,,0.01,,0.01,,,,
2026-01-06 11:11:53.166000+00:00,2026-01-06 11:11:55.775051+00:00,713.166,0.99,0.99,,0.01,,0.01,,,,
2026-01-06 11:11:56.430000+00:00,2026-01-06 11:11:57.790759+00:00,716.43,0.99,0.99,,0.01,,0.01,,,,
2026-01-06 11:11:58.869000+00:00,2026-01-06 11:11:59.825377+00:00,718.869,0.99,0.99,,0.01,,0.01,,,,
2026-01-06 11:11:59.983000+00:00,2026-01-06 11:12:00.826144+00:00,719.983,0.99,0.99,,0.01,,0.01,,,,
2026-01-06 11:12:01+00:00,2026-01-06 11:12:01.833044+00:00,721.0,0.99,0.99,,0.01,,0.01,,,,
2026-01-06 11:12:02.747000+00:00,2026-01-06 11:12:04.850372+00:00,722.747,0.99,0.99,,0.01,,0.01,,,,
2026-01-06 11:12:05.722000+00:00,2026-01-06 11:12:06.872353+00:00,725.722,0.99,0.99,,0.01,,0.01,,,,
2026-01-06 11:12:07.537000+00:00,2026-01-06 11:12:07.882662+00:00,727.537,0.99,0.99,,0.01,,0.01,,,,
2026-01-06 11:12:08.393000+00:00,2026-01-06 11:12:09.889683+00:00,728.393,0.99,0.99,,0.01,,0.01,,,,
2026-01-06 11:12:09.828000+00:00,2026-01-06 11:12:13.897523+00:00,729.828,0.99,0.99,,0.01,,0.01,,,,
2026-01-06 11:12:13.749000+00:00,2026-01-06 11:12:14.906918+00:00,733.749,0.99,0.99,,0.01,,0.01,,,,
2026-01-06 11:12:15.566000+00:00,2026-01-06 11:12:16.945594+00:00,735.566,0.99,0.99,,0.01,,0.01,,,,
2026-01-06 11:12:17.621000+00:00,2026-01-06 11:12:19.954145+00:00,737.621,0.99,0.99,,0.01,,0.01,,,,
2026-01-06 11:12:20.640000+00:00,2026-01-06 11:12:20.962203+00:00,740.64,0.99,0.99,,0.01,,0.01,,,,
2026-01-06 11:12:21.679000+00:00,2026-01-06 11:12:21.958416+00:00,741.679,0.99,0.99,,0.01,,0.01,,,,
2026-01-06 11:12:22.653000+00:00,2026-01-06 11:12:22.975676+00:00,742.653,0.99,0.99,,0.01,,0.01,,,,
2026-01-06 11:12:23.659000+00:00,2026-01-06 11:12:23.991099+00:00,743.659,0.99,0.99,,0.01,,0.01,,,,
2026-01-06 11:12:24.656000+00:00,2026-01-06 11:12:25.006111+00:00,744.656,0.99,0.99,,0.01,,0.01,,,,
2026-01-06 11:12:25.665000+00:00,2026-01-06 11:12:26.024435+00:00,745.665,0.99,0.99,,0.01,,0.01,,,,
2026-01-06 11:12:26.665000+00:00,2026-01-06 11:12:30.038896+00:00,746.665,0.99,0.99,,0.01,,0.01,,,,
2026-01-06 11:12:30.504000+00:00,2026-01-06 11:12:31.038878+00:00,750.504,0.99,0.99,,0.01,,0.01,,,,
2026-01-06 11:12:31.006000+00:00,2026-01-06 11:12:32.044763+00:00,751.006,0.99,0.99,,0.01,,0.01,,,,
2026-01-06 11:12:32.629000+00:00,2026-01-06 11:12:33.039550+00:00,752.629,0.99,0.99,,0.01,,0.01,,,,
2026-01-06 11:12:33.463000+00:00,2026-01-06 11:12:34.059516+00:00,753.463,0.99,0.99,,0.01,,0.01,,,,
2026-01-06 11:12:34.769000+00:00,2026-01-06 11:12:35.065583+00:00,754.769,0.99,0.99,,0.01,,0.01,,,,
2026-01-06 11:12:35.665000+00:00,2026-01-06 11:12:36.071713+00:00,755.665,0.99,0.99,,0.01,,0.01,,,,
2026-01-06 11:12:36.732000+00:00,2026-01-06 11:12:37.075571+00:00,756.732,0.99,0.99,,0.01,,0.01,,,,
2026-01-06 11:12:37.717000+00:00,2026-01-06 11:12:38.071993+00:00,757.717,0.99,0.99,,0.01,,0.01,,,,
2026-01-06 11:12:38.764000+00:00,2026-01-06 11:12:39.070061+00:00,758.764,0.99,0.99,,0.01,,0.01,,,,
2026-01-06 11:12:39.707000+00:00,2026-01-06 11:12:40.084349+00:00,759.707,0.99,0.99,,0.01,,0.01,,,,
2026-01-06 11:12:40.685000+00:00,2026-01-06 11:12:41.108093+00:00,760.685,0.99,0.99,,0.01,,0.01,,,,
2026-01-06 11:12:41.700000+00:00,2026-01-06 11:12:42.118693+00:00,761.7,0.99,0.99,,0.01,,0.01,,,,
2026-01-06 11:12:42.191000+00:00,2026-01-06 11:12:43.128073+00:00,762.191,0.99,0.99,,0.01,,0.01,,,,
2026-01-06 11:12:43.169000+00:00,2026-01-06 11:12:45.155360+00:00,763.169,0.99,0.99,,0.01,,0.01,,,,
2026-01-06 11:12:45.602000+00:00,2026-01-06 11:12:46.176508+00:00,765.602,0.99,0.99,,0.01,,0.01,,,,
2026-01-06 11:12:46.886000+00:00,2026-01-06 11:12:47.175460+00:00,766.886,0.99,0.99,,0.01,,0.01,,,,
2026-01-06 11:12:47.232000+00:00,2026-01-06 11:12:48.170794+00:00,767.232,0.99,0.99,,0.01,,0.01,,,,
2026-01-06 11:12:48.763000+00:00,2026-01-06 11:12:50.185254+00:00,768.763,0.99,0.99,,0.01,,0.01,,,,
2026-01-06 11:12:50.573000+00:00,2026-01-06 11:12:51.188111+00:00,770.573,0.99,0.99,,0.01,,0.01,,,,
2026-01-06 11:12:51.684000+00:00,2026-01-06 11:12:53.215080+00:00,771.684,0.99,0.99,,0.01,,0.01,,,,
2026-01-06 11:12:53.635000+00:00,2026-01-06 11:12:54.225176+00:00,773.635,0.99,0.99,,0.01,,0.01,,,,
2026-01-06 11:12:54.519000+00:00,2026-01-06 11:12:55.246782+00:00,774.519,0.99,0.99,,0.01,,0.01,,,,
2026-01-06 11:12:55.363000+00:00,2026-01-06 11:12:57.265029+00:00,775.363,0.99,0.99,,0.01,,0.01,,,,
2026-01-06 11:12:57.864000+00:00,2026-01-06 11:12:59.259120+00:00,777.864,0.99,0.99,,0.01,,0.01,,,,
2026-01-06 11:12:59.807000+00:00,2026-01-06 11:13:00.251262+00:00,779.807,0.99,0.99,,0.01,,0.01,,,,
2026-01-06 11:13:00.862000+00:00,2026-01-06 11:13:01.266450+00:00,780.862,0.99,0.99,,0.01,,0.01,,,,
2026-01-06 11:13:01.208000+00:00,2026-01-06 11:13:02.256771+00:00,781.208,0.99,0.99,,0.01,,0.01,,,,
2026-01-06 11:13:02.506000+00:00,2026-01-06 11:13:03.271177+00:00,782.506,0.99,0.99,,0.01,,0.01,,,,
2026-01-06 11:13:03.960000+00:00,2026-01-06 11:13:04.282518+00:00,783.96,0.99,0.99,,0.01,,0.01,,,,
2026-01-06 11:13:04.337000+00:00,2026-01-06 11:13:05.298897+00:00,784.337,0.99,0.99,,0.01,,0.01,,,,
2026-01-06 11:13:05.575000+00:00,2026-01-06 11:13:06.312511+00:00,785.575,0.99,0.99,,0.01,,0.01,,,,
2026-01-06 11:13:06.136000+00:00,2026-01-06 11:13:07.319340+00:00,786.136,0.99,0.99,,0.01,,0.01,,,,
2026-01-06 11:13:07.516000+00:00,2026-01-06 11:13:09.329803+00:00,787.516,0.99,0.99,,0.01,,0.01,,,,
2026-01-06 11:13:09.766000+00:00,2026-01-06 11:13:10.337997+00:00,789.766,0.99,0.99,,0.01,,0.01,,,,
2026-01-06 11:13:11.149000+00:00,2026-01-06 11:13:12.355899+00:00,791.149,0.99,0.99,,0.01,,0.01,,,,
2026-01-06 11:13:13.939000+00:00,2026-01-06 11:13:16.404967+00:00,793.939,0.99,0.99,,0.01,,0.01,,,,
2026-01-06 11:13:16.225000+00:00,2026-01-06 11:13:17.406430+00:00,796.225,0.99,0.99,,0.01,,0.01,,,,
2026-01-06 11:13:17.471000+00:00,2026-01-06 11:13:18.420011+00:00,797.471,0.99,0.99,,0.01,,0.01,,,,
2026-01-06 11:13:19.064000+00:00,2026-01-06 11:13:19.433146+00:00,799.064,0.99,0.99,,0.01,,0.01,,,,
2026-01-06 11:13:20.163000+00:00,2026-01-06 11:13:22.476328+00:00,800.163,0.99,0.99,,0.01,,0.01,,,,
2026-01-06 11:13:22.763000+00:00,2026-01-06 11:13:23.487948+00:00,802.763,0.99,0.99,,0.01,,0.01,,,,
2026-01-06 11:13:24.016000+00:00,2026-01-06 11:13:24.502149+00:00,804.016,0.99,0.99,,0.01,,0.01,,,,
2026-01-06 11:13:25.473000+00:00,2026-01-06 11:13:27.516391+00:00,805.473,0.99,0.99,,0.01,,0.01,,,,
2026-01-06 11:13:27.635000+00:00,2026-01-06 11:13:30.532413+00:00,807.635,0.99,0.99,,0.01,,0.01,,,,
2026-01-06 11:13:31.952000+00:00,2026-01-06 11:13:34.558181+00:00,811.952,0.99,0.99,,0.01,,0.01,,,,
2026-01-06 11:13:35.264000+00:00,2026-01-06 11:13:36.569503+00:00,815.264,0.99,0.99,,0.01,,0.01,,,,
2026-01-06 11:13:37.042000+00:00,2026-01-06 11:13:39.602220+00:00,817.042,0.99,0.99,,0.01,,0.01,,,,
2026-01-06 11:13:39.462000+00:00,2026-01-06 11:13:40.604725+00:00,819.462,0.99,0.99,,0.01,,0.01,,,,
2026-01-06 11:13:41.155000+00:00,2026-01-06 11:13:41.620585+00:00,821.155,0.99,0.99,,0.01,,0.01,,,,
2026-01-06 11:13:42.337000+00:00,2026-01-06 11:13:42.636705+00:00,822.337,0.99,0.99,,0.01,,0.01,,,,
2026-01-06 11:13:43.266000+00:00,2026-01-06 11:13:43.634594+00:00,823.266,0.99,0.99,,0.01,,0.01,,,,
2026-01-06 11:13:44.282000+00:00,2026-01-06 11:13:44.634572+00:00,824.282,0.99,0.99,,0.01,,0.01,,,,
2026-01-06 11:13:45.774000+00:00,2026-01-06 11:13:46.667564+00:00,825.774,0.99,0.99,,0.01,,0.01,,,,
2026-01-06 11:13:47.238000+00:00,2026-01-06 11:13:47.671644+00:00,827.238,0.99,0.99,,0.01,,0.01,,,,
2026-01-06 11:13:48.280000+00:00,2026-01-06 11:13:48.669515+00:00,828.28,0.99,0.99,,0.01,,0.01,,,,
2026-01-06 11:13:49.784000+00:00,2026-01-06 11:13:50.684979+00:00,829.784,0.99,0.99,,0.01,,0.01,,,,
2026-01-06 11:13:51.270000+00:00,2026-01-06 11:13:53.710592+00:00,831.27,0.99,0.99,,0.01,,0.01,,,,
2026-01-06 11:13:53.457000+00:00,2026-01-06 11:13:54.709037+00:00,833.457,0.99,0.99,,0.01,,0.01,,,,
2026-01-06 11:13:55.982000+00:00,2026-01-06 11:13:57.733609+00:00,835.982,0.99,0.99,,0.01,,0.01,,,,
2026-01-06 11:13:58.416000+00:00,2026-01-06 11:13:59.734264+00:00,838.416,0.99,0.99,,0.01,,0.01,,,,
2026-01-06 11:14:00.545000+00:00,2026-01-06 11:14:00.966333+00:00,840.545,0.99,0.99,,0.01,,0.01,,,,
2026-01-06 11:14:01.438000+00:00,2026-01-06 11:14:02.768986+00:00,841.438,0.99,0.99,,0.01,,0.01,,,,
2026-01-06 11:14:03.471000+00:00,2026-01-06 11:14:05.803112+00:00,843.471,0.99,0.99,,0.01,,0.01,,,,
2026-01-06 11:14:06.590000+00:00,2026-01-06 11:14:08.817661+00:00,846.59,0.99,0.99,,0.01,,0.01,,,,
2026-01-06 11:14:08.702000+00:00,2026-01-06 11:14:09.829937+00:00,848.702,0.99,0.99,,0.01,,0.01,,,,
2026-01-06 11:14:09.762000+00:00,2026-01-06 11:14:11.837486+00:00,849.762,0.99,0.99,,0.01,,0.01,,,,
2026-01-06 11:14:12.824000+00:00,2026-01-06 11:14:13.840448+00:00,852.824,0.99,0.99,,0.01,,0.01,,,,
2026-01-06 11:14:13.788000+00:00,2026-01-06 11:14:16.867350+00:00,853.788,0.99,0.99,,0.01,,0.01,,,,
2026-01-06 11:14:17.126000+00:00,2026-01-06 11:14:17.889252+00:00,857.126,0.99,0.99,,0.01,,0.01,,,,
2026-01-06 11:14:18.003000+00:00,2026-01-06 11:14:23.908385+00:00,858.003,0.99,0.99,,0.01,,0.01,,,,
2026-01-06 11:14:24.372000+00:00,2026-01-06 11:14:24.920239+00:00,864.372,0.99,0.99,,0.01,,0.01,,,,
2026-01-06 11:14:25.269000+00:00,2026-01-06 11:14:26.917054+00:00,865.269,0.99,0.99,,0.01,,0.01,,,,
2026-01-06 11:14:27.303000+00:00,2026-01-06 11:14:27.924062+00:00,867.303,0.99,0.99,,0.01,,0.01,,,,
2026-01-06 11:14:28.674000+00:00,2026-01-06 11:14:29.950786+00:00,868.674,0.99,0.99,,0.01,,0.01,,,,
2026-01-06 11:14:30.084000+00:00,2026-01-06 11:14:30.963920+00:00,870.084,0.99,0.99,,0.01,,0.01,,,,
2026-01-06 11:14:31.437000+00:00,2026-01-06 11:14:31.960078+00:00,871.437,0.99,0.99,,0.01,,0.01,,,,
2026-01-06 11:14:32.846000+00:00,2026-01-06 11:14:38.034162+00:00,872.846,0.99,0.99,,0.01,,0.01,,,,
2026-01-06 11:14:38.540000+00:00,2026-01-06 11:14:39.039352+00:00,878.54,0.99,0.99,,0.01,,0.01,,,,
2026-01-06 11:14:39.780000+00:00,2026-01-06 11:14:41.050702+00:00,879.78,0.99,0.99,,0.01,,0.01,,,,
2026-01-06 11:14:41.763000+00:00,2026-01-06 11:14:43.055135+00:00,881.763,0.99,0.99,,0.01,,0.01,,,,
2026-01-06 11:14:42.873000+00:00,2026-01-06 11:14:45.071282+00:00,882.873,0.99,0.99,,0.01,,0.01,,,,
2026-01-06 11:14:45.746000+00:00,2026-01-06 11:14:46.087455+00:00,885.746,0.99,0.99,,0.01,,0.01,,,,
2026-01-06 11:14:46.631000+00:00,2026-01-06 11:14:47.099099+00:00,886.631,0.99,0.99,,0.01,,0.01,,,,
2026-01-06 11:14:47.791000+00:00,2026-01-06 11:14:50.117660+00:00,887.791,0.99,0.99,,0.01,,0.01,,,,
2026-01-06 11:14:50.471000+00:00,2026-01-06 11:14:51.115989+00:00,890.471,0.99,0.99,,0.01,,0.01,,,,
2026-01-06 11:14:51.666000+00:00,2026-01-06 11:14:52.127852+00:00,891.666,0.99,0.99,,0.01,,0.01,,,,
2026-01-06 11:14:52.693000+00:00,2026-01-06 11:14:53.135836+00:00,892.693,0.99,0.99,,0.01,,0.01,,,,
2026-01-06 11:14:53.802000+00:00,2026-01-06 11:14:54.133965+00:00,893.802,0.99,0.99,,0.01,,0.01,,,,
2026-01-06 11:14:54.785000+00:00,2026-01-06 11:14:55.142760+00:00,894.785,0.99,0.99,,0.01,,0.01,,,,
2026-01-06 11:14:55.081000+00:00,2026-01-06 11:14:56.152202+00:00,895.081,0.99,0.99,,0.01,,0.01,,,,
2026-01-06 11:14:56.231000+00:00,2026-01-06 11:14:57.150023+00:00,896.231,0.99,0.99,,0.01,,0.01,,,,
2026-01-06 11:14:57.224000+00:00,2026-01-06 11:14:58.150424+00:00,897.224,0.99,0.99,,0.01,,0.01,,,,
2026-01-06 11:14:58.657000+00:00,2026-01-06 11:14:59.154255+00:00,898.657,0.99,0.99,,0.01,,0.01,,,,
2026-01-06 11:14:59.702000+00:00,2026-01-06 11:15:00.171878+00:00,899.702,0.41,0.4,0.42,0.59,0.58,0.6,,,,
