timestamp,seconds,mid,bid,ask,asset
2026-01-07 11:15:00+00:00,0.0,3220.79,3220.64,3220.83,ETH
2026-01-07 11:15:01+00:00,1.0,3220.7,3220.64,3220.89,ETH
2026-01-07 11:15:02+00:00,2.0,3220.73,3220.64,3220.95,ETH
2026-01-07 11:15:03+00:00,3.0,3220.74,3220.66,3220.88,ETH
2026-01-07 11:15:04+00:00,4.0,3220.74,3220.66,3220.88,ETH
2026-01-07 11:15:05+00:00,5.0,3220.75,3220.66,3220.81,ETH
2026-01-07 11:15:06+00:00,6.0,3220.74,3220.65,3220.83,ETH
2026-01-07 11:15:07+00:00,7.0,3220.68,3220.64,3220.73,ETH
2026-01-07 11:15:08+00:00,8.0,3220.66,3220.37,3220.67,ETH
2026-01-07 11:15:09+00:00,9.0,3220.63,3220.56,3220.66,ETH
2026-01-07 11:15:10+00:00,10.0,3220.58,3220.56,3220.68,ETH
2026-01-07 11:15:11+00:00,11.0,3220.64,3220.58,3220.92,ETH
2026-01-07 11:15:12+00:00,12.0,3220.86,3220.74,3220.91,ETH
2026-01-07 11:15:13+00:00,13.0,3221.12,3220.91,3221.27,ETH
2026-01-07 11:15:14+00:00,14.0,3221.14,3221.08,3221.16,ETH
2026-01-07 11:15:15+00:00,15.0,3221.16,3221.07,3221.17,ETH
2026-01-07 11:15:16+00:00,16.0,3221.18,3221.05,3221.19,ETH
2026-01-07 11:15:17+00:00,17.0,3221.18,3220.99,3221.19,ETH
2026-01-07 11:15:18+00:00,18.0,3221.18,3221.07,3221.19,ETH
2026-01-07 11:15:19+00:00,19.0,3221.28,3221.15,3221.28,ETH
2026-01-07 11:15:20+00:00,20.0,3221.35,3221.21,3221.36,ETH
2026-01-07 11:15:21+00:00,21.0,3221.47,3221.27,3221.48,ETH
2026-01-07 11:15:22+00:00,22.0,3221.47,3221.3,3221.48,ETH
2026-01-07 11:15:23+00:00,23.0,3221.48,3221.26,3221.49,ETH
2026-01-07 11:15:24+00:00,24.0,3221.48,3221.23,3221.49,ETH
2026-01-07 11:15:25+00:00,25.0,3221.48,3221.24,3221.49,ETH
2026-01-07 11:15:26+00:00,26.0,3221.48,3221.21,3221.5,ETH
2026-01-07 11:15:27+00:00,27.0,3221.48,3221.23,3221.5,ETH
2026-01-07 11:15:28+00:00,28.0,3221.43,3221.18,3221.5,ETH
2026-01-07 11:15:29+00:00,29.0,3221.48,3221.23,3221.5,ETH
2026-01-07 11:15:30+00:00,30.0,3221.48,3221.24,3221.5,ETH
2026-01-07 11:15:31+00:00,31.0,3221.46,3221.23,3221.47,ETH
2026-01-07 11:15:32+00:00,32.0,3221.46,3221.14,3221.47,ETH
2026-01-07 11:15:33+00:00,33.0,3221.29,3221.04,3221.4,ETH
2026-01-07 11:15:34+00:00,34.0,3221.23,3221.08,3221.25,ETH
2026-01-07 11:15:35+00:00,35.0,3221.24,3221.12,3221.25,ETH
2026-01-07 11:15:36+00:00,36.0,3221.3,3221.12,3221.32,ETH
2026-01-07 11:15:37+00:00,37.0,3221.3,3221.13,3221.32,ETH
2026-01-07 11:15:38+00:00,38.0,3221.28,3221.26,3221.29,ETH
2026-01-07 11:15:39+00:00,39.0,3221.31,3221.21,3221.32,ETH
2026-01-07 11:15:40+00:00,40.0,3221.49,3221.26,3221.51,ETH
2026-01-07 11:15:41+00:00,41.0,3221.49,3221.24,3221.51,ETH
2026-01-07 11:15:42+00:00,42.0,3221.5,3221.22,3221.51,ETH
2026-01-07 11:15:43+00:00,43.0,3221.49,3221.18,3221.5,ETH
2026-01-07 11:15:44+00:00,44.0,3221.34,3221.18,3221.47,ETH
2026-01-07 11:15:45+00:00,45.0,3221.31,3221.13,3221.44,ETH
2026-01-07 11:15:46+00:00,46.0,3221.31,3221.16,3221.4,ETH
2026-01-07 11:15:47+00:00,47.0,3221.29,3221.21,3221.41,ETH
2026-01-07 11:15:48+00:00,48.0,3221.36,3221.15,3221.41,ETH
2026-01-07 11:15:49+00:00,49.0,3221.36,3221.15,3221.41,ETH
2026-01-07 11:15:50+00:00,50.0,3221.4,3221.19,3221.41,ETH
2026-01-07 11:15:51+00:00,51.0,3221.41,3221.19,3221.42,ETH
2026-01-07 11:15:52+00:00,52.0,3221.4,3221.18,3221.41,ETH
2026-01-07 11:15:53+00:00,53.0,3221.4,3221.17,3221.41,ETH
2026-01-07 11:15:54+00:00,54.0,3221.38,3221.14,3221.41,ETH
2026-01-07 11:15:55+00:00,55.0,3221.38,3221.12,3221.41,ETH
2026-01-07 11:15:56+00:00,56.0,3221.4,3221.15,3221.41,ETH
2026-01-07 11:15:57+00:00,57.0,3221.41,3221.18,3221.42,ETH
2026-01-07 11:15:58+00:00,58.0,3221.42,3221.16,3221.44,ETH
2026-01-07 11:15:59+00:00,59.0,3221.35,3221.01,3221.42,ETH
2026-01-07 11:16:00+00:00,60.0,3221.28,3220.88,3221.37,ETH
2026-01-07 11:16:01+00:00,61.0,3221.23,3220.89,3221.31,ETH
2026-01-07 11:16:02+00:00,62.0,3221.28,3221.1,3221.33,ETH
2026-01-07 11:16:03+00:00,63.0,3221.42,3221.35,3221.44,ETH
2026-01-07 11:16:04+00:00,64.0,3221.5,3221.39,3221.54,ETH
2026-01-07 11:16:06+00:00,66.0,3221.54,3221.38,3221.58,ETH
2026-01-07 11:16:07+00:00,67.0,3221.8,3221.7,3221.88,ETH
2026-01-07 11:16:08+00:00,68.0,3221.85,3221.8,3221.89,ETH
2026-01-07 11:16:09+00:00,69.0,3222.08,3221.83,3222.09,ETH
2026-01-07 11:16:10+00:00,70.0,3222.16,3221.85,3222.2,ETH
2026-01-07 11:16:11+00:00,71.0,3222.17,3221.85,3222.21,ETH
2026-01-07 11:16:12+00:00,72.0,3222.17,3221.99,3222.21,ETH
2026-01-07 11:16:13+00:00,73.0,3222.11,3221.93,3222.13,ETH
2026-01-07 11:16:14+00:00,74.0,3222.11,3221.91,3222.11,ETH
2026-01-07 11:16:15+00:00,75.0,3222.1,3221.92,3222.11,ETH
2026-01-07 11:16:16+00:00,76.0,3222.11,3221.92,3222.12,ETH
2026-01-07 11:16:17+00:00,77.0,3222.11,3221.93,3222.12,ETH
2026-01-07 11:16:18+00:00,78.0,3221.99,3221.85,3222.02,ETH
2026-01-07 11:16:19+00:00,79.0,3221.89,3221.81,3221.92,ETH
2026-01-07 11:16:20+00:00,80.0,3221.86,3221.73,3221.87,ETH
2026-01-07 11:16:21+00:00,81.0,3221.85,3221.7,3221.86,ETH
2026-01-07 11:16:22+00:00,82.0,3221.77,3221.64,3221.78,ETH
2026-01-07 11:16:23+00:00,83.0,3221.68,3221.59,3221.71,ETH
2026-01-07 11:16:24+00:00,84.0,3221.66,3221.57,3221.7,ETH
2026-01-07 11:16:25+00:00,85.0,3221.65,3221.53,3221.68,ETH
2026-01-07 11:16:26+00:00,86.0,3221.64,3221.48,3221.66,ETH
2026-01-07 11:16:27+00:00,87.0,3221.63,3221.44,3221.65,ETH
2026-01-07 11:16:28+00:00,88.0,3221.63,3221.41,3221.64,ETH
2026-01-07 11:16:29+00:00,89.0,3221.57,3221.42,3221.6,ETH
2026-01-07 11:16:30+00:00,90.0,3221.54,3221.45,3221.56,ETH
2026-01-07 11:16:31+00:00,91.0,3221.53,3221.42,3221.56,ETH
2026-01-07 11:16:32+00:00,92.0,3221.52,3221.39,3221.57,ETH
2026-01-07 11:16:33+00:00,93.0,3221.52,3221.36,3221.57,ETH
2026-01-07 11:16:34+00:00,94.0,3221.52,3221.34,3221.57,ETH
2026-01-07 11:16:35+00:00,95.0,3221.51,3221.33,3221.56,ETH
2026-01-07 11:16:36+00:00,96.0,3221.5,3221.33,3221.55,ETH
2026-01-07 11:16:37+00:00,97.0,3221.51,3221.33,3221.54,ETH
2026-01-07 11:16:38+00:00,98.0,3221.51,3221.33,3221.54,ETH
2026-01-07 11:16:39+00:00,99.0,3221.52,3221.33,3221.54,ETH
2026-01-07 11:16:40+00:00,100.0,3221.52,3221.33,3221.54,ETH
2026-01-07 11:16:41+00:00,101.0,3221.44,3221.33,3221.45,ETH
2026-01-07 11:16:42+00:00,102.0,3221.36,3221.3,3221.37,ETH
2026-01-07 11:16:43+00:00,103.0,3221.34,3221.26,3221.35,ETH
2026-01-07 11:16:44+00:00,104.0,3221.29,3221.22,3221.34,ETH
2026-01-07 11:16:45+00:00,105.0,3221.26,3221.05,3221.3,ETH
2026-01-07 11:16:46+00:00,106.0,3221.1,3220.92,3221.19,ETH
2026-01-07 11:16:47+00:00,107.0,3220.96,3220.93,3221.1,ETH
2026-01-07 11:16:48+00:00,108.0,3220.96,3220.93,3221.1,ETH
2026-01-07 11:16:49+00:00,109.0,3220.99,3220.93,3221.1,ETH
2026-01-07 11:16:50+00:00,110.0,3220.98,3220.9,3221.03,ETH
2026-01-07 11:16:51+00:00,111.0,3220.94,3220.9,3221.02,ETH
2026-01-07 11:16:52+00:00,112.0,3220.94,3220.91,3221.09,ETH
2026-01-07 11:16:53+00:00,113.0,3220.94,3220.91,3221.1,ETH
2026-01-07 11:16:54+00:00,114.0,3220.94,3220.89,3221.04,ETH
2026-01-07 11:16:55+00:00,115.0,3220.93,3220.87,3220.97,ETH
2026-01-07 11:16:56+00:00,116.0,3220.93,3220.86,3221.03,ETH
2026-01-07 11:16:57+00:00,117.0,3220.94,3220.85,3221.08,ETH
2026-01-07 11:16:58+00:00,118.0,3220.94,3220.85,3221.07,ETH
2026-01-07 11:16:59+00:00,119.0,3220.94,3220.85,3221.07,ETH
2026-01-07 11:17:00+00:00,120.0,3220.85,3220.72,3220.94,ETH
2026-01-07 11:17:01+00:00,121.0,3220.87,3220.59,3220.98,ETH
2026-01-07 11:17:02+00:00,122.0,3220.99,3220.58,3221.12,ETH
2026-01-07 11:17:03+00:00,123.0,3220.9,3220.58,3221.0,ETH
2026-01-07 11:17:04+00:00,124.0,3220.8,3220.57,3220.99,ETH
2026-01-07 11:17:05+00:00,125.0,3220.69,3220.52,3220.85,ETH
2026-01-07 11:17:06+00:00,126.0,3220.7,3220.57,3220.78,ETH
2026-01-07 11:17:07+00:00,127.0,3220.85,3220.72,3220.93,ETH
2026-01-07 11:17:08+00:00,128.0,3220.89,3220.77,3220.94,ETH
2026-01-07 11:17:09+00:00,129.0,3220.96,3220.79,3221.01,ETH
2026-01-07 11:17:10+00:00,130.0,3221.04,3220.82,3221.08,ETH
2026-01-07 11:17:11+00:00,131.0,3220.99,3220.82,3221.02,ETH
2026-01-07 11:17:12+00:00,132.0,3220.84,3220.75,3220.86,ETH
2026-01-07 11:17:13+00:00,133.0,3220.75,3220.7,3220.79,ETH
2026-01-07 11:17:14+00:00,134.0,3220.77,3220.7,3220.81,ETH
2026-01-07 11:17:15+00:00,135.0,3220.75,3220.7,3220.8,ETH
2026-01-07 11:17:16+00:00,136.0,3220.74,3220.69,3220.78,ETH
2026-01-07 11:17:17+00:00,137.0,3220.8,3220.69,3220.86,ETH
2026-01-07 11:17:18+00:00,138.0,3220.91,3220.72,3220.97,ETH
2026-01-07 11:17:19+00:00,139.0,3220.96,3220.78,3220.99,ETH
2026-01-07 11:17:20+00:00,140.0,3221.04,3220.86,3221.08,ETH
2026-01-07 11:17:21+00:00,141.0,3221.11,3220.91,3221.15,ETH
2026-01-07 11:17:22+00:00,142.0,3221.1,3220.91,3221.14,ETH
2026-01-07 11:17:23+00:00,143.0,3221.1,3220.91,3221.14,ETH
2026-01-07 11:17:24+00:00,144.0,3221.09,3220.91,3221.12,ETH
2026-01-07 11:17:25+00:00,145.0,3221.04,3220.87,3221.06,ETH
2026-01-07 11:17:26+00:00,146.0,3221.01,3220.83,3221.02,ETH
2026-01-07 11:17:27+00:00,147.0,3221.01,3220.84,3221.02,ETH
2026-01-07 11:17:28+00:00,148.0,3221.01,3220.83,3221.02,ETH
2026-01-07 11:17:29+00:00,149.0,3221.01,3220.83,3221.02,ETH
2026-01-07 11:17:30+00:00,150.0,3221.01,3220.83,3221.02,ETH
2026-01-07 11:17:31+00:00,151.0,3221.01,3220.85,3221.02,ETH
2026-01-07 11:17:32+00:00,152.0,3221.0,3220.85,3221.01,ETH
2026-01-07 11:17:33+00:00,153.0,3221.0,3220.84,3221.01,ETH
2026-01-07 11:17:34+00:00,154.0,3221.0,3220.84,3221.01,ETH
2026-01-07 11:17:35+00:00,155.0,3221.0,3220.82,3221.01,ETH
2026-01-07 11:17:36+00:00,156.0,3220.92,3220.79,3220.93,ETH
2026-01-07 11:17:37+00:00,157.0,3220.92,3220.8,3220.94,ETH
2026-01-07 11:17:38+00:00,158.0,3220.93,3220.81,3220.93,ETH
2026-01-07 11:17:39+00:00,159.0,3220.93,3220.82,3220.94,ETH
2026-01-07 11:17:40+00:00,160.0,3220.93,3220.82,3220.94,ETH
2026-01-07 11:17:41+00:00,161.0,3220.94,3220.83,3221.0,ETH
2026-01-07 11:17:42+00:00,162.0,3220.93,3220.8,3220.97,ETH
2026-01-07 11:17:43+00:00,163.0,3220.92,3220.77,3220.93,ETH
2026-01-07 11:17:44+00:00,164.0,3220.92,3220.81,3220.97,ETH
2026-01-07 11:17:45+00:00,165.0,3220.92,3220.81,3220.96,ETH
2026-01-07 11:17:46+00:00,166.0,3220.92,3220.81,3220.93,ETH
2026-01-07 11:17:47+00:00,167.0,3220.92,3220.82,3220.93,ETH
2026-01-07 11:17:48+00:00,168.0,3220.9,3220.8,3220.91,ETH
2026-01-07 11:17:49+00:00,169.0,3220.89,3220.78,3220.9,ETH
2026-01-07 11:17:50+00:00,170.0,3220.89,3220.74,3220.89,ETH
2026-01-07 11:17:51+00:00,171.0,3220.91,3220.79,3220.91,ETH
2026-01-07 11:17:52+00:00,172.0,3220.93,3220.84,3220.93,ETH
2026-01-07 11:17:53+00:00,173.0,3220.93,3220.87,3220.93,ETH
2026-01-07 11:17:54+00:00,174.0,3220.92,3220.82,3220.93,ETH
2026-01-07 11:17:56+00:00,176.0,3220.99,3220.86,3221.0,ETH
2026-01-07 11:17:57+00:00,177.0,3220.99,3220.93,3221.0,ETH
2026-01-07 11:17:58+00:00,178.0,3221.72,3221.58,3221.73,ETH
2026-01-07 11:17:59+00:00,179.0,3221.8,3221.71,3221.81,ETH
2026-01-07 11:18:00+00:00,180.0,3221.81,3221.77,3221.83,ETH
2026-01-07 11:18:01+00:00,181.0,3221.95,3221.83,3221.98,ETH
2026-01-07 11:18:02+00:00,182.0,3221.95,3221.85,3221.98,ETH
2026-01-07 11:18:03+00:00,183.0,3222.06,3221.85,3222.07,ETH
2026-01-07 11:18:04+00:00,184.0,3222.06,3221.83,3222.07,ETH
2026-01-07 11:18:05+00:00,185.0,3222.07,3221.9,3222.1,ETH
2026-01-07 11:18:06+00:00,186.0,3222.07,3221.97,3222.11,ETH
2026-01-07 11:18:07+00:00,187.0,3222.18,3222.03,3222.18,ETH
2026-01-07 11:18:08+00:00,188.0,3222.18,3222.15,3222.19,ETH
2026-01-07 11:18:09+00:00,189.0,3222.5,3222.33,3222.54,ETH
2026-01-07 11:18:10+00:00,190.0,3222.57,3222.52,3222.74,ETH
2026-01-07 11:18:11+00:00,191.0,3222.84,3222.64,3222.85,ETH
2026-01-07 11:18:12+00:00,192.0,3222.92,3222.67,3222.93,ETH
2026-01-07 11:18:13+00:00,193.0,3222.92,3222.67,3222.93,ETH
2026-01-07 11:18:14+00:00,194.0,3222.92,3222.7,3222.93,ETH
2026-01-07 11:18:15+00:00,195.0,3222.92,3222.72,3222.93,ETH
2026-01-07 11:18:16+00:00,196.0,3222.92,3222.72,3222.93,ETH
2026-01-07 11:18:17+00:00,197.0,3222.92,3222.76,3222.93,ETH
2026-01-07 11:18:18+00:00,198.0,3222.93,3222.83,3222.96,ETH
2026-01-07 11:18:19+00:00,199.0,3222.93,3222.77,3222.94,ETH
2026-01-07 11:18:20+00:00,200.0,3222.93,3222.75,3222.94,ETH
2026-01-07 11:18:21+00:00,201.0,3222.94,3222.75,3222.94,ETH
2026-01-07 11:18:22+00:00,202.0,3222.94,3222.77,3222.94,ETH
2026-01-07 11:18:23+00:00,203.0,3222.94,3222.77,3222.94,ETH
2026-01-07 11:18:24+00:00,204.0,3222.98,3222.82,3222.99,ETH
2026-01-07 11:18:25+00:00,205.0,3222.98,3222.83,3222.99,ETH
2026-01-07 11:18:26+00:00,206.0,3222.98,3222.86,3222.99,ETH
2026-01-07 11:18:27+00:00,207.0,3222.96,3222.86,3222.97,ETH
2026-01-07 11:18:28+00:00,208.0,3222.93,3222.84,3222.94,ETH
2026-01-07 11:18:29+00:00,209.0,3222.91,3222.83,3222.92,ETH
2026-01-07 11:18:30+00:00,210.0,3222.91,3222.78,3222.92,ETH
2026-01-07 11:18:31+00:00,211.0,3222.92,3222.83,3222.92,ETH
2026-01-07 11:18:32+00:00,212.0,3222.92,3222.8,3222.92,ETH
2026-01-07 11:18:33+00:00,213.0,3222.92,3222.84,3222.92,ETH
2026-01-07 11:18:34+00:00,214.0,3222.91,3222.86,3222.92,ETH
2026-01-07 11:18:35+00:00,215.0,3222.94,3222.86,3222.95,ETH
2026-01-07 11:18:36+00:00,216.0,3222.94,3222.86,3222.95,ETH
2026-01-07 11:18:37+00:00,217.0,3222.94,3222.86,3222.94,ETH
2026-01-07 11:18:38+00:00,218.0,3223.09,3222.99,3223.09,ETH
2026-01-07 11:18:39+00:00,219.0,3223.13,3223.07,3223.14,ETH
2026-01-07 11:18:40+00:00,220.0,3223.13,3223.07,3223.14,ETH
2026-01-07 11:18:41+00:00,221.0,3223.14,3223.08,3223.15,ETH
2026-01-07 11:18:42+00:00,222.0,3223.15,3223.08,3223.16,ETH
2026-01-07 11:18:43+00:00,223.0,3223.16,3223.09,3223.19,ETH
2026-01-07 11:18:44+00:00,224.0,3223.16,3223.09,3223.19,ETH
2026-01-07 11:18:45+00:00,225.0,3223.17,3223.09,3223.18,ETH
2026-01-07 11:18:46+00:00,226.0,3223.17,3223.09,3223.18,ETH
2026-01-07 11:18:47+00:00,227.0,3223.17,3223.09,3223.18,ETH
2026-01-07 11:18:48+00:00,228.0,3223.17,3223.09,3223.18,ETH
2026-01-07 11:18:50+00:00,230.0,3223.17,3223.09,3223.18,ETH
2026-01-07 11:18:51+00:00,231.0,3223.3,3223.17,3223.35,ETH
2026-01-07 11:18:52+00:00,232.0,3223.25,3223.15,3223.25,ETH
2026-01-07 11:18:53+00:00,233.0,3223.24,3223.14,3223.24,ETH
2026-01-07 11:18:54+00:00,234.0,3223.24,3223.16,3223.25,ETH
2026-01-07 11:18:55+00:00,235.0,3223.27,3223.19,3223.28,ETH
2026-01-07 11:18:56+00:00,236.0,3223.27,3223.22,3223.3,ETH
2026-01-07 11:18:57+00:00,237.0,3223.32,3223.23,3223.32,ETH
2026-01-07 11:18:58+00:00,238.0,3223.32,3223.23,3223.32,ETH
2026-01-07 11:18:59+00:00,239.0,3223.33,3223.26,3223.34,ETH
2026-01-07 11:19:00+00:00,240.0,3223.35,3223.28,3223.36,ETH
2026-01-07 11:19:01+00:00,241.0,3223.37,3223.28,3223.38,ETH
2026-01-07 11:19:02+00:00,242.0,3222.84,3222.61,3222.85,ETH
2026-01-07 11:19:03+00:00,243.0,3222.08,3222.07,3222.1,ETH
2026-01-07 11:19:04+00:00,244.0,3221.62,3221.47,3221.71,ETH
2026-01-07 11:19:05+00:00,245.0,3221.62,3221.61,3221.71,ETH
2026-01-07 11:19:06+00:00,246.0,3222.22,3221.93,3222.27,ETH
2026-01-07 11:19:07+00:00,247.0,3222.23,3222.16,3222.29,ETH
2026-01-07 11:19:08+00:00,248.0,3222.69,3222.67,3223.35,ETH
2026-01-07 11:19:09+00:00,249.0,3223.01,3222.81,3223.3,ETH
2026-01-07 11:19:10+00:00,250.0,3223.03,3222.74,3223.21,ETH
2026-01-07 11:19:11+00:00,251.0,3222.89,3222.69,3223.14,ETH
2026-01-07 11:19:12+00:00,252.0,3222.1,3222.06,3222.15,ETH
2026-01-07 11:19:13+00:00,253.0,3222.12,3221.95,3222.18,ETH
2026-01-07 11:19:14+00:00,254.0,3222.1,3221.95,3222.14,ETH
2026-01-07 11:19:15+00:00,255.0,3222.09,3221.95,3222.13,ETH
2026-01-07 11:19:16+00:00,256.0,3222.1,3221.95,3222.15,ETH
2026-01-07 11:19:17+00:00,257.0,3222.01,3221.95,3222.05,ETH
2026-01-07 11:19:18+00:00,258.0,3222.13,3221.95,3222.38,ETH
2026-01-07 11:19:19+00:00,259.0,3221.96,3221.88,3221.96,ETH
2026-01-07 11:19:20+00:00,260.0,3221.96,3221.88,3221.96,ETH
2026-01-07 11:19:21+00:00,261.0,3221.96,3221.89,3221.96,ETH
2026-01-07 11:19:22+00:00,262.0,3221.96,3221.93,3221.99,ETH
2026-01-07 11:19:23+00:00,263.0,3222.0,3221.95,3222.04,ETH
2026-01-07 11:19:24+00:00,264.0,3222.21,3222.15,3222.3,ETH
2026-01-07 11:19:25+00:00,265.0,3222.24,3222.18,3222.29,ETH
2026-01-07 11:19:26+00:00,266.0,3222.21,3222.14,3222.22,ETH
2026-01-07 11:19:27+00:00,267.0,3222.17,3222.13,3222.22,ETH
2026-01-07 11:19:28+00:00,268.0,3222.22,3222.15,3222.23,ETH
2026-01-07 11:19:29+00:00,269.0,3222.22,3222.13,3222.23,ETH
2026-01-07 11:19:30+00:00,270.0,3222.3,3222.16,3222.31,ETH
2026-01-07 11:19:31+00:00,271.0,3222.34,3222.2,3222.36,ETH
2026-01-07 11:19:33+00:00,273.0,3222.37,3222.29,3222.41,ETH
2026-01-07 11:19:34+00:00,274.0,3222.28,3222.23,3222.32,ETH
2026-01-07 11:19:35+00:00,275.0,3222.28,3222.24,3222.32,ETH
2026-01-07 11:19:37+00:00,277.0,3222.4,3222.25,3222.44,ETH
2026-01-07 11:19:38+00:00,278.0,3222.89,3222.8,3222.95,ETH
2026-01-07 11:19:39+00:00,279.0,3223.07,3222.64,3223.08,ETH
2026-01-07 11:19:40+00:00,280.0,3223.08,3222.78,3223.09,ETH
2026-01-07 11:19:41+00:00,281.0,3223.08,3222.84,3223.09,ETH
2026-01-07 11:19:42+00:00,282.0,3223.08,3222.64,3223.09,ETH
2026-01-07 11:19:43+00:00,283.0,3222.84,3222.64,3222.85,ETH
2026-01-07 11:19:44+00:00,284.0,3222.82,3222.64,3222.82,ETH
2026-01-07 11:19:45+00:00,285.0,3222.69,3222.64,3222.7,ETH
2026-01-07 11:19:46+00:00,286.0,3222.69,3222.63,3222.69,ETH
2026-01-07 11:19:47+00:00,287.0,3222.66,3222.46,3222.67,ETH
2026-01-07 11:19:48+00:00,288.0,3222.63,3222.49,3222.64,ETH
2026-01-07 11:19:49+00:00,289.0,3222.62,3222.41,3222.63,ETH
2026-01-07 11:19:50+00:00,290.0,3222.33,3222.21,3222.34,ETH
2026-01-07 11:19:51+00:00,291.0,3222.32,3222.28,3222.37,ETH
2026-01-07 11:19:52+00:00,292.0,3222.27,3222.19,3222.34,ETH
2026-01-07 11:19:53+00:00,293.0,3222.33,3222.23,3222.38,ETH
2026-01-07 11:19:54+00:00,294.0,3222.29,3222.23,3222.34,ETH
2026-01-07 11:19:55+00:00,295.0,3222.37,3222.23,3222.41,ETH
2026-01-07 11:19:56+00:00,296.0,3222.3,3222.23,3222.34,ETH
2026-01-07 11:19:57+00:00,297.0,3222.24,3222.21,3222.24,ETH
2026-01-07 11:19:58+00:00,298.0,3222.24,3222.17,3222.31,ETH
2026-01-07 11:19:59+00:00,299.0,3222.22,3222.17,3222.28,ETH
2026-01-07 11:20:00+00:00,300.0,3222.26,3222.2,3222.32,ETH
2026-01-07 11:20:01+00:00,301.0,3222.24,3222.17,3222.25,ETH
2026-01-07 11:20:02+00:00,302.0,3222.25,3222.17,3222.26,ETH
2026-01-07 11:20:03+00:00,303.0,3222.22,3222.17,3222.23,ETH
2026-01-07 11:20:04+00:00,304.0,3222.23,3222.17,3222.23,ETH
2026-01-07 11:20:05+00:00,305.0,3222.29,3222.18,3222.3,ETH
2026-01-07 11:20:06+00:00,306.0,3222.32,3222.18,3222.33,ETH
2026-01-07 11:20:07+00:00,307.0,3222.54,3222.42,3222.55,ETH
2026-01-07 11:20:08+00:00,308.0,3222.65,3222.54,3222.65,ETH
2026-01-07 11:20:09+00:00,309.0,3222.71,3222.58,3222.72,ETH
2026-01-07 11:20:10+00:00,310.0,3222.93,3222.64,3222.94,ETH
2026-01-07 11:20:11+00:00,311.0,3222.95,3222.73,3222.99,ETH
2026-01-07 11:20:12+00:00,312.0,3223.12,3222.96,3223.16,ETH
2026-01-07 11:20:13+00:00,313.0,3223.22,3222.98,3223.33,ETH
2026-01-07 11:20:14+00:00,314.0,3223.39,3223.15,3223.43,ETH
2026-01-07 11:20:15+00:00,315.0,3223.21,3223.15,3223.24,ETH
2026-01-07 11:20:16+00:00,316.0,3223.22,3223.16,3223.26,ETH
2026-01-07 11:20:17+00:00,317.0,3223.25,3223.16,3223.29,ETH
2026-01-07 11:20:18+00:00,318.0,3223.25,3223.11,3223.29,ETH
2026-01-07 11:20:19+00:00,319.0,3223.23,3223.12,3223.27,ETH
2026-01-07 11:20:20+00:00,320.0,3223.34,3223.12,3223.39,ETH
2026-01-07 11:20:21+00:00,321.0,3223.34,3223.12,3223.39,ETH
2026-01-07 11:20:22+00:00,322.0,3223.33,3223.12,3223.37,ETH
2026-01-07 11:20:23+00:00,323.0,3223.31,3223.08,3223.32,ETH
2026-01-07 11:20:24+00:00,324.0,3223.31,3223.1,3223.38,ETH
2026-01-07 11:20:25+00:00,325.0,3223.35,3223.12,3223.39,ETH
2026-01-07 11:20:26+00:00,326.0,3223.32,3223.12,3223.36,ETH
2026-01-07 11:20:27+00:00,327.0,3223.32,3223.12,3223.34,ETH
2026-01-07 11:20:28+00:00,328.0,3223.36,3223.12,3223.38,ETH
2026-01-07 11:20:29+00:00,329.0,3223.36,3223.12,3223.39,ETH
2026-01-07 11:20:30+00:00,330.0,3223.39,3223.12,3223.4,ETH
2026-01-07 11:20:31+00:00,331.0,3223.27,3223.11,3223.28,ETH
2026-01-07 11:20:32+00:00,332.0,3223.31,3223.1,3223.35,ETH
2026-01-07 11:20:33+00:00,333.0,3223.26,3223.14,3223.27,ETH
2026-01-07 11:20:34+00:00,334.0,3223.26,3223.14,3223.27,ETH
2026-01-07 11:20:35+00:00,335.0,3223.31,3223.16,3223.35,ETH
2026-01-07 11:20:36+00:00,336.0,3223.33,3223.18,3223.37,ETH
2026-01-07 11:20:37+00:00,337.0,3223.36,3223.2,3223.4,ETH
2026-01-07 11:20:38+00:00,338.0,3223.38,3223.2,3223.39,ETH
2026-01-07 11:20:39+00:00,339.0,3223.38,3223.31,3223.38,ETH
2026-01-07 11:20:40+00:00,340.0,3222.59,3222.52,3222.66,ETH
2026-01-07 11:20:41+00:00,341.0,3222.46,3222.12,3222.54,ETH
2026-01-07 11:20:42+00:00,342.0,3222.33,3222.14,3222.55,ETH
2026-01-07 11:20:43+00:00,343.0,3222.58,3222.51,3222.61,ETH
2026-01-07 11:20:44+00:00,344.0,3222.64,3222.53,3222.65,ETH
2026-01-07 11:20:45+00:00,345.0,3222.69,3222.56,3222.69,ETH
2026-01-07 11:20:46+00:00,346.0,3222.76,3222.57,3222.76,ETH
2026-01-07 11:20:47+00:00,347.0,3222.84,3222.59,3222.85,ETH
2026-01-07 11:20:48+00:00,348.0,3222.62,3222.47,3222.63,ETH
2026-01-07 11:20:49+00:00,349.0,3222.35,3222.27,3222.37,ETH
2026-01-07 11:20:50+00:00,350.0,3222.27,3222.12,3222.33,ETH
2026-01-07 11:20:51+00:00,351.0,3222.21,3222.0,3222.25,ETH
2026-01-07 11:20:52+00:00,352.0,3222.18,3222.02,3222.19,ETH
2026-01-07 11:20:53+00:00,353.0,3222.16,3222.04,3222.17,ETH
2026-01-07 11:20:54+00:00,354.0,3222.14,3222.04,3222.15,ETH
2026-01-07 11:20:55+00:00,355.0,3222.02,3221.93,3222.03,ETH
2026-01-07 11:20:56+00:00,356.0,3221.96,3221.89,3221.99,ETH
2026-01-07 11:20:57+00:00,357.0,3222.0,3221.95,3222.05,ETH
2026-01-07 11:20:58+00:00,358.0,3222.0,3221.95,3222.03,ETH
2026-01-07 11:20:59+00:00,359.0,3221.99,3221.95,3222.02,ETH
2026-01-07 11:21:00+00:00,360.0,3221.97,3221.89,3221.99,ETH
2026-01-07 11:21:01+00:00,361.0,3221.96,3221.87,3221.97,ETH
2026-01-07 11:21:02+00:00,362.0,3221.97,3221.92,3221.99,ETH
2026-01-07 11:21:03+00:00,363.0,3221.97,3221.89,3221.99,ETH
2026-01-07 11:21:04+00:00,364.0,3221.96,3221.87,3222.0,ETH
2026-01-07 11:21:05+00:00,365.0,3221.85,3221.74,3221.88,ETH
2026-01-07 11:21:06+00:00,366.0,3221.77,3221.65,3221.86,ETH
2026-01-07 11:21:07+00:00,367.0,3222.28,3222.2,3222.38,ETH
2026-01-07 11:21:08+00:00,368.0,3222.77,3222.67,3222.79,ETH
2026-01-07 11:21:09+00:00,369.0,3222.92,3222.68,3222.97,ETH
2026-01-07 11:21:10+00:00,370.0,3222.98,3222.68,3223.06,ETH
2026-01-07 11:21:11+00:00,371.0,3222.99,3222.69,3223.06,ETH
2026-01-07 11:21:12+00:00,372.0,3222.88,3222.69,3222.88,ETH
2026-01-07 11:21:13+00:00,373.0,3222.61,3222.35,3222.62,ETH
2026-01-07 11:21:14+00:00,374.0,3222.5,3222.39,3222.56,ETH
2026-01-07 11:21:15+00:00,375.0,3222.45,3222.38,3222.46,ETH
2026-01-07 11:21:16+00:00,376.0,3222.45,3222.38,3222.46,ETH
2026-01-07 11:21:17+00:00,377.0,3222.46,3222.37,3222.47,ETH
2026-01-07 11:21:18+00:00,378.0,3222.46,3222.37,3222.47,ETH
2026-01-07 11:21:19+00:00,379.0,3222.46,3222.37,3222.46,ETH
2026-01-07 11:21:20+00:00,380.0,3222.46,3222.39,3222.46,ETH
2026-01-07 11:21:21+00:00,381.0,3222.46,3222.39,3222.46,ETH
2026-01-07 11:21:22+00:00,382.0,3221.96,3221.84,3222.02,ETH
2026-01-07 11:21:23+00:00,383.0,3221.94,3221.89,3221.99,ETH
2026-01-07 11:21:24+00:00,384.0,3221.91,3221.84,3221.92,ETH
2026-01-07 11:21:26+00:00,386.0,3221.91,3221.84,3221.92,ETH
2026-01-07 11:21:27+00:00,387.0,3221.91,3221.85,3221.93,ETH
2026-01-07 11:21:28+00:00,388.0,3221.91,3221.87,3221.93,ETH
2026-01-07 11:21:29+00:00,389.0,3221.91,3221.88,3221.92,ETH
2026-01-07 11:21:30+00:00,390.0,3222.02,3221.95,3222.03,ETH
2026-01-07 11:21:31+00:00,391.0,3222.53,3222.42,3222.57,ETH
2026-01-07 11:21:32+00:00,392.0,3223.06,3222.84,3223.11,ETH
2026-01-07 11:21:33+00:00,393.0,3223.02,3222.96,3223.07,ETH
2026-01-07 11:21:34+00:00,394.0,3223.02,3222.97,3223.06,ETH
2026-01-07 11:21:35+00:00,395.0,3223.05,3222.97,3223.09,ETH
2026-01-07 11:21:36+00:00,396.0,3222.99,3222.94,3223.02,ETH
2026-01-07 11:21:37+00:00,397.0,3223.06,3222.97,3223.11,ETH
2026-01-07 11:21:38+00:00,398.0,3223.1,3222.99,3223.14,ETH
2026-01-07 11:21:39+00:00,399.0,3223.15,3222.99,3223.23,ETH
2026-01-07 11:21:40+00:00,400.0,3223.15,3222.99,3223.23,ETH
2026-01-07 11:21:41+00:00,401.0,3223.18,3222.99,3223.23,ETH
2026-01-07 11:21:42+00:00,402.0,3223.17,3222.99,3223.21,ETH
2026-01-07 11:21:43+00:00,403.0,3223.16,3222.99,3223.21,ETH
2026-01-07 11:21:44+00:00,404.0,3223.15,3222.99,3223.19,ETH
2026-01-07 11:21:45+00:00,405.0,3223.14,3222.99,3223.17,ETH
2026-01-07 11:21:46+00:00,406.0,3223.14,3222.99,3223.18,ETH
2026-01-07 11:21:47+00:00,407.0,3223.09,3222.99,3223.18,ETH
2026-01-07 11:21:48+00:00,408.0,3223.05,3222.99,3223.19,ETH
2026-01-07 11:21:49+00:00,409.0,3223.05,3222.99,3223.25,ETH
2026-01-07 11:21:50+00:00,410.0,3223.16,3222.99,3223.26,ETH
2026-01-07 11:21:51+00:00,411.0,3223.19,3222.99,3223.26,ETH
2026-01-07 11:21:52+00:00,412.0,3223.19,3222.99,3223.24,ETH
2026-01-07 11:21:53+00:00,413.0,3223.19,3222.99,3223.24,ETH
2026-01-07 11:21:54+00:00,414.0,3223.22,3223.04,3223.25,ETH
2026-01-07 11:21:55+00:00,415.0,3223.17,3223.04,3223.19,ETH
2026-01-07 11:21:56+00:00,416.0,3223.15,3223.04,3223.17,ETH
2026-01-07 11:21:57+00:00,417.0,3223.11,3223.02,3223.15,ETH
2026-01-07 11:21:58+00:00,418.0,3223.04,3222.99,3223.09,ETH
2026-01-07 11:21:59+00:00,419.0,3223.06,3222.98,3223.1,ETH
2026-01-07 11:22:00+00:00,420.0,3223.08,3222.98,3223.11,ETH
2026-01-07 11:22:01+00:00,421.0,3223.07,3222.98,3223.1,ETH
2026-01-07 11:22:02+00:00,422.0,3223.06,3222.98,3223.09,ETH
2026-01-07 11:22:03+00:00,423.0,3223.03,3222.99,3223.09,ETH
2026-01-07 11:22:04+00:00,424.0,3223.01,3222.99,3223.1,ETH
2026-01-07 11:22:05+00:00,425.0,3223.02,3222.99,3223.09,ETH
2026-01-07 11:22:06+00:00,426.0,3223.02,3222.99,3223.07,ETH
2026-01-07 11:22:07+00:00,427.0,3223.01,3222.96,3223.03,ETH
2026-01-07 11:22:08+00:00,428.0,3222.94,3222.87,3223.0,ETH
2026-01-07 11:22:09+00:00,429.0,3222.96,3222.86,3223.0,ETH
2026-01-07 11:22:10+00:00,430.0,3222.98,3222.87,3223.0,ETH
2026-01-07 11:22:11+00:00,431.0,3222.99,3222.88,3223.0,ETH
2026-01-07 11:22:12+00:00,432.0,3222.99,3222.87,3223.0,ETH
2026-01-07 11:22:14+00:00,434.0,3222.99,3222.87,3223.0,ETH
2026-01-07 11:22:15+00:00,435.0,3222.99,3222.87,3223.0,ETH
2026-01-07 11:22:16+00:00,436.0,3222.98,3222.87,3223.0,ETH
2026-01-07 11:22:17+00:00,437.0,3222.99,3222.87,3223.0,ETH
2026-01-07 11:22:18+00:00,438.0,3222.98,3222.87,3223.0,ETH
2026-01-07 11:22:19+00:00,439.0,3222.98,3222.91,3223.0,ETH
2026-01-07 11:22:20+00:00,440.0,3222.99,3222.94,3222.99,ETH
2026-01-07 11:22:21+00:00,441.0,3223.0,3222.96,3223.0,ETH
2026-01-07 11:22:22+00:00,442.0,3223.0,3222.97,3223.0,ETH
2026-01-07 11:22:23+00:00,443.0,3223.02,3222.99,3223.03,ETH
2026-01-07 11:22:24+00:00,444.0,3223.02,3222.95,3223.03,ETH
2026-01-07 11:22:25+00:00,445.0,3223.02,3222.94,3223.03,ETH
2026-01-07 11:22:26+00:00,446.0,3223.02,3222.94,3223.03,ETH
2026-01-07 11:22:27+00:00,447.0,3223.21,3223.0,3223.25,ETH
2026-01-07 11:22:28+00:00,448.0,3223.21,3223.0,3223.26,ETH
2026-01-07 11:22:29+00:00,449.0,3223.25,3223.07,3223.26,ETH
2026-01-07 11:22:30+00:00,450.0,3223.15,3222.97,3223.16,ETH
2026-01-07 11:22:31+00:00,451.0,3223.1,3222.97,3223.14,ETH
2026-01-07 11:22:32+00:00,452.0,3223.06,3222.97,3223.14,ETH
2026-01-07 11:22:33+00:00,453.0,3223.07,3222.93,3223.14,ETH
2026-01-07 11:22:34+00:00,454.0,3223.07,3223.0,3223.13,ETH
2026-01-07 11:22:35+00:00,455.0,3223.03,3222.91,3223.09,ETH
2026-01-07 11:22:36+00:00,456.0,3223.04,3222.96,3223.05,ETH
2026-01-07 11:22:37+00:00,457.0,3223.04,3223.0,3223.1,ETH
2026-01-07 11:22:38+00:00,458.0,3223.04,3223.0,3223.13,ETH
2026-01-07 11:22:39+00:00,459.0,3223.04,3223.0,3223.19,ETH
2026-01-07 11:22:40+00:00,460.0,3223.02,3222.98,3223.05,ETH
2026-01-07 11:22:41+00:00,461.0,3223.04,3223.0,3223.17,ETH
2026-01-07 11:22:42+00:00,462.0,3223.05,3223.03,3223.19,ETH
2026-01-07 11:22:43+00:00,463.0,3223.08,3223.02,3223.17,ETH
2026-01-07 11:22:44+00:00,464.0,3223.08,3223.0,3223.14,ETH
2026-01-07 11:22:45+00:00,465.0,3223.11,3223.02,3223.22,ETH
2026-01-07 11:22:46+00:00,466.0,3223.16,3223.06,3223.24,ETH
2026-01-07 11:22:47+00:00,467.0,3223.23,3223.13,3223.26,ETH
2026-01-07 11:22:48+00:00,468.0,3223.29,3223.19,3223.31,ETH
2026-01-07 11:22:49+00:00,469.0,3223.34,3223.16,3223.35,ETH
2026-01-07 11:22:50+00:00,470.0,3223.33,3223.1,3223.36,ETH
2026-01-07 11:22:51+00:00,471.0,3223.31,3223.1,3223.36,ETH
2026-01-07 11:22:52+00:00,472.0,3223.31,3223.11,3223.36,ETH
2026-01-07 11:22:53+00:00,473.0,3223.31,3223.11,3223.36,ETH
2026-01-07 11:22:54+00:00,474.0,3223.32,3223.09,3223.36,ETH
2026-01-07 11:22:55+00:00,475.0,3223.33,3223.13,3223.36,ETH
2026-01-07 11:22:56+00:00,476.0,3223.31,3223.16,3223.37,ETH
2026-01-07 11:22:57+00:00,477.0,3223.33,3223.17,3223.45,ETH
2026-01-07 11:22:59+00:00,479.0,3223.36,3223.17,3223.45,ETH
2026-01-07 11:23:00+00:00,480.0,3223.36,3223.17,3223.55,ETH
2026-01-07 11:23:01+00:00,481.0,3223.34,3223.12,3223.53,ETH
2026-01-07 11:23:02+00:00,482.0,3223.32,3223.22,3223.47,ETH
2026-01-07 11:23:03+00:00,483.0,3223.34,3223.2,3223.43,ETH
2026-01-07 11:23:04+00:00,484.0,3223.25,3223.11,3223.35,ETH
2026-01-07 11:23:05+00:00,485.0,3223.25,3223.11,3223.35,ETH
2026-01-07 11:23:06+00:00,486.0,3223.35,3223.2,3223.39,ETH
2026-01-07 11:23:07+00:00,487.0,3223.27,3223.14,3223.35,ETH
2026-01-07 11:23:08+00:00,488.0,3223.31,3223.16,3223.42,ETH
2026-01-07 11:23:09+00:00,489.0,3223.37,3223.2,3223.43,ETH
2026-01-07 11:23:10+00:00,490.0,3223.38,3223.2,3223.43,ETH
2026-01-07 11:23:11+00:00,491.0,3223.38,3223.2,3223.47,ETH
2026-01-07 11:23:12+00:00,492.0,3223.41,3223.2,3223.48,ETH
2026-01-07 11:23:13+00:00,493.0,3223.36,3223.2,3223.43,ETH
2026-01-07 11:23:14+00:00,494.0,3223.31,3223.2,3223.42,ETH
2026-01-07 11:23:15+00:00,495.0,3223.31,3223.2,3223.42,ETH
2026-01-07 11:23:16+00:00,496.0,3223.31,3223.2,3223.42,ETH
2026-01-07 11:23:17+00:00,497.0,3223.32,3223.2,3223.42,ETH
2026-01-07 11:23:18+00:00,498.0,3223.32,3223.2,3223.42,ETH
2026-01-07 11:23:19+00:00,499.0,3223.38,3223.31,3223.48,ETH
2026-01-07 11:23:20+00:00,500.0,3223.42,3223.38,3223.49,ETH
2026-01-07 11:23:21+00:00,501.0,3223.42,3223.34,3223.43,ETH
2026-01-07 11:23:22+00:00,502.0,3223.42,3223.34,3223.43,ETH
2026-01-07 11:23:24+00:00,504.0,3223.42,3223.34,3223.43,ETH
2026-01-07 11:23:25+00:00,505.0,3223.42,3223.39,3223.45,ETH
2026-01-07 11:23:26+00:00,506.0,3223.42,3223.33,3223.44,ETH
2026-01-07 11:23:27+00:00,507.0,3223.48,3223.37,3223.49,ETH
2026-01-07 11:23:28+00:00,508.0,3223.48,3223.37,3223.49,ETH
2026-01-07 11:23:29+00:00,509.0,3223.48,3223.37,3223.49,ETH
2026-01-07 11:23:30+00:00,510.0,3223.48,3223.38,3223.49,ETH
2026-01-07 11:23:31+00:00,511.0,3223.5,3223.39,3223.51,ETH
2026-01-07 11:23:32+00:00,512.0,3223.51,3223.38,3223.51,ETH
2026-01-07 11:23:33+00:00,513.0,3223.57,3223.42,3223.61,ETH
2026-01-07 11:23:34+00:00,514.0,3223.65,3223.57,3223.79,ETH
2026-01-07 11:23:35+00:00,515.0,3223.89,3223.85,3224.04,ETH
2026-01-07 11:23:36+00:00,516.0,3224.05,3223.99,3224.09,ETH
2026-01-07 11:23:37+00:00,517.0,3224.04,3223.96,3224.09,ETH
2026-01-07 11:23:38+00:00,518.0,3224.03,3223.92,3224.07,ETH
2026-01-07 11:23:39+00:00,519.0,3223.98,3223.92,3224.05,ETH
2026-01-07 11:23:40+00:00,520.0,3223.95,3223.91,3224.04,ETH
2026-01-07 11:23:41+00:00,521.0,3223.99,3223.92,3224.05,ETH
2026-01-07 11:23:42+00:00,522.0,3224.03,3223.92,3224.06,ETH
2026-01-07 11:23:43+00:00,523.0,3224.02,3223.92,3224.05,ETH
2026-01-07 11:23:44+00:00,524.0,3223.99,3223.92,3224.05,ETH
2026-01-07 11:23:45+00:00,525.0,3223.99,3223.92,3224.06,ETH
2026-01-07 11:23:46+00:00,526.0,3224.0,3223.92,3224.06,ETH
2026-01-07 11:23:47+00:00,527.0,3224.0,3223.92,3224.06,ETH
2026-01-07 11:23:48+00:00,528.0,3224.0,3223.92,3224.06,ETH
2026-01-07 11:23:49+00:00,529.0,3224.0,3223.92,3224.06,ETH
2026-01-07 11:23:50+00:00,530.0,3223.99,3223.92,3224.07,ETH
2026-01-07 11:23:51+00:00,531.0,3223.99,3223.92,3224.09,ETH
2026-01-07 11:23:52+00:00,532.0,3224.03,3223.92,3224.09,ETH
2026-01-07 11:23:53+00:00,533.0,3224.07,3223.93,3224.09,ETH
2026-01-07 11:23:54+00:00,534.0,3224.05,3223.92,3224.08,ETH
2026-01-07 11:23:55+00:00,535.0,3224.02,3223.92,3224.07,ETH
2026-01-07 11:23:56+00:00,536.0,3224.0,3223.92,3224.08,ETH
2026-01-07 11:23:57+00:00,537.0,3224.0,3223.92,3224.08,ETH
2026-01-07 11:23:58+00:00,538.0,3224.0,3223.92,3224.06,ETH
2026-01-07 11:23:59+00:00,539.0,3224.0,3223.91,3224.06,ETH
2026-01-07 11:24:00+00:00,540.0,3224.02,3223.92,3224.06,ETH
2026-01-07 11:24:01+00:00,541.0,3224.02,3223.92,3224.06,ETH
2026-01-07 11:24:02+00:00,542.0,3224.02,3223.92,3224.06,ETH
2026-01-07 11:24:03+00:00,543.0,3223.93,3223.9,3224.05,ETH
2026-01-07 11:24:04+00:00,544.0,3223.9,3223.84,3223.92,ETH
2026-01-07 11:24:05+00:00,545.0,3223.87,3223.8,3223.89,ETH
2026-01-07 11:24:06+00:00,546.0,3223.79,3223.6,3223.8,ETH
2026-01-07 11:24:07+00:00,547.0,3223.67,3223.45,3223.72,ETH
2026-01-07 11:24:08+00:00,548.0,3223.55,3223.44,3223.62,ETH
2026-01-07 11:24:09+00:00,549.0,3223.49,3223.44,3223.53,ETH
2026-01-07 11:24:10+00:00,550.0,3223.5,3223.44,3223.54,ETH
2026-01-07 11:24:11+00:00,551.0,3223.5,3223.44,3223.54,ETH
2026-01-07 11:24:12+00:00,552.0,3223.5,3223.43,3223.53,ETH
2026-01-07 11:24:13+00:00,553.0,3223.45,3223.37,3223.49,ETH
2026-01-07 11:24:14+00:00,554.0,3223.38,3223.3,3223.44,ETH
2026-01-07 11:24:15+00:00,555.0,3223.35,3223.27,3223.44,ETH
2026-01-07 11:24:16+00:00,556.0,3223.29,3223.2,3223.39,ETH
2026-01-07 11:24:17+00:00,557.0,3223.25,3223.16,3223.34,ETH
2026-01-07 11:24:18+00:00,558.0,3223.24,3223.18,3223.33,ETH
2026-01-07 11:24:19+00:00,559.0,3223.24,3223.2,3223.33,ETH
2026-01-07 11:24:20+00:00,560.0,3223.23,3223.22,3223.33,ETH
2026-01-07 11:24:21+00:00,561.0,3223.32,3223.23,3223.33,ETH
2026-01-07 11:24:22+00:00,562.0,3223.33,3223.24,3223.37,ETH
2026-01-07 11:24:23+00:00,563.0,3223.35,3223.24,3223.4,ETH
2026-01-07 11:24:24+00:00,564.0,3223.34,3223.24,3223.36,ETH
2026-01-07 11:24:25+00:00,565.0,3223.34,3223.23,3223.36,ETH
2026-01-07 11:24:26+00:00,566.0,3223.34,3223.23,3223.36,ETH
2026-01-07 11:24:27+00:00,567.0,3223.34,3223.23,3223.36,ETH
2026-01-07 11:24:28+00:00,568.0,3223.34,3223.23,3223.35,ETH
2026-01-07 11:24:29+00:00,569.0,3223.34,3223.24,3223.35,ETH
2026-01-07 11:24:30+00:00,570.0,3223.34,3223.22,3223.36,ETH
2026-01-07 11:24:31+00:00,571.0,3223.34,3223.23,3223.36,ETH
2026-01-07 11:24:32+00:00,572.0,3223.32,3223.23,3223.34,ETH
2026-01-07 11:24:33+00:00,573.0,3223.32,3223.22,3223.34,ETH
2026-01-07 11:24:34+00:00,574.0,3223.36,3223.25,3223.62,ETH
2026-01-07 11:24:35+00:00,575.0,3223.62,3223.47,3223.75,ETH
2026-01-07 11:24:36+00:00,576.0,3223.81,3223.69,3223.82,ETH
2026-01-07 11:24:37+00:00,577.0,3223.9,3223.76,3223.91,ETH
2026-01-07 11:24:38+00:00,578.0,3223.99,3223.83,3224.03,ETH
2026-01-07 11:24:39+00:00,579.0,3223.97,3223.83,3224.02,ETH
2026-01-07 11:24:40+00:00,580.0,3223.93,3223.78,3223.98,ETH
2026-01-07 11:24:41+00:00,581.0,3223.83,3223.73,3223.84,ETH
2026-01-07 11:24:42+00:00,582.0,3223.84,3223.75,3223.85,ETH
2026-01-07 11:24:43+00:00,583.0,3223.82,3223.64,3223.83,ETH
2026-01-07 11:24:44+00:00,584.0,3223.82,3223.7,3223.83,ETH
2026-01-07 11:24:45+00:00,585.0,3223.72,3223.6,3223.74,ETH
2026-01-07 11:24:46+00:00,586.0,3223.6,3223.5,3223.62,ETH
2026-01-07 11:24:47+00:00,587.0,3223.58,3223.51,3223.65,ETH
2026-01-07 11:24:48+00:00,588.0,3223.58,3223.54,3223.65,ETH
2026-01-07 11:24:49+00:00,589.0,3223.63,3223.56,3223.64,ETH
2026-01-07 11:24:51+00:00,591.0,3223.69,3223.57,3223.7,ETH
2026-01-07 11:24:52+00:00,592.0,3223.97,3223.86,3223.98,ETH
2026-01-07 11:24:53+00:00,593.0,3223.84,3223.8,3223.88,ETH
2026-01-07 11:24:54+00:00,594.0,3223.82,3223.77,3223.86,ETH
2026-01-07 11:24:55+00:00,595.0,3223.79,3223.76,3223.83,ETH
2026-01-07 11:24:56+00:00,596.0,3223.76,3223.73,3223.81,ETH
2026-01-07 11:24:57+00:00,597.0,3223.76,3223.72,3223.81,ETH
2026-01-07 11:24:58+00:00,598.0,3223.73,3223.67,3223.77,ETH
2026-01-07 11:24:59+00:00,599.0,3223.65,3223.64,3223.81,ETH
2026-01-07 11:25:00+00:00,600.0,3223.62,3223.59,3223.68,ETH
2026-01-07 11:25:01+00:00,601.0,3223.6,3223.57,3223.65,ETH
2026-01-07 11:25:02+00:00,602.0,3223.58,3223.55,3223.62,ETH
2026-01-07 11:25:03+00:00,603.0,3223.77,3223.76,3223.91,ETH
2026-01-07 11:25:04+00:00,604.0,3223.85,3223.81,3223.86,ETH
2026-01-07 11:25:05+00:00,605.0,3223.75,3223.54,3223.76,ETH
2026-01-07 11:25:06+00:00,606.0,3223.58,3223.51,3223.74,ETH
2026-01-07 11:25:07+00:00,607.0,3223.56,3223.5,3223.65,ETH
2026-01-07 11:25:08+00:00,608.0,3223.62,3223.59,3223.66,ETH
2026-01-07 11:25:09+00:00,609.0,3223.62,3223.59,3223.65,ETH
2026-01-07 11:25:10+00:00,610.0,3223.56,3223.54,3223.62,ETH
2026-01-07 11:25:11+00:00,611.0,3223.51,3223.49,3223.59,ETH
2026-01-07 11:25:12+00:00,612.0,3223.51,3223.5,3223.59,ETH
2026-01-07 11:25:13+00:00,613.0,3223.52,3223.5,3223.59,ETH
2026-01-07 11:25:14+00:00,614.0,3223.55,3223.51,3223.59,ETH
2026-01-07 11:25:15+00:00,615.0,3223.58,3223.52,3223.6,ETH
2026-01-07 11:25:16+00:00,616.0,3223.59,3223.53,3223.6,ETH
2026-01-07 11:25:17+00:00,617.0,3223.58,3223.53,3223.6,ETH
2026-01-07 11:25:18+00:00,618.0,3223.58,3223.52,3223.6,ETH
2026-01-07 11:25:19+00:00,619.0,3223.56,3223.52,3223.59,ETH
2026-01-07 11:25:20+00:00,620.0,3223.57,3223.52,3223.59,ETH
2026-01-07 11:25:21+00:00,621.0,3223.59,3223.52,3223.59,ETH
2026-01-07 11:25:22+00:00,622.0,3223.59,3223.52,3223.59,ETH
2026-01-07 11:25:23+00:00,623.0,3223.59,3223.52,3223.59,ETH
2026-01-07 11:25:24+00:00,624.0,3223.58,3223.52,3223.59,ETH
2026-01-07 11:25:25+00:00,625.0,3223.58,3223.52,3223.62,ETH
2026-01-07 11:25:26+00:00,626.0,3223.59,3223.53,3223.64,ETH
2026-01-07 11:25:27+00:00,627.0,3223.62,3223.54,3223.64,ETH
2026-01-07 11:25:28+00:00,628.0,3223.63,3223.54,3223.64,ETH
2026-01-07 11:25:29+00:00,629.0,3223.63,3223.56,3223.65,ETH
2026-01-07 11:25:30+00:00,630.0,3223.62,3223.56,3223.65,ETH
2026-01-07 11:25:31+00:00,631.0,3223.63,3223.54,3223.63,ETH
2026-01-07 11:25:32+00:00,632.0,3223.63,3223.55,3223.64,ETH
2026-01-07 11:25:33+00:00,633.0,3223.76,3223.67,3223.81,ETH
2026-01-07 11:25:34+00:00,634.0,3223.92,3223.8,3223.97,ETH
2026-01-07 11:25:35+00:00,635.0,3223.94,3223.82,3223.97,ETH
2026-01-07 11:25:36+00:00,636.0,3223.94,3223.83,3223.98,ETH
2026-01-07 11:25:37+00:00,637.0,3223.94,3223.84,3223.98,ETH
2026-01-07 11:25:38+00:00,638.0,3223.94,3223.84,3223.98,ETH
2026-01-07 11:25:39+00:00,639.0,3223.91,3223.83,3223.96,ETH
2026-01-07 11:25:40+00:00,640.0,3224.01,3223.93,3224.08,ETH
2026-01-07 11:25:41+00:00,641.0,3224.14,3224.03,3224.2,ETH
2026-01-07 11:25:42+00:00,642.0,3224.18,3224.03,3224.25,ETH
2026-01-07 11:25:43+00:00,643.0,3224.35,3224.19,3224.43,ETH
2026-01-07 11:25:44+00:00,644.0,3224.51,3224.4,3224.54,ETH
2026-01-07 11:25:45+00:00,645.0,3224.53,3224.43,3224.54,ETH
2026-01-07 11:25:46+00:00,646.0,3224.56,3224.43,3224.59,ETH
2026-01-07 11:25:47+00:00,647.0,3224.56,3224.44,3224.6,ETH
2026-01-07 11:25:48+00:00,648.0,3224.37,3224.31,3224.53,ETH
2026-01-07 11:25:49+00:00,649.0,3224.19,3224.12,3224.36,ETH
2026-01-07 11:25:50+00:00,650.0,3224.12,3224.02,3224.16,ETH
2026-01-07 11:25:51+00:00,651.0,3224.03,3223.96,3224.05,ETH
2026-01-07 11:25:52+00:00,652.0,3223.96,3223.9,3224.01,ETH
2026-01-07 11:25:53+00:00,653.0,3223.88,3223.84,3224.01,ETH
2026-01-07 11:25:54+00:00,654.0,3223.85,3223.79,3224.01,ETH
2026-01-07 11:25:55+00:00,655.0,3223.82,3223.74,3224.01,ETH
2026-01-07 11:25:56+00:00,656.0,3223.78,3223.72,3224.01,ETH
2026-01-07 11:25:57+00:00,657.0,3223.84,3223.75,3224.0,ETH
2026-01-07 11:25:58+00:00,658.0,3223.85,3223.74,3223.9,ETH
2026-01-07 11:25:59+00:00,659.0,3223.8,3223.73,3223.84,ETH
2026-01-07 11:26:00+00:00,660.0,3223.85,3223.75,3223.92,ETH
2026-01-07 11:26:01+00:00,661.0,3223.83,3223.6,3223.88,ETH
2026-01-07 11:26:02+00:00,662.0,3223.4,3223.09,3223.41,ETH
2026-01-07 11:26:03+00:00,663.0,3222.64,3222.46,3222.87,ETH
2026-01-07 11:26:04+00:00,664.0,3222.2,3222.16,3222.61,ETH
2026-01-07 11:26:05+00:00,665.0,3222.1,3222.08,3222.47,ETH
2026-01-07 11:26:06+00:00,666.0,3221.95,3221.93,3222.19,ETH
2026-01-07 11:26:07+00:00,667.0,3221.98,3221.93,3222.23,ETH
2026-01-07 11:26:08+00:00,668.0,3222.25,3222.13,3222.57,ETH
2026-01-07 11:26:09+00:00,669.0,3222.6,3222.46,3222.74,ETH
2026-01-07 11:26:10+00:00,670.0,3222.85,3222.69,3222.88,ETH
2026-01-07 11:26:11+00:00,671.0,3222.88,3222.72,3222.89,ETH
2026-01-07 11:26:12+00:00,672.0,3222.89,3222.77,3222.94,ETH
2026-01-07 11:26:13+00:00,673.0,3222.95,3222.85,3223.01,ETH
2026-01-07 11:26:14+00:00,674.0,3223.2,3223.13,3223.28,ETH
2026-01-07 11:26:15+00:00,675.0,3223.51,3223.42,3223.61,ETH
2026-01-07 11:26:16+00:00,676.0,3223.63,3223.52,3223.68,ETH
2026-01-07 11:26:17+00:00,677.0,3223.69,3223.62,3223.73,ETH
2026-01-07 11:26:18+00:00,678.0,3223.81,3223.67,3223.85,ETH
2026-01-07 11:26:19+00:00,679.0,3223.89,3223.66,3223.9,ETH
2026-01-07 11:26:20+00:00,680.0,3223.89,3223.69,3223.9,ETH
2026-01-07 11:26:21+00:00,681.0,3223.88,3223.69,3223.9,ETH
2026-01-07 11:26:22+00:00,682.0,3224.06,3223.87,3224.2,ETH
2026-01-07 11:26:23+00:00,683.0,3224.12,3223.93,3224.21,ETH
2026-01-07 11:26:24+00:00,684.0,3223.74,3223.63,3223.86,ETH
2026-01-07 11:26:25+00:00,685.0,3223.63,3223.63,3223.82,ETH
2026-01-07 11:26:26+00:00,686.0,3223.63,3223.63,3223.72,ETH
2026-01-07 11:26:27+00:00,687.0,3223.55,3223.28,3223.72,ETH
2026-01-07 11:26:28+00:00,688.0,3223.49,3223.47,3223.62,ETH
2026-01-07 11:26:29+00:00,689.0,3223.94,3223.92,3223.98,ETH
2026-01-07 11:26:30+00:00,690.0,3223.94,3223.83,3223.95,ETH
2026-01-07 11:26:31+00:00,691.0,3223.93,3223.83,3223.95,ETH
2026-01-07 11:26:32+00:00,692.0,3223.94,3223.88,3223.95,ETH
2026-01-07 11:26:33+00:00,693.0,3223.93,3223.85,3223.95,ETH
2026-01-07 11:26:34+00:00,694.0,3223.82,3223.76,3223.95,ETH
2026-01-07 11:26:35+00:00,695.0,3223.84,3223.76,3223.95,ETH
2026-01-07 11:26:36+00:00,696.0,3223.81,3223.77,3223.95,ETH
2026-01-07 11:26:37+00:00,697.0,3223.76,3223.73,3223.95,ETH
2026-01-07 11:26:38+00:00,698.0,3223.77,3223.75,3223.95,ETH
2026-01-07 11:26:39+00:00,699.0,3223.86,3223.76,3223.95,ETH
2026-01-07 11:26:40+00:00,700.0,3223.85,3223.76,3223.95,ETH
2026-01-07 11:26:41+00:00,701.0,3223.82,3223.74,3223.95,ETH
2026-01-07 11:26:42+00:00,702.0,3223.73,3223.7,3223.95,ETH
2026-01-07 11:26:43+00:00,703.0,3223.33,3223.17,3223.46,ETH
2026-01-07 11:26:44+00:00,704.0,3223.14,3223.09,3223.19,ETH
2026-01-07 11:26:45+00:00,705.0,3222.99,3222.95,3223.1,ETH
2026-01-07 11:26:47+00:00,707.0,3222.87,3222.84,3222.94,ETH
2026-01-07 11:26:48+00:00,708.0,3222.87,3222.83,3222.92,ETH
2026-01-07 11:26:49+00:00,709.0,3222.86,3222.75,3222.87,ETH
2026-01-07 11:26:50+00:00,710.0,3222.86,3222.79,3222.88,ETH
2026-01-07 11:26:51+00:00,711.0,3222.86,3222.8,3222.87,ETH
2026-01-07 11:26:52+00:00,712.0,3223.3,3223.12,3223.36,ETH
2026-01-07 11:26:53+00:00,713.0,3223.33,3223.13,3223.35,ETH
2026-01-07 11:26:54+00:00,714.0,3223.39,3223.26,3223.41,ETH
2026-01-07 11:26:55+00:00,715.0,3223.41,3223.24,3223.42,ETH
2026-01-07 11:26:56+00:00,716.0,3223.39,3223.15,3223.42,ETH
2026-01-07 11:26:57+00:00,717.0,3223.38,3223.23,3223.43,ETH
2026-01-07 11:26:58+00:00,718.0,3223.42,3223.24,3223.44,ETH
2026-01-07 11:26:59+00:00,719.0,3223.26,3222.86,3223.27,ETH
2026-01-07 11:27:00+00:00,720.0,3223.07,3223.03,3223.22,ETH
2026-01-07 11:27:01+00:00,721.0,3223.13,3223.09,3223.22,ETH
2026-01-07 11:27:02+00:00,722.0,3223.13,3223.12,3223.24,ETH
2026-01-07 11:27:03+00:00,723.0,3223.12,3223.08,3223.16,ETH
2026-01-07 11:27:04+00:00,724.0,3223.02,3222.97,3223.06,ETH
2026-01-07 11:27:05+00:00,725.0,3222.89,3222.83,3222.9,ETH
2026-01-07 11:27:06+00:00,726.0,3222.83,3222.76,3222.84,ETH
2026-01-07 11:27:07+00:00,727.0,3222.96,3222.89,3223.07,ETH
2026-01-07 11:27:08+00:00,728.0,3223.16,3223.0,3223.48,ETH
2026-01-07 11:27:09+00:00,729.0,3223.2,3223.14,3223.24,ETH
2026-01-07 11:27:10+00:00,730.0,3223.26,3223.23,3223.42,ETH
2026-01-07 11:27:11+00:00,731.0,3223.25,3223.23,3223.35,ETH
2026-01-07 11:27:12+00:00,732.0,3223.43,3223.33,3223.43,ETH
2026-01-07 11:27:13+00:00,733.0,3223.47,3223.38,3223.49,ETH
2026-01-07 11:27:14+00:00,734.0,3223.44,3223.22,3223.45,ETH
2026-01-07 11:27:15+00:00,735.0,3223.38,3223.16,3223.42,ETH
2026-01-07 11:27:16+00:00,736.0,3223.38,3223.17,3223.42,ETH
2026-01-07 11:27:17+00:00,737.0,3223.4,3223.27,3223.42,ETH
2026-01-07 11:27:18+00:00,738.0,3223.41,3223.26,3223.42,ETH
2026-01-07 11:27:19+00:00,739.0,3223.4,3223.3,3223.42,ETH
2026-01-07 11:27:20+00:00,740.0,3223.4,3223.21,3223.42,ETH
2026-01-07 11:27:21+00:00,741.0,3223.39,3223.24,3223.42,ETH
2026-01-07 11:27:22+00:00,742.0,3223.4,3223.23,3223.42,ETH
2026-01-07 11:27:23+00:00,743.0,3223.39,3223.23,3223.42,ETH
2026-01-07 11:27:24+00:00,744.0,3223.4,3223.23,3223.42,ETH
2026-01-07 11:27:25+00:00,745.0,3223.41,3223.23,3223.42,ETH
2026-01-07 11:27:26+00:00,746.0,3223.42,3223.31,3223.49,ETH
2026-01-07 11:27:27+00:00,747.0,3223.49,3223.42,3223.6,ETH
2026-01-07 11:27:28+00:00,748.0,3223.74,3223.43,3223.84,ETH
2026-01-07 11:27:29+00:00,749.0,3223.74,3223.61,3223.86,ETH
2026-01-07 11:27:30+00:00,750.0,3223.72,3223.64,3223.89,ETH
2026-01-07 11:27:31+00:00,751.0,3223.76,3223.66,3223.89,ETH
2026-01-07 11:27:32+00:00,752.0,3223.77,3223.61,3223.9,ETH
2026-01-07 11:27:33+00:00,753.0,3223.77,3223.62,3223.9,ETH
2026-01-07 11:27:34+00:00,754.0,3223.78,3223.62,3223.9,ETH
2026-01-07 11:27:35+00:00,755.0,3223.78,3223.58,3223.85,ETH
2026-01-07 11:27:36+00:00,756.0,3223.61,3223.6,3223.81,ETH
2026-01-07 11:27:37+00:00,757.0,3223.61,3223.61,3223.83,ETH
2026-01-07 11:27:38+00:00,758.0,3223.61,3223.61,3223.83,ETH
2026-01-07 11:27:39+00:00,759.0,3223.61,3223.61,3223.82,ETH
2026-01-07 11:27:40+00:00,760.0,3223.61,3223.61,3223.82,ETH
2026-01-07 11:27:41+00:00,761.0,3223.6,3223.58,3223.82,ETH
2026-01-07 11:27:42+00:00,762.0,3223.59,3223.58,3223.82,ETH
2026-01-07 11:27:43+00:00,763.0,3223.6,3223.58,3223.81,ETH
2026-01-07 11:27:44+00:00,764.0,3223.61,3223.54,3223.81,ETH
2026-01-07 11:27:45+00:00,765.0,3223.64,3223.53,3223.81,ETH
2026-01-07 11:27:46+00:00,766.0,3223.64,3223.53,3223.81,ETH
2026-01-07 11:27:47+00:00,767.0,3223.63,3223.55,3223.81,ETH
2026-01-07 11:27:48+00:00,768.0,3223.64,3223.55,3223.81,ETH
2026-01-07 11:27:49+00:00,769.0,3223.64,3223.57,3223.81,ETH
2026-01-07 11:27:50+00:00,770.0,3223.63,3223.49,3223.78,ETH
2026-01-07 11:27:51+00:00,771.0,3223.55,3223.48,3223.78,ETH
2026-01-07 11:27:52+00:00,772.0,3223.68,3223.6,3223.78,ETH
2026-01-07 11:27:53+00:00,773.0,3223.68,3223.53,3223.77,ETH
2026-01-07 11:27:54+00:00,774.0,3223.65,3223.49,3223.77,ETH
2026-01-07 11:27:55+00:00,775.0,3223.6,3223.48,3223.78,ETH
2026-01-07 11:27:56+00:00,776.0,3223.62,3223.54,3223.78,ETH
2026-01-07 11:27:57+00:00,777.0,3223.61,3223.54,3223.78,ETH
2026-01-07 11:27:58+00:00,778.0,3223.38,3223.29,3223.64,ETH
2026-01-07 11:27:59+00:00,779.0,3223.39,3223.33,3223.53,ETH
2026-01-07 11:28:00+00:00,780.0,3223.42,3223.35,3223.54,ETH
2026-01-07 11:28:01+00:00,781.0,3223.43,3223.31,3223.52,ETH
2026-01-07 11:28:02+00:00,782.0,3223.45,3223.35,3223.55,ETH
2026-01-07 11:28:03+00:00,783.0,3223.49,3223.45,3223.56,ETH
2026-01-07 11:28:04+00:00,784.0,3223.51,3223.46,3223.53,ETH
2026-01-07 11:28:05+00:00,785.0,3223.51,3223.46,3223.54,ETH
2026-01-07 11:28:06+00:00,786.0,3223.52,3223.46,3223.56,ETH
2026-01-07 11:28:07+00:00,787.0,3223.52,3223.42,3223.54,ETH
2026-01-07 11:28:08+00:00,788.0,3223.51,3223.41,3223.53,ETH
2026-01-07 11:28:09+00:00,789.0,3223.52,3223.44,3223.54,ETH
2026-01-07 11:28:10+00:00,790.0,3223.52,3223.46,3223.55,ETH
2026-01-07 11:28:11+00:00,791.0,3223.52,3223.46,3223.55,ETH
2026-01-07 11:28:12+00:00,792.0,3223.53,3223.47,3223.55,ETH
2026-01-07 11:28:13+00:00,793.0,3223.53,3223.42,3223.55,ETH
2026-01-07 11:28:14+00:00,794.0,3223.53,3223.38,3223.54,ETH
2026-01-07 11:28:15+00:00,795.0,3223.53,3223.43,3223.55,ETH
2026-01-07 11:28:16+00:00,796.0,3223.54,3223.47,3223.58,ETH
2026-01-07 11:28:18+00:00,798.0,3223.53,3223.47,3223.55,ETH
2026-01-07 11:28:19+00:00,799.0,3223.53,3223.46,3223.56,ETH
2026-01-07 11:28:20+00:00,800.0,3223.53,3223.48,3223.55,ETH
2026-01-07 11:28:21+00:00,801.0,3223.54,3223.47,3223.57,ETH
2026-01-07 11:28:22+00:00,802.0,3223.52,3223.46,3223.57,ETH
2026-01-07 11:28:23+00:00,803.0,3223.49,3223.45,3223.63,ETH
2026-01-07 11:28:24+00:00,804.0,3223.48,3223.46,3223.75,ETH
2026-01-07 11:28:25+00:00,805.0,3223.49,3223.46,3223.74,ETH
2026-01-07 11:28:26+00:00,806.0,3223.49,3223.46,3223.64,ETH
2026-01-07 11:28:27+00:00,807.0,3223.49,3223.46,3223.6,ETH
2026-01-07 11:28:28+00:00,808.0,3223.48,3223.46,3223.61,ETH
2026-01-07 11:28:29+00:00,809.0,3223.47,3223.45,3223.57,ETH
2026-01-07 11:28:30+00:00,810.0,3223.46,3223.44,3223.51,ETH
2026-01-07 11:28:31+00:00,811.0,3223.45,3223.44,3223.52,ETH
2026-01-07 11:28:32+00:00,812.0,3223.46,3223.44,3223.57,ETH
2026-01-07 11:28:33+00:00,813.0,3223.47,3223.45,3223.62,ETH
2026-01-07 11:28:34+00:00,814.0,3223.47,3223.44,3223.56,ETH
2026-01-07 11:28:35+00:00,815.0,3223.47,3223.44,3223.56,ETH
2026-01-07 11:28:36+00:00,816.0,3223.47,3223.45,3223.61,ETH
2026-01-07 11:28:37+00:00,817.0,3223.47,3223.45,3223.61,ETH
2026-01-07 11:28:38+00:00,818.0,3223.48,3223.45,3223.61,ETH
2026-01-07 11:28:39+00:00,819.0,3223.47,3223.45,3223.62,ETH
2026-01-07 11:28:40+00:00,820.0,3223.47,3223.43,3223.62,ETH
2026-01-07 11:28:41+00:00,821.0,3223.47,3223.41,3223.63,ETH
2026-01-07 11:28:42+00:00,822.0,3223.47,3223.41,3223.62,ETH
2026-01-07 11:28:43+00:00,823.0,3223.45,3223.4,3223.6,ETH
2026-01-07 11:28:44+00:00,824.0,3223.44,3223.41,3223.59,ETH
2026-01-07 11:28:45+00:00,825.0,3223.48,3223.41,3223.58,ETH
2026-01-07 11:28:46+00:00,826.0,3223.49,3223.41,3223.55,ETH
2026-01-07 11:28:47+00:00,827.0,3223.45,3223.41,3223.54,ETH
2026-01-07 11:28:48+00:00,828.0,3223.46,3223.42,3223.56,ETH
2026-01-07 11:28:49+00:00,829.0,3223.49,3223.42,3223.58,ETH
2026-01-07 11:28:50+00:00,830.0,3223.51,3223.43,3223.6,ETH
2026-01-07 11:28:51+00:00,831.0,3223.52,3223.43,3223.6,ETH
2026-01-07 11:28:52+00:00,832.0,3223.51,3223.42,3223.58,ETH
2026-01-07 11:28:53+00:00,833.0,3223.49,3223.39,3223.53,ETH
2026-01-07 11:28:54+00:00,834.0,3223.46,3223.37,3223.49,ETH
2026-01-07 11:28:55+00:00,835.0,3223.45,3223.32,3223.47,ETH
2026-01-07 11:28:56+00:00,836.0,3223.47,3223.35,3223.52,ETH
2026-01-07 11:28:57+00:00,837.0,3223.49,3223.42,3223.57,ETH
2026-01-07 11:28:58+00:00,838.0,3223.46,3223.4,3223.51,ETH
2026-01-07 11:28:59+00:00,839.0,3223.43,3223.32,3223.45,ETH
2026-01-07 11:29:00+00:00,840.0,3223.44,3223.28,3223.45,ETH
2026-01-07 11:29:01+00:00,841.0,3223.44,3223.3,3223.45,ETH
2026-01-07 11:29:02+00:00,842.0,3223.44,3223.31,3223.45,ETH
2026-01-07 11:29:03+00:00,843.0,3223.37,3223.29,3223.4,ETH
2026-01-07 11:29:04+00:00,844.0,3223.25,3223.21,3223.29,ETH
2026-01-07 11:29:05+00:00,845.0,3223.18,3223.15,3223.21,ETH
2026-01-07 11:29:06+00:00,846.0,3223.06,3223.03,3223.11,ETH
2026-01-07 11:29:07+00:00,847.0,3222.85,3222.81,3222.92,ETH
2026-01-07 11:29:08+00:00,848.0,3222.73,3222.7,3222.8,ETH
2026-01-07 11:29:09+00:00,849.0,3222.72,3222.68,3222.77,ETH
2026-01-07 11:29:10+00:00,850.0,3222.54,3222.53,3222.62,ETH
2026-01-07 11:29:11+00:00,851.0,3222.56,3222.55,3222.72,ETH
2026-01-07 11:29:12+00:00,852.0,3222.55,3222.49,3222.6,ETH
2026-01-07 11:29:13+00:00,853.0,3222.39,3222.38,3222.89,ETH
2026-01-07 11:29:14+00:00,854.0,3222.39,3222.39,3222.6,ETH
2026-01-07 11:29:15+00:00,855.0,3222.52,3222.49,3222.66,ETH
2026-01-07 11:29:16+00:00,856.0,3222.56,3222.52,3222.59,ETH
2026-01-07 11:29:17+00:00,857.0,3222.54,3222.51,3222.6,ETH
2026-01-07 11:29:18+00:00,858.0,3222.54,3222.51,3222.59,ETH
2026-01-07 11:29:19+00:00,859.0,3222.56,3222.53,3222.62,ETH
2026-01-07 11:29:20+00:00,860.0,3222.57,3222.54,3222.65,ETH
2026-01-07 11:29:21+00:00,861.0,3222.57,3222.54,3222.67,ETH
2026-01-07 11:29:22+00:00,862.0,3222.56,3222.53,3222.65,ETH
2026-01-07 11:29:23+00:00,863.0,3222.55,3222.52,3222.59,ETH
2026-01-07 11:29:24+00:00,864.0,3222.58,3222.55,3222.65,ETH
2026-01-07 11:29:25+00:00,865.0,3222.67,3222.65,3222.78,ETH
2026-01-07 11:29:26+00:00,866.0,3222.78,3222.75,3222.87,ETH
2026-01-07 11:29:27+00:00,867.0,3222.81,3222.73,3222.84,ETH
2026-01-07 11:29:28+00:00,868.0,3222.8,3222.69,3222.82,ETH
2026-01-07 11:29:29+00:00,869.0,3222.83,3222.73,3222.86,ETH
2026-01-07 11:29:30+00:00,870.0,3222.84,3222.77,3222.87,ETH
2026-01-07 11:29:31+00:00,871.0,3222.84,3222.76,3222.86,ETH
2026-01-07 11:29:32+00:00,872.0,3222.82,3222.75,3222.85,ETH
2026-01-07 11:29:33+00:00,873.0,3222.78,3222.74,3222.81,ETH
2026-01-07 11:29:34+00:00,874.0,3222.76,3222.73,3222.79,ETH
2026-01-07 11:29:35+00:00,875.0,3222.76,3222.74,3222.82,ETH
2026-01-07 11:29:36+00:00,876.0,3222.76,3222.74,3222.84,ETH
2026-01-07 11:29:37+00:00,877.0,3222.75,3222.72,3222.79,ETH
2026-01-07 11:29:38+00:00,878.0,3222.74,3222.71,3222.77,ETH
2026-01-07 11:29:39+00:00,879.0,3222.73,3222.69,3222.77,ETH
2026-01-07 11:29:40+00:00,880.0,3222.7,3222.66,3222.75,ETH
2026-01-07 11:29:41+00:00,881.0,3222.6,3222.57,3222.73,ETH
2026-01-07 11:29:42+00:00,882.0,3222.56,3222.54,3222.72,ETH
2026-01-07 11:29:43+00:00,883.0,3222.65,3222.62,3222.71,ETH
2026-01-07 11:29:44+00:00,884.0,3222.67,3222.64,3222.7,ETH
2026-01-07 11:29:45+00:00,885.0,3222.67,3222.64,3222.7,ETH
2026-01-07 11:29:46+00:00,886.0,3222.64,3222.61,3222.69,ETH
2026-01-07 11:29:47+00:00,887.0,3222.6,3222.57,3222.67,ETH
2026-01-07 11:29:48+00:00,888.0,3222.52,3222.48,3222.59,ETH
2026-01-07 11:29:49+00:00,889.0,3222.44,3222.4,3222.51,ETH
2026-01-07 11:29:50+00:00,890.0,3222.45,3222.41,3222.51,ETH
2026-01-07 11:29:51+00:00,891.0,3222.44,3222.4,3222.51,ETH
2026-01-07 11:29:52+00:00,892.0,3222.45,3222.41,3222.51,ETH
2026-01-07 11:29:53+00:00,893.0,3222.46,3222.42,3222.51,ETH
2026-01-07 11:29:54+00:00,894.0,3222.45,3222.41,3222.5,ETH
2026-01-07 11:29:55+00:00,895.0,3222.45,3222.41,3222.5,ETH
2026-01-07 11:29:56+00:00,896.0,3222.44,3222.4,3222.5,ETH
2026-01-07 11:29:57+00:00,897.0,3222.43,3222.39,3222.5,ETH
2026-01-07 11:29:58+00:00,898.0,3222.44,3222.42,3222.5,ETH
2026-01-07 11:29:59+00:00,899.0,3222.36,3222.34,3222.5,ETH
