timestamp,collected_at,seconds,mid,bid,ask,asset
2026-01-06 18:15:00+00:00,,0.0,ETH,3214.66,3214.61,18:15:00
2026-01-06 18:15:01+00:00,,1.0,ETH,3215.37,3215.17,18:15:01
2026-01-06 18:15:02+00:00,,2.0,ETH,3215.9,3215.64,18:15:02
2026-01-06 18:15:03+00:00,,3.0,ETH,3216.07,3215.67,18:15:03
2026-01-06 18:15:04+00:00,,4.0,ETH,3216.06,3215.67,18:15:04
2026-01-06 18:15:05+00:00,,5.0,ETH,3216.5,3216.4,18:15:05
2026-01-06 18:15:06+00:00,,6.0,ETH,3216.79,3216.55,18:15:06
2026-01-06 18:15:07+00:00,,7.0,ETH,3216.99,3216.61,18:15:07
2026-01-06 18:15:08+00:00,,8.0,ETH,3216.97,3216.6,18:15:08
2026-01-06 18:15:09+00:00,,9.0,ETH,3216.75,3216.54,18:15:09
2026-01-06 18:15:10+00:00,,10.0,ETH,3216.53,3216.46,18:15:10
2026-01-06 18:15:11+00:00,,11.0,ETH,3216.54,3216.45,18:15:11
2026-01-06 18:15:12+00:00,,12.0,ETH,3216.67,3216.6,18:15:12
2026-01-06 18:15:13+00:00,,13.0,ETH,3216.87,3216.73,18:15:13
2026-01-06 18:15:14+00:00,,14.0,ETH,3216.86,3216.66,18:15:14
2026-01-06 18:15:15+00:00,,15.0,ETH,3216.83,3216.66,18:15:15
2026-01-06 18:15:16+00:00,,16.0,ETH,3217.11,3216.94,18:15:16
2026-01-06 18:15:17+00:00,,17.0,ETH,3217.32,3217.17,18:15:17
2026-01-06 18:15:18+00:00,,18.0,ETH,3217.37,3217.21,18:15:18
2026-01-06 18:15:19+00:00,,19.0,ETH,3217.42,3217.23,18:15:19
2026-01-06 18:15:20+00:00,,20.0,ETH,3217.31,3217.12,18:15:20
2026-01-06 18:15:21+00:00,,21.0,ETH,3217.19,3217.01,18:15:21
2026-01-06 18:15:22+00:00,,22.0,ETH,3216.93,3216.72,18:15:22
2026-01-06 18:15:23+00:00,,23.0,ETH,3216.57,3216.45,18:15:23
2026-01-06 18:15:24+00:00,,24.0,ETH,3216.39,3216.34,18:15:24
2026-01-06 18:15:25+00:00,,25.0,ETH,3216.46,3216.36,18:15:25
2026-01-06 18:15:26+00:00,,26.0,ETH,3216.68,3216.52,18:15:26
2026-01-06 18:15:27+00:00,,27.0,ETH,3216.76,3216.58,18:15:27
2026-01-06 18:15:28+00:00,,28.0,ETH,3216.84,3216.65,18:15:28
2026-01-06 18:15:29+00:00,,29.0,ETH,3216.99,3216.69,18:15:29
2026-01-06 18:15:30+00:00,,30.0,ETH,3217.1,3216.84,18:15:30
2026-01-06 18:15:31+00:00,,31.0,ETH,3217.14,3216.89,18:15:31
2026-01-06 18:15:32+00:00,,32.0,ETH,3217.1,3216.82,18:15:32
2026-01-06 18:15:33+00:00,,33.0,ETH,3217.03,3216.83,18:15:33
2026-01-06 18:15:34+00:00,,34.0,ETH,3216.9,3216.72,18:15:34
2026-01-06 18:15:35+00:00,,35.0,ETH,3216.78,3216.6,18:15:35
2026-01-06 18:15:36+00:00,,36.0,ETH,3216.79,3216.64,18:15:36
2026-01-06 18:15:37+00:00,,37.0,ETH,3216.83,3216.69,18:15:37
2026-01-06 18:15:38+00:00,,38.0,ETH,3216.87,3216.69,18:15:38
2026-01-06 18:15:39+00:00,,39.0,ETH,3217.57,3217.52,18:15:39
2026-01-06 18:15:40+00:00,,40.0,ETH,3217.84,3217.73,18:15:40
2026-01-06 18:15:41+00:00,,41.0,ETH,3217.95,3217.57,18:15:41
2026-01-06 18:15:42+00:00,,42.0,ETH,3217.95,3217.58,18:15:42
2026-01-06 18:15:43+00:00,,43.0,ETH,3218.22,3218.05,18:15:43
2026-01-06 18:15:44+00:00,,44.0,ETH,3218.75,3218.66,18:15:44
2026-01-06 18:15:45+00:00,,45.0,ETH,3218.98,3218.63,18:15:45
2026-01-06 18:15:46+00:00,,46.0,ETH,3218.92,3218.73,18:15:46
2026-01-06 18:15:47+00:00,,47.0,ETH,3218.83,3218.54,18:15:47
2026-01-06 18:15:48+00:00,,48.0,ETH,3218.83,3218.64,18:15:48
2026-01-06 18:15:00+00:00,,0.0,ETH,3214.66,3214.61,18:15:00
2026-01-06 18:15:49+00:00,,49.0,ETH,3218.83,3218.64,18:15:49
2026-01-06 18:15:01+00:00,,1.0,ETH,3215.37,3215.17,18:15:01
2026-01-06 18:15:50+00:00,,50.0,ETH,3218.76,3218.58,18:15:50
2026-01-06 18:15:02+00:00,,2.0,ETH,3215.9,3215.64,18:15:02
2026-01-06 18:15:51+00:00,,51.0,ETH,3218.75,3218.54,18:15:51
2026-01-06 18:15:03+00:00,,3.0,ETH,3216.07,3215.67,18:15:03
2026-01-06 18:15:52+00:00,,52.0,ETH,3218.73,3218.43,18:15:52
2026-01-06 18:15:04+00:00,,4.0,ETH,3216.06,3215.67,18:15:04
2026-01-06 18:15:53+00:00,,53.0,ETH,3218.67,3218.39,18:15:53
2026-01-06 18:15:05+00:00,,5.0,ETH,3216.5,3216.4,18:15:05
2026-01-06 18:15:54+00:00,,54.0,ETH,3218.44,3218.29,18:15:54
2026-01-06 18:15:06+00:00,,6.0,ETH,3216.79,3216.55,18:15:06
2026-01-06 18:15:55+00:00,,55.0,ETH,3218.12,3218.03,18:15:55
2026-01-06 18:15:07+00:00,,7.0,ETH,3216.99,3216.62,18:15:07
2026-01-06 18:15:56+00:00,,56.0,ETH,3217.89,3217.79,18:15:56
2026-01-06 18:15:08+00:00,,8.0,ETH,3216.99,3216.61,18:15:08
2026-01-06 18:15:57+00:00,,57.0,ETH,3217.82,3217.71,18:15:57
2026-01-06 18:15:09+00:00,,9.0,ETH,3216.95,3216.6,18:15:09
2026-01-06 18:15:58+00:00,,58.0,ETH,3217.74,3217.69,18:15:58
2026-01-06 18:15:10+00:00,,10.0,ETH,3216.56,3216.49,18:15:10
2026-01-06 18:15:59+00:00,,59.0,ETH,3217.59,3217.56,18:15:59
2026-01-06 18:15:11+00:00,,11.0,ETH,3216.5,3216.42,18:15:11
2026-01-06 18:16:00+00:00,,60.0,ETH,3217.13,3216.96,18:16:00
2026-01-06 18:15:12+00:00,,12.0,ETH,3216.57,3216.47,18:15:12
2026-01-06 18:16:01+00:00,,61.0,ETH,3216.58,3216.39,18:16:01
2026-01-06 18:15:13+00:00,,13.0,ETH,3216.77,3216.72,18:15:13
2026-01-06 18:16:02+00:00,,62.0,ETH,3216.19,3216.14,18:16:02
2026-01-06 18:15:14+00:00,,14.0,ETH,3216.98,3216.73,18:15:14
2026-01-06 18:16:03+00:00,,63.0,ETH,3215.96,3215.95,18:16:03
2026-01-06 18:16:04+00:00,,64.0,ETH,3215.91,3215.89,18:16:04
2026-01-06 18:15:15+00:00,,15.0,ETH,3216.83,3216.66,18:15:15
2026-01-06 18:16:05+00:00,,65.0,ETH,3215.88,3215.86,18:16:05
2026-01-06 18:15:16+00:00,,16.0,ETH,3217.11,3216.94,18:15:16
2026-01-06 18:16:06+00:00,,66.0,ETH,3216.39,3216.13,18:16:06
2026-01-06 18:15:17+00:00,,17.0,ETH,3217.32,3217.17,18:15:17
2026-01-06 18:16:07+00:00,,67.0,ETH,3216.38,3216.14,18:16:07
2026-01-06 18:15:18+00:00,,18.0,ETH,3217.37,3217.21,18:15:18
2026-01-06 18:16:08+00:00,,68.0,ETH,3216.24,3216.08,18:16:08
2026-01-06 18:15:19+00:00,,19.0,ETH,3217.42,3217.23,18:15:19
2026-01-06 18:16:09+00:00,,69.0,ETH,3216.24,3216.06,18:16:09
2026-01-06 18:15:20+00:00,,20.0,ETH,3217.31,3217.12,18:15:20
2026-01-06 18:16:10+00:00,,70.0,ETH,3217.05,3216.74,18:16:10
2026-01-06 18:15:21+00:00,,21.0,ETH,3217.19,3217.01,18:15:21
2026-01-06 18:16:11+00:00,,71.0,ETH,3217.43,3217.26,18:16:11
2026-01-06 18:15:22+00:00,,22.0,ETH,3216.93,3216.72,18:15:22
2026-01-06 18:16:12+00:00,,72.0,ETH,3217.55,3217.29,18:16:12
2026-01-06 18:15:23+00:00,,23.0,ETH,3216.57,3216.45,18:15:23
2026-01-06 18:16:13+00:00,,73.0,ETH,3217.51,3217.24,18:16:13
2026-01-06 18:15:24+00:00,,24.0,ETH,3216.39,3216.34,18:15:24
2026-01-06 18:16:14+00:00,,74.0,ETH,3217.47,3217.27,18:16:14
2026-01-06 18:15:25+00:00,,25.0,ETH,3216.46,3216.36,18:15:25
2026-01-06 18:16:15+00:00,,75.0,ETH,3217.63,3217.51,18:16:15
2026-01-06 18:15:26+00:00,,26.0,ETH,3216.68,3216.52,18:15:26
2026-01-06 18:16:16+00:00,,76.0,ETH,3217.92,3217.69,18:16:16
2026-01-06 18:15:27+00:00,,27.0,ETH,3216.76,3216.58,18:15:27
2026-01-06 18:16:17+00:00,,77.0,ETH,3218.05,3217.68,18:16:17
2026-01-06 18:15:28+00:00,,28.0,ETH,3216.84,3216.65,18:15:28
2026-01-06 18:16:18+00:00,,78.0,ETH,3217.96,3217.76,18:16:18
2026-01-06 18:15:29+00:00,,29.0,ETH,3216.99,3216.69,18:15:29
2026-01-06 18:16:19+00:00,,79.0,ETH,3217.88,3217.72,18:16:19
2026-01-06 18:15:30+00:00,,30.0,ETH,3217.1,3216.84,18:15:30
2026-01-06 18:16:20+00:00,,80.0,ETH,3217.79,3217.61,18:16:20
2026-01-06 18:15:31+00:00,,31.0,ETH,3217.14,3216.89,18:15:31
2026-01-06 18:16:21+00:00,,81.0,ETH,3217.64,3217.49,18:16:21
2026-01-06 18:15:32+00:00,,32.0,ETH,3217.1,3216.82,18:15:32
2026-01-06 18:16:22+00:00,,82.0,ETH,3217.58,3217.4,18:16:22
2026-01-06 18:15:33+00:00,,33.0,ETH,3217.03,3216.83,18:15:33
2026-01-06 18:16:23+00:00,,83.0,ETH,3217.55,3217.41,18:16:23
2026-01-06 18:15:34+00:00,,34.0,ETH,3216.9,3216.72,18:15:34
2026-01-06 18:16:24+00:00,,84.0,ETH,3217.54,3217.41,18:16:24
2026-01-06 18:15:35+00:00,,35.0,ETH,3216.78,3216.6,18:15:35
2026-01-06 18:16:25+00:00,,85.0,ETH,3217.58,3217.43,18:16:25
2026-01-06 18:15:36+00:00,,36.0,ETH,3216.79,3216.64,18:15:36
2026-01-06 18:16:26+00:00,,86.0,ETH,3217.61,3217.45,18:16:26
2026-01-06 18:15:37+00:00,,37.0,ETH,3216.83,3216.69,18:15:37
2026-01-06 18:16:27+00:00,,87.0,ETH,3217.62,3217.45,18:16:27
2026-01-06 18:15:38+00:00,,38.0,ETH,3216.87,3216.69,18:15:38
2026-01-06 18:16:28+00:00,,88.0,ETH,3217.73,3217.5,18:16:28
2026-01-06 18:15:39+00:00,,39.0,ETH,3217.57,3217.52,18:15:39
2026-01-06 18:16:29+00:00,,89.0,ETH,3217.48,3217.2,18:16:29
2026-01-06 18:15:40+00:00,,40.0,ETH,3217.89,3217.65,18:15:40
2026-01-06 18:16:30+00:00,,90.0,ETH,3217.46,3217.28,18:16:30
2026-01-06 18:15:41+00:00,,41.0,ETH,3217.95,3217.58,18:15:41
2026-01-06 18:16:31+00:00,,91.0,ETH,3217.92,3217.7,18:16:31
2026-01-06 18:15:42+00:00,,42.0,ETH,3218.08,3217.82,18:15:42
2026-01-06 18:16:32+00:00,,92.0,ETH,3218.09,3218.06,18:16:32
2026-01-06 18:15:43+00:00,,43.0,ETH,3218.48,3218.35,18:15:43
2026-01-06 18:16:33+00:00,,93.0,ETH,3218.53,3218.5,18:16:33
2026-01-06 18:15:44+00:00,,44.0,ETH,3218.86,3218.64,18:15:44
2026-01-06 18:16:34+00:00,,94.0,ETH,3218.63,3218.22,18:16:34
2026-01-06 18:15:45+00:00,,45.0,ETH,3218.95,3218.68,18:15:45
2026-01-06 18:16:35+00:00,,95.0,ETH,3218.86,3218.52,18:16:35
2026-01-06 18:15:46+00:00,,46.0,ETH,3218.88,3218.63,18:15:46
2026-01-06 18:16:36+00:00,,96.0,ETH,3219.06,3218.67,18:16:36
2026-01-06 18:15:47+00:00,,47.0,ETH,3218.83,3218.59,18:15:47
2026-01-06 18:16:37+00:00,,97.0,ETH,3219.06,3218.66,18:16:37
2026-01-06 18:15:48+00:00,,48.0,ETH,3218.83,3218.64,18:15:48
2026-01-06 18:16:38+00:00,,98.0,ETH,3218.78,3218.63,18:16:38
2026-01-06 18:15:49+00:00,,49.0,ETH,3218.79,3218.61,18:15:49
2026-01-06 18:16:39+00:00,,99.0,ETH,3218.7,3218.52,18:16:39
2026-01-06 18:15:50+00:00,,50.0,ETH,3218.77,3218.59,18:15:50
2026-01-06 18:16:40+00:00,,100.0,ETH,3218.68,3218.47,18:16:40
2026-01-06 18:15:51+00:00,,51.0,ETH,3218.75,3218.54,18:15:51
2026-01-06 18:16:41+00:00,,101.0,ETH,3218.37,3218.13,18:16:41
2026-01-06 18:15:52+00:00,,52.0,ETH,3218.73,3218.43,18:15:52
2026-01-06 18:16:42+00:00,,102.0,ETH,3217.8,3217.65,18:16:42
2026-01-06 18:15:53+00:00,,53.0,ETH,3218.67,3218.39,18:15:53
2026-01-06 18:16:43+00:00,,103.0,ETH,3217.72,3217.6,18:16:43
2026-01-06 18:15:54+00:00,,54.0,ETH,3218.44,3218.29,18:15:54
2026-01-06 18:16:44+00:00,,104.0,ETH,3217.65,3217.48,18:16:44
2026-01-06 18:15:55+00:00,,55.0,ETH,3218.12,3218.03,18:15:55
2026-01-06 18:16:45+00:00,,105.0,ETH,3217.59,3217.43,18:16:45
2026-01-06 18:15:56+00:00,,56.0,ETH,3217.89,3217.79,18:15:56
2026-01-06 18:16:46+00:00,,106.0,ETH,3217.78,3217.6,18:16:46
2026-01-06 18:15:57+00:00,,57.0,ETH,3217.82,3217.71,18:15:57
2026-01-06 18:16:47+00:00,,107.0,ETH,3217.66,3217.56,18:16:47
2026-01-06 18:15:58+00:00,,58.0,ETH,3217.74,3217.69,18:15:58
2026-01-06 18:16:48+00:00,,108.0,ETH,3217.73,3217.65,18:16:48
2026-01-06 18:15:59+00:00,,59.0,ETH,3217.59,3217.56,18:15:59
2026-01-06 18:16:49+00:00,,109.0,ETH,3218.08,3218.06,18:16:49
2026-01-06 18:16:00+00:00,,60.0,ETH,3217.13,3216.96,18:16:00
2026-01-06 18:16:50+00:00,,110.0,ETH,3218.09,3217.91,18:16:50
2026-01-06 18:16:01+00:00,,61.0,ETH,3216.58,3216.39,18:16:01
2026-01-06 18:16:51+00:00,,111.0,ETH,3218.02,3217.91,18:16:51
2026-01-06 18:16:02+00:00,,62.0,ETH,3216.41,3216.33,18:16:02
2026-01-06 18:16:52+00:00,,112.0,ETH,3218.03,3217.74,18:16:52
2026-01-06 18:16:03+00:00,,63.0,ETH,3215.96,3215.95,18:16:03
2026-01-06 18:16:53+00:00,,113.0,ETH,3217.84,3217.79,18:16:53
2026-01-06 18:16:04+00:00,,64.0,ETH,3215.91,3215.89,18:16:04
2026-01-06 18:16:54+00:00,,114.0,ETH,3217.79,3217.6,18:16:54
2026-01-06 18:16:05+00:00,,65.0,ETH,3215.88,3215.86,18:16:05
2026-01-06 18:16:55+00:00,,115.0,ETH,3217.77,3217.51,18:16:55
2026-01-06 18:16:06+00:00,,66.0,ETH,3216.39,3216.13,18:16:06
2026-01-06 18:16:56+00:00,,116.0,ETH,3217.66,3217.53,18:16:56
2026-01-06 18:16:07+00:00,,67.0,ETH,3216.38,3216.14,18:16:07
2026-01-06 18:16:57+00:00,,117.0,ETH,3217.66,3217.54,18:16:57
2026-01-06 18:16:08+00:00,,68.0,ETH,3216.24,3216.09,18:16:08
2026-01-06 18:16:58+00:00,,118.0,ETH,3217.67,3217.62,18:16:58
2026-01-06 18:16:09+00:00,,69.0,ETH,3216.24,3216.06,18:16:09
2026-01-06 18:16:59+00:00,,119.0,ETH,3217.56,3217.31,18:16:59
2026-01-06 18:16:10+00:00,,70.0,ETH,3217.05,3216.74,18:16:10
2026-01-06 18:17:00+00:00,,120.0,ETH,3217.36,3217.32,18:17:00
2026-01-06 18:16:11+00:00,,71.0,ETH,3217.27,3217.15,18:16:11
2026-01-06 18:17:01+00:00,,121.0,ETH,3217.54,3217.53,18:17:01
2026-01-06 18:16:12+00:00,,72.0,ETH,3217.58,3217.37,18:16:12
2026-01-06 18:17:02+00:00,,122.0,ETH,3217.65,3217.44,18:17:02
2026-01-06 18:16:13+00:00,,73.0,ETH,3217.53,3217.21,18:16:13
2026-01-06 18:17:03+00:00,,123.0,ETH,3218.26,3218.21,18:17:03
2026-01-06 18:16:14+00:00,,74.0,ETH,3217.49,3217.27,18:16:14
2026-01-06 18:17:04+00:00,,124.0,ETH,3218.45,3218.27,18:17:04
2026-01-06 18:16:15+00:00,,75.0,ETH,3217.45,3217.28,18:16:15
2026-01-06 18:17:05+00:00,,125.0,ETH,3218.43,3218.23,18:17:05
2026-01-06 18:16:16+00:00,,76.0,ETH,3217.8,3217.73,18:16:16
2026-01-06 18:17:06+00:00,,126.0,ETH,3218.18,3217.56,18:17:06
2026-01-06 18:16:17+00:00,,77.0,ETH,3218.05,3217.65,18:16:17
2026-01-06 18:17:07+00:00,,127.0,ETH,3217.34,3217.17,18:17:07
2026-01-06 18:16:18+00:00,,78.0,ETH,3218.05,3217.71,18:16:18
2026-01-06 18:17:08+00:00,,128.0,ETH,3216.91,3216.85,18:17:08
2026-01-06 18:16:19+00:00,,79.0,ETH,3217.88,3217.81,18:16:19
2026-01-06 18:17:09+00:00,,129.0,ETH,3216.9,3216.85,18:17:09
2026-01-06 18:16:20+00:00,,80.0,ETH,3217.88,3217.64,18:16:20
2026-01-06 18:17:10+00:00,,130.0,ETH,3216.9,3216.85,18:17:10
2026-01-06 18:16:21+00:00,,81.0,ETH,3217.7,3217.59,18:16:21
2026-01-06 18:17:11+00:00,,131.0,ETH,3216.89,3216.84,18:17:11
2026-01-06 18:16:22+00:00,,82.0,ETH,3217.58,3217.39,18:16:22
2026-01-06 18:17:12+00:00,,132.0,ETH,3216.84,3216.79,18:17:12
2026-01-06 18:16:23+00:00,,83.0,ETH,3217.58,3217.41,18:16:23
2026-01-06 18:17:13+00:00,,133.0,ETH,3216.83,3216.79,18:17:13
2026-01-06 18:16:24+00:00,,84.0,ETH,3217.51,3217.41,18:16:24
2026-01-06 18:17:14+00:00,,134.0,ETH,3216.62,3216.48,18:17:14
2026-01-06 18:16:25+00:00,,85.0,ETH,3217.58,3217.41,18:16:25
2026-01-06 18:17:15+00:00,,135.0,ETH,3216.54,3216.48,18:17:15
2026-01-06 18:16:26+00:00,,86.0,ETH,3217.59,3217.45,18:16:26
2026-01-06 18:17:16+00:00,,136.0,ETH,3216.55,3216.47,18:17:16
2026-01-06 18:16:27+00:00,,87.0,ETH,3217.62,3217.45,18:16:27
2026-01-06 18:17:17+00:00,,137.0,ETH,3216.59,3216.56,18:17:17
2026-01-06 18:16:28+00:00,,88.0,ETH,3217.73,3217.5,18:16:28
2026-01-06 18:17:18+00:00,,138.0,ETH,3216.7,3216.5,18:17:18
2026-01-06 18:16:29+00:00,,89.0,ETH,3217.48,3217.2,18:16:29
2026-01-06 18:17:19+00:00,,139.0,ETH,3216.6,3216.45,18:17:19
2026-01-06 18:16:30+00:00,,90.0,ETH,3217.46,3217.28,18:16:30
2026-01-06 18:17:20+00:00,,140.0,ETH,3216.47,3216.44,18:17:20
2026-01-06 18:16:31+00:00,,91.0,ETH,3217.92,3217.7,18:16:31
2026-01-06 18:17:21+00:00,,141.0,ETH,3216.47,3216.43,18:17:21
2026-01-06 18:16:32+00:00,,92.0,ETH,3218.09,3218.06,18:16:32
2026-01-06 18:17:22+00:00,,142.0,ETH,3216.43,3216.38,18:17:22
2026-01-06 18:16:33+00:00,,93.0,ETH,3218.53,3218.5,18:16:33
2026-01-06 18:17:23+00:00,,143.0,ETH,3216.53,3216.42,18:17:23
2026-01-06 18:16:34+00:00,,94.0,ETH,3218.63,3218.22,18:16:34
2026-01-06 18:17:24+00:00,,144.0,ETH,3216.48,3216.41,18:17:24
2026-01-06 18:16:35+00:00,,95.0,ETH,3218.86,3218.52,18:16:35
2026-01-06 18:17:25+00:00,,145.0,ETH,3216.48,3216.41,18:17:25
2026-01-06 18:16:36+00:00,,96.0,ETH,3219.06,3218.67,18:16:36
2026-01-06 18:17:26+00:00,,146.0,ETH,3216.45,3216.41,18:17:26
2026-01-06 18:16:37+00:00,,97.0,ETH,3219.06,3218.66,18:16:37
2026-01-06 18:17:27+00:00,,147.0,ETH,3216.42,3216.3,18:17:27
2026-01-06 18:16:38+00:00,,98.0,ETH,3218.78,3218.63,18:16:38
2026-01-06 18:17:28+00:00,,148.0,ETH,3216.0,3215.77,18:17:28
2026-01-06 18:16:39+00:00,,99.0,ETH,3218.7,3218.52,18:16:39
2026-01-06 18:17:29+00:00,,149.0,ETH,3215.73,3215.42,18:17:29
2026-01-06 18:16:40+00:00,,100.0,ETH,3218.68,3218.47,18:16:40
2026-01-06 18:17:30+00:00,,150.0,ETH,3215.42,3215.28,18:17:30
2026-01-06 18:16:41+00:00,,101.0,ETH,3218.37,3218.13,18:16:41
2026-01-06 18:17:31+00:00,,151.0,ETH,3215.3,3215.27,18:17:31
2026-01-06 18:16:42+00:00,,102.0,ETH,3217.8,3217.65,18:16:42
2026-01-06 18:17:32+00:00,,152.0,ETH,3215.42,3215.28,18:17:32
2026-01-06 18:16:43+00:00,,103.0,ETH,3217.72,3217.6,18:16:43
2026-01-06 18:17:33+00:00,,153.0,ETH,3215.42,3215.29,18:17:33
2026-01-06 18:16:44+00:00,,104.0,ETH,3217.65,3217.48,18:16:44
2026-01-06 18:17:34+00:00,,154.0,ETH,3215.59,3215.53,18:17:34
2026-01-06 18:16:45+00:00,,105.0,ETH,3217.59,3217.43,18:16:45
2026-01-06 18:17:35+00:00,,155.0,ETH,3215.89,3215.7,18:17:35
2026-01-06 18:16:46+00:00,,106.0,ETH,3217.78,3217.6,18:16:46
2026-01-06 18:17:36+00:00,,156.0,ETH,3215.89,3215.8,18:17:36
2026-01-06 18:16:47+00:00,,107.0,ETH,3217.66,3217.56,18:16:47
2026-01-06 18:17:37+00:00,,157.0,ETH,3216.1,3215.94,18:17:37
2026-01-06 18:16:48+00:00,,108.0,ETH,3217.73,3217.65,18:16:48
2026-01-06 18:17:38+00:00,,158.0,ETH,3216.13,3215.91,18:17:38
2026-01-06 18:16:49+00:00,,109.0,ETH,3218.08,3218.06,18:16:49
2026-01-06 18:17:39+00:00,,159.0,ETH,3215.96,3215.82,18:17:39
2026-01-06 18:16:50+00:00,,110.0,ETH,3218.09,3217.91,18:16:50
2026-01-06 18:17:40+00:00,,160.0,ETH,3215.94,3215.76,18:17:40
2026-01-06 18:16:51+00:00,,111.0,ETH,3218.02,3217.91,18:16:51
2026-01-06 18:17:41+00:00,,161.0,ETH,3216.11,3215.91,18:17:41
2026-01-06 18:16:52+00:00,,112.0,ETH,3218.03,3217.74,18:16:52
2026-01-06 18:17:42+00:00,,162.0,ETH,3216.38,3216.21,18:17:42
2026-01-06 18:16:53+00:00,,113.0,ETH,3217.84,3217.79,18:16:53
2026-01-06 18:17:43+00:00,,163.0,ETH,3216.5,3216.31,18:17:43
2026-01-06 18:16:54+00:00,,114.0,ETH,3217.79,3217.6,18:16:54
2026-01-06 18:17:44+00:00,,164.0,ETH,3216.71,3216.51,18:17:44
2026-01-06 18:16:55+00:00,,115.0,ETH,3217.77,3217.51,18:16:55
2026-01-06 18:17:45+00:00,,165.0,ETH,3216.73,3216.45,18:17:45
2026-01-06 18:16:56+00:00,,116.0,ETH,3217.66,3217.53,18:16:56
2026-01-06 18:17:46+00:00,,166.0,ETH,3216.52,3216.39,18:17:46
2026-01-06 18:16:57+00:00,,117.0,ETH,3217.66,3217.54,18:16:57
2026-01-06 18:17:47+00:00,,167.0,ETH,3216.4,3216.17,18:17:47
2026-01-06 18:16:58+00:00,,118.0,ETH,3217.67,3217.62,18:16:58
2026-01-06 18:17:48+00:00,,168.0,ETH,3216.4,3216.13,18:17:48
2026-01-06 18:16:59+00:00,,119.0,ETH,3217.56,3217.31,18:16:59
2026-01-06 18:17:49+00:00,,169.0,ETH,3216.4,3216.18,18:17:49
2026-01-06 18:17:00+00:00,,120.0,ETH,3217.36,3217.32,18:17:00
2026-01-06 18:17:50+00:00,,170.0,ETH,3216.38,3216.1,18:17:50
2026-01-06 18:17:01+00:00,,121.0,ETH,3217.54,3217.53,18:17:01
2026-01-06 18:17:51+00:00,,171.0,ETH,3216.38,3216.12,18:17:51
2026-01-06 18:17:02+00:00,,122.0,ETH,3217.65,3217.44,18:17:02
2026-01-06 18:17:52+00:00,,172.0,ETH,3216.39,3216.12,18:17:52
2026-01-06 18:17:03+00:00,,123.0,ETH,3218.26,3218.21,18:17:03
2026-01-06 18:17:53+00:00,,173.0,ETH,3216.52,3216.5,18:17:53
2026-01-06 18:17:04+00:00,,124.0,ETH,3218.45,3218.27,18:17:04
2026-01-06 18:17:54+00:00,,174.0,ETH,3216.73,3216.54,18:17:54
2026-01-06 18:17:05+00:00,,125.0,ETH,3218.43,3218.23,18:17:05
2026-01-06 18:17:55+00:00,,175.0,ETH,3216.75,3216.54,18:17:55
2026-01-06 18:17:06+00:00,,126.0,ETH,3218.18,3217.56,18:17:06
2026-01-06 18:17:56+00:00,,176.0,ETH,3216.75,3216.55,18:17:56
2026-01-06 18:17:07+00:00,,127.0,ETH,3217.34,3217.17,18:17:07
2026-01-06 18:17:57+00:00,,177.0,ETH,3216.81,3216.7,18:17:57
2026-01-06 18:17:08+00:00,,128.0,ETH,3216.91,3216.85,18:17:08
2026-01-06 18:17:58+00:00,,178.0,ETH,3216.81,3216.55,18:17:58
2026-01-06 18:17:09+00:00,,129.0,ETH,3216.9,3216.85,18:17:09
2026-01-06 18:17:59+00:00,,179.0,ETH,3216.81,3216.55,18:17:59
2026-01-06 18:17:10+00:00,,130.0,ETH,3216.9,3216.85,18:17:10
2026-01-06 18:18:00+00:00,,180.0,ETH,3216.85,3216.69,18:18:00
2026-01-06 18:17:11+00:00,,131.0,ETH,3216.89,3216.84,18:17:11
2026-01-06 18:18:01+00:00,,181.0,ETH,3216.79,3216.53,18:18:01
2026-01-06 18:17:12+00:00,,132.0,ETH,3216.84,3216.79,18:17:12
2026-01-06 18:18:02+00:00,,182.0,ETH,3216.97,3216.7,18:18:02
2026-01-06 18:17:13+00:00,,133.0,ETH,3216.83,3216.79,18:17:13
2026-01-06 18:18:03+00:00,,183.0,ETH,3217.05,3216.84,18:18:03
2026-01-06 18:17:14+00:00,,134.0,ETH,3216.62,3216.48,18:17:14
2026-01-06 18:18:04+00:00,,184.0,ETH,3216.99,3216.75,18:18:04
2026-01-06 18:18:05+00:00,,185.0,ETH,3216.59,3216.24,18:18:05
2026-01-06 18:17:15+00:00,,135.0,ETH,3216.55,3216.47,18:17:15
2026-01-06 18:18:06+00:00,,186.0,ETH,3216.4,3216.19,18:18:06
2026-01-06 18:17:16+00:00,,136.0,ETH,3216.57,3216.51,18:17:16
2026-01-06 18:18:07+00:00,,187.0,ETH,3215.79,3215.64,18:18:07
2026-01-06 18:17:17+00:00,,137.0,ETH,3216.64,3216.53,18:17:17
2026-01-06 18:18:08+00:00,,188.0,ETH,3215.86,3215.79,18:18:08
2026-01-06 18:17:18+00:00,,138.0,ETH,3216.65,3216.47,18:17:18
2026-01-06 18:18:09+00:00,,189.0,ETH,3215.79,3215.68,18:18:09
2026-01-06 18:17:19+00:00,,139.0,ETH,3216.53,3216.45,18:17:19
2026-01-06 18:18:10+00:00,,190.0,ETH,3216.33,3216.17,18:18:10
2026-01-06 18:17:20+00:00,,140.0,ETH,3216.47,3216.44,18:17:20
2026-01-06 18:18:11+00:00,,191.0,ETH,3216.46,3216.24,18:18:11
2026-01-06 18:17:21+00:00,,141.0,ETH,3216.45,3216.4,18:17:21
2026-01-06 18:18:12+00:00,,192.0,ETH,3216.54,3216.38,18:18:12
2026-01-06 18:17:22+00:00,,142.0,ETH,3216.48,3216.4,18:17:22
2026-01-06 18:18:13+00:00,,193.0,ETH,3216.43,3216.23,18:18:13
2026-01-06 18:17:23+00:00,,143.0,ETH,3216.5,3216.42,18:17:23
2026-01-06 18:18:14+00:00,,194.0,ETH,3216.26,3216.16,18:18:14
2026-01-06 18:17:24+00:00,,144.0,ETH,3216.48,3216.41,18:17:24
2026-01-06 18:18:15+00:00,,195.0,ETH,3216.26,3216.14,18:18:15
2026-01-06 18:17:25+00:00,,145.0,ETH,3216.47,3216.41,18:17:25
2026-01-06 18:18:16+00:00,,196.0,ETH,3215.84,3215.79,18:18:16
2026-01-06 18:17:26+00:00,,146.0,ETH,3216.44,3216.35,18:17:26
2026-01-06 18:18:17+00:00,,197.0,ETH,3215.79,3215.7,18:18:17
2026-01-06 18:17:27+00:00,,147.0,ETH,3216.21,3216.03,18:17:27
2026-01-06 18:18:18+00:00,,198.0,ETH,3215.68,3215.65,18:18:18
2026-01-06 18:17:28+00:00,,148.0,ETH,3215.87,3215.6,18:17:28
2026-01-06 18:18:19+00:00,,199.0,ETH,3215.02,3214.93,18:18:19
2026-01-06 18:17:29+00:00,,149.0,ETH,3215.57,3215.35,18:17:29
2026-01-06 18:18:20+00:00,,200.0,ETH,3214.95,3214.93,18:18:20
2026-01-06 18:17:30+00:00,,150.0,ETH,3215.36,3215.28,18:17:30
2026-01-06 18:18:21+00:00,,201.0,ETH,3214.66,3214.65,18:18:21
2026-01-06 18:17:31+00:00,,151.0,ETH,3215.36,3215.28,18:17:31
2026-01-06 18:18:22+00:00,,202.0,ETH,3214.39,3214.37,18:18:22
2026-01-06 18:17:32+00:00,,152.0,ETH,3215.42,3215.29,18:17:32
2026-01-06 18:18:23+00:00,,203.0,ETH,3214.46,3214.34,18:18:23
2026-01-06 18:17:33+00:00,,153.0,ETH,3215.5,3215.41,18:17:33
2026-01-06 18:18:24+00:00,,204.0,ETH,3214.3,3214.11,18:18:24
2026-01-06 18:17:34+00:00,,154.0,ETH,3215.74,3215.61,18:17:34
2026-01-06 18:18:25+00:00,,205.0,ETH,3214.24,3214.11,18:18:25
2026-01-06 18:17:35+00:00,,155.0,ETH,3215.89,3215.75,18:17:35
2026-01-06 18:18:26+00:00,,206.0,ETH,3214.22,3214.05,18:18:26
2026-01-06 18:17:37+00:00,,157.0,ETH,3216.1,3215.94,18:17:37
2026-01-06 18:18:27+00:00,,207.0,ETH,3214.21,3214.05,18:18:27
2026-01-06 18:17:38+00:00,,158.0,ETH,3216.13,3215.91,18:17:38
2026-01-06 18:18:28+00:00,,208.0,ETH,3214.2,3214.05,18:18:28
2026-01-06 18:17:39+00:00,,159.0,ETH,3215.95,3215.79,18:17:39
2026-01-06 18:18:29+00:00,,209.0,ETH,3214.43,3214.28,18:18:29
2026-01-06 18:17:40+00:00,,160.0,ETH,3216.03,3215.84,18:17:40
2026-01-06 18:18:30+00:00,,210.0,ETH,3214.7,3214.53,18:18:30
2026-01-06 18:17:41+00:00,,161.0,ETH,3216.25,3216.06,18:17:41
2026-01-06 18:18:31+00:00,,211.0,ETH,3214.94,3214.75,18:18:31
2026-01-06 18:17:42+00:00,,162.0,ETH,3216.44,3216.26,18:17:42
2026-01-06 18:18:32+00:00,,212.0,ETH,3215.12,3214.91,18:18:32
2026-01-06 18:17:43+00:00,,163.0,ETH,3216.61,3216.41,18:17:43
2026-01-06 18:18:33+00:00,,213.0,ETH,3215.07,3214.88,18:18:33
2026-01-06 18:17:44+00:00,,164.0,ETH,3216.72,3216.48,18:17:44
2026-01-06 18:18:34+00:00,,214.0,ETH,3214.93,3214.74,18:18:34
2026-01-06 18:17:45+00:00,,165.0,ETH,3216.62,3216.42,18:17:45
2026-01-06 18:18:35+00:00,,215.0,ETH,3214.88,3214.74,18:18:35
2026-01-06 18:17:46+00:00,,166.0,ETH,3216.46,3216.28,18:17:46
2026-01-06 18:18:36+00:00,,216.0,ETH,3214.87,3214.73,18:18:36
2026-01-06 18:17:47+00:00,,167.0,ETH,3216.4,3216.15,18:17:47
2026-01-06 18:18:37+00:00,,217.0,ETH,3214.82,3214.59,18:18:37
2026-01-06 18:17:48+00:00,,168.0,ETH,3216.4,3216.15,18:17:48
2026-01-06 18:18:38+00:00,,218.0,ETH,3214.71,3214.56,18:18:38
2026-01-06 18:17:49+00:00,,169.0,ETH,3216.39,3216.14,18:17:49
2026-01-06 18:18:39+00:00,,219.0,ETH,3214.65,3214.56,18:18:39
2026-01-06 18:17:50+00:00,,170.0,ETH,3216.38,3216.11,18:17:50
2026-01-06 18:18:40+00:00,,220.0,ETH,3214.7,3214.53,18:18:40
2026-01-06 18:17:51+00:00,,171.0,ETH,3216.38,3216.12,18:17:51
2026-01-06 18:18:41+00:00,,221.0,ETH,3214.72,3214.55,18:18:41
2026-01-06 18:17:52+00:00,,172.0,ETH,3216.46,3216.31,18:17:52
2026-01-06 18:18:42+00:00,,222.0,ETH,3214.72,3214.56,18:18:42
2026-01-06 18:17:53+00:00,,173.0,ETH,3216.63,3216.52,18:17:53
2026-01-06 18:18:43+00:00,,223.0,ETH,3214.69,3214.47,18:18:43
2026-01-06 18:17:54+00:00,,174.0,ETH,3216.74,3216.54,18:17:54
2026-01-06 18:18:44+00:00,,224.0,ETH,3214.61,3214.44,18:18:44
2026-01-06 18:17:55+00:00,,175.0,ETH,3216.75,3216.54,18:17:55
2026-01-06 18:18:45+00:00,,225.0,ETH,3214.5,3214.33,18:18:45
2026-01-06 18:17:56+00:00,,176.0,ETH,3216.78,3216.62,18:17:56
2026-01-06 18:18:46+00:00,,226.0,ETH,3214.33,3214.18,18:18:46
2026-01-06 18:17:57+00:00,,177.0,ETH,3216.81,3216.62,18:17:57
2026-01-06 18:18:47+00:00,,227.0,ETH,3214.19,3214.13,18:18:47
2026-01-06 18:17:58+00:00,,178.0,ETH,3216.81,3216.55,18:17:58
2026-01-06 18:18:49+00:00,,229.0,ETH,3214.11,3214.08,18:18:49
2026-01-06 18:17:59+00:00,,179.0,ETH,3216.83,3216.62,18:17:59
2026-01-06 18:18:50+00:00,,230.0,ETH,3214.04,3214.03,18:18:50
2026-01-06 18:18:00+00:00,,180.0,ETH,3216.82,3216.61,18:18:00
2026-01-06 18:18:51+00:00,,231.0,ETH,3213.86,3213.72,18:18:51
2026-01-06 18:18:01+00:00,,181.0,ETH,3216.81,3216.5,18:18:01
2026-01-06 18:18:02+00:00,,182.0,ETH,3216.82,3216.47,18:18:02
2026-01-06 18:18:52+00:00,,232.0,ETH,3213.52,3213.37,18:18:52
2026-01-06 18:18:03+00:00,,183.0,ETH,3217.11,3216.93,18:18:03
2026-01-06 18:18:53+00:00,,233.0,ETH,3213.33,3213.3,18:18:53
2026-01-06 18:18:04+00:00,,184.0,ETH,3216.99,3216.75,18:18:04
2026-01-06 18:18:54+00:00,,234.0,ETH,3213.23,3213.09,18:18:54
2026-01-06 18:18:05+00:00,,185.0,ETH,3216.59,3216.24,18:18:05
2026-01-06 18:18:55+00:00,,235.0,ETH,3212.98,3212.73,18:18:55
2026-01-06 18:18:06+00:00,,186.0,ETH,3216.4,3216.19,18:18:06
2026-01-06 18:18:56+00:00,,236.0,ETH,3212.74,3212.58,18:18:56
2026-01-06 18:18:07+00:00,,187.0,ETH,3215.79,3215.64,18:18:07
2026-01-06 18:18:57+00:00,,237.0,ETH,3212.71,3212.62,18:18:57
2026-01-06 18:18:08+00:00,,188.0,ETH,3215.86,3215.79,18:18:08
2026-01-06 18:18:58+00:00,,238.0,ETH,3212.92,3212.84,18:18:58
2026-01-06 18:18:09+00:00,,189.0,ETH,3215.79,3215.68,18:18:09
2026-01-06 18:18:59+00:00,,239.0,ETH,3213.14,3213.08,18:18:59
2026-01-06 18:18:10+00:00,,190.0,ETH,3216.33,3216.17,18:18:10
2026-01-06 18:19:00+00:00,,240.0,ETH,3213.2,3213.1,18:19:00
2026-01-06 18:18:11+00:00,,191.0,ETH,3216.46,3216.24,18:18:11
2026-01-06 18:19:01+00:00,,241.0,ETH,3213.25,3213.12,18:19:01
2026-01-06 18:18:12+00:00,,192.0,ETH,3216.54,3216.38,18:18:12
2026-01-06 18:19:02+00:00,,242.0,ETH,3213.28,3213.13,18:19:02
2026-01-06 18:18:13+00:00,,193.0,ETH,3216.43,3216.23,18:18:13
2026-01-06 18:19:03+00:00,,243.0,ETH,3213.39,3213.22,18:19:03
2026-01-06 18:18:14+00:00,,194.0,ETH,3216.26,3216.16,18:18:14
2026-01-06 18:19:04+00:00,,244.0,ETH,3213.54,3213.33,18:19:04
2026-01-06 18:18:15+00:00,,195.0,ETH,3216.26,3216.14,18:18:15
2026-01-06 18:19:05+00:00,,245.0,ETH,3213.5,3213.28,18:19:05
2026-01-06 18:18:16+00:00,,196.0,ETH,3215.84,3215.79,18:18:16
2026-01-06 18:19:06+00:00,,246.0,ETH,3213.69,3213.48,18:19:06
2026-01-06 18:18:17+00:00,,197.0,ETH,3215.79,3215.7,18:18:17
2026-01-06 18:19:07+00:00,,247.0,ETH,3213.87,3213.71,18:19:07
2026-01-06 18:18:18+00:00,,198.0,ETH,3215.68,3215.65,18:18:18
2026-01-06 18:19:08+00:00,,248.0,ETH,3213.77,3213.51,18:19:08
2026-01-06 18:18:19+00:00,,199.0,ETH,3215.02,3214.93,18:18:19
2026-01-06 18:19:09+00:00,,249.0,ETH,3213.54,3213.27,18:19:09
2026-01-06 18:18:20+00:00,,200.0,ETH,3214.95,3214.93,18:18:20
2026-01-06 18:19:10+00:00,,250.0,ETH,3213.26,3213.19,18:19:10
2026-01-06 18:18:21+00:00,,201.0,ETH,3214.66,3214.65,18:18:21
2026-01-06 18:19:11+00:00,,251.0,ETH,3213.0,3212.99,18:19:11
2026-01-06 18:18:22+00:00,,202.0,ETH,3214.39,3214.37,18:18:22
2026-01-06 18:19:12+00:00,,252.0,ETH,3212.8,3212.77,18:19:12
2026-01-06 18:18:23+00:00,,203.0,ETH,3214.46,3214.34,18:18:23
2026-01-06 18:19:13+00:00,,253.0,ETH,3212.79,3212.74,18:19:13
2026-01-06 18:18:24+00:00,,204.0,ETH,3214.3,3214.11,18:18:24
2026-01-06 18:19:14+00:00,,254.0,ETH,3212.73,3212.69,18:19:14
2026-01-06 18:18:25+00:00,,205.0,ETH,3214.24,3214.11,18:18:25
2026-01-06 18:19:15+00:00,,255.0,ETH,3212.66,3212.63,18:19:15
2026-01-06 18:18:26+00:00,,206.0,ETH,3214.22,3214.05,18:18:26
2026-01-06 18:19:16+00:00,,256.0,ETH,3212.66,3212.63,18:19:16
2026-01-06 18:18:27+00:00,,207.0,ETH,3214.21,3214.05,18:18:27
2026-01-06 18:19:17+00:00,,257.0,ETH,3212.69,3212.69,18:19:17
2026-01-06 18:18:28+00:00,,208.0,ETH,3214.2,3214.05,18:18:28
2026-01-06 18:19:18+00:00,,258.0,ETH,3213.02,3212.87,18:19:18
2026-01-06 18:18:29+00:00,,209.0,ETH,3214.23,3214.09,18:18:29
2026-01-06 18:19:19+00:00,,259.0,ETH,3213.01,3212.88,18:19:19
2026-01-06 18:18:30+00:00,,210.0,ETH,3214.63,3214.46,18:18:30
2026-01-06 18:19:20+00:00,,260.0,ETH,3212.92,3212.84,18:19:20
2026-01-06 18:18:31+00:00,,211.0,ETH,3214.77,3214.59,18:18:31
2026-01-06 18:19:21+00:00,,261.0,ETH,3212.88,3212.83,18:19:21
2026-01-06 18:18:32+00:00,,212.0,ETH,3215.1,3214.91,18:18:32
2026-01-06 18:19:22+00:00,,262.0,ETH,3212.98,3212.81,18:19:22
2026-01-06 18:18:33+00:00,,213.0,ETH,3215.13,3214.91,18:18:33
2026-01-06 18:19:23+00:00,,263.0,ETH,3213.1,3212.83,18:19:23
2026-01-06 18:18:34+00:00,,214.0,ETH,3215.01,3214.85,18:18:34
2026-01-06 18:19:24+00:00,,264.0,ETH,3213.12,3213.01,18:19:24
2026-01-06 18:18:35+00:00,,215.0,ETH,3214.86,3214.64,18:18:35
2026-01-06 18:19:25+00:00,,265.0,ETH,3213.32,3213.11,18:19:25
2026-01-06 18:18:36+00:00,,216.0,ETH,3214.9,3214.84,18:18:36
2026-01-06 18:19:26+00:00,,266.0,ETH,3213.29,3212.97,18:19:26
2026-01-06 18:18:37+00:00,,217.0,ETH,3214.84,3214.62,18:18:37
2026-01-06 18:19:27+00:00,,267.0,ETH,3212.89,3212.88,18:19:27
2026-01-06 18:18:38+00:00,,218.0,ETH,3214.8,3214.56,18:18:38
2026-01-06 18:19:28+00:00,,268.0,ETH,3213.33,3213.15,18:19:28
2026-01-06 18:18:39+00:00,,219.0,ETH,3214.61,3214.56,18:18:39
2026-01-06 18:19:29+00:00,,269.0,ETH,3213.47,3213.27,18:19:29
2026-01-06 18:18:40+00:00,,220.0,ETH,3214.69,3214.56,18:18:40
2026-01-06 18:19:30+00:00,,270.0,ETH,3213.47,3213.32,18:19:30
2026-01-06 18:18:41+00:00,,221.0,ETH,3214.71,3214.5,18:18:41
2026-01-06 18:19:31+00:00,,271.0,ETH,3213.47,3213.32,18:19:31
2026-01-06 18:18:42+00:00,,222.0,ETH,3214.73,3214.6,18:18:42
2026-01-06 18:19:32+00:00,,272.0,ETH,3213.96,3213.86,18:19:32
2026-01-06 18:18:43+00:00,,223.0,ETH,3214.71,3214.51,18:18:43
2026-01-06 18:18:44+00:00,,224.0,ETH,3214.68,3214.42,18:18:44
2026-01-06 18:19:33+00:00,,273.0,ETH,3214.06,3213.94,18:19:33
2026-01-06 18:18:45+00:00,,225.0,ETH,3214.54,3214.45,18:18:45
2026-01-06 18:19:34+00:00,,274.0,ETH,3214.24,3214.13,18:19:34
2026-01-06 18:18:46+00:00,,226.0,ETH,3214.47,3214.22,18:18:46
2026-01-06 18:19:35+00:00,,275.0,ETH,3214.55,3214.43,18:19:35
2026-01-06 18:18:47+00:00,,227.0,ETH,3214.19,3214.14,18:18:47
2026-01-06 18:19:36+00:00,,276.0,ETH,3214.82,3214.64,18:19:36
2026-01-06 18:18:48+00:00,,228.0,ETH,3214.18,3214.13,18:18:48
2026-01-06 18:19:37+00:00,,277.0,ETH,3214.92,3214.71,18:19:37
2026-01-06 18:18:49+00:00,,229.0,ETH,3214.11,3214.08,18:18:49
2026-01-06 18:19:38+00:00,,278.0,ETH,3214.96,3214.8,18:19:38
2026-01-06 18:18:50+00:00,,230.0,ETH,3214.04,3214.03,18:18:50
2026-01-06 18:19:39+00:00,,279.0,ETH,3214.97,3214.83,18:19:39
2026-01-06 18:19:40+00:00,,280.0,ETH,3215.0,3214.82,18:19:40
2026-01-06 18:18:51+00:00,,231.0,ETH,3213.86,3213.72,18:18:51
2026-01-06 18:19:41+00:00,,281.0,ETH,3215.23,3215.0,18:19:41
2026-01-06 18:18:52+00:00,,232.0,ETH,3213.68,3213.41,18:18:52
2026-01-06 18:18:53+00:00,,233.0,ETH,3213.36,3213.33,18:18:53
2026-01-06 18:19:42+00:00,,282.0,ETH,3215.3,3215.23,18:19:42
2026-01-06 18:19:43+00:00,,283.0,ETH,3215.52,3215.27,18:19:43
2026-01-06 18:18:54+00:00,,234.0,ETH,3213.31,3213.27,18:18:54
2026-01-06 18:19:44+00:00,,284.0,ETH,3215.36,3215.19,18:19:44
2026-01-06 18:18:55+00:00,,235.0,ETH,3213.15,3212.92,18:18:55
2026-01-06 18:19:45+00:00,,285.0,ETH,3214.65,3214.57,18:19:45
2026-01-06 18:18:56+00:00,,236.0,ETH,3212.8,3212.54,18:18:56
2026-01-06 18:19:46+00:00,,286.0,ETH,3214.61,3214.38,18:19:46
2026-01-06 18:18:57+00:00,,237.0,ETH,3212.68,3212.63,18:18:57
2026-01-06 18:19:47+00:00,,287.0,ETH,3214.81,3214.67,18:19:47
2026-01-06 18:18:58+00:00,,238.0,ETH,3212.73,3212.6,18:18:58
2026-01-06 18:19:48+00:00,,288.0,ETH,3214.78,3214.57,18:19:48
2026-01-06 18:18:59+00:00,,239.0,ETH,3213.11,3213.07,18:18:59
2026-01-06 18:19:49+00:00,,289.0,ETH,3214.8,3214.55,18:19:49
2026-01-06 18:19:00+00:00,,240.0,ETH,3213.17,3213.09,18:19:00
2026-01-06 18:19:50+00:00,,290.0,ETH,3214.76,3214.5,18:19:50
2026-01-06 18:19:01+00:00,,241.0,ETH,3213.22,3213.11,18:19:01
2026-01-06 18:19:51+00:00,,291.0,ETH,3214.74,3214.47,18:19:51
2026-01-06 18:19:02+00:00,,242.0,ETH,3213.28,3213.13,18:19:02
2026-01-06 18:19:03+00:00,,243.0,ETH,3213.28,3213.13,18:19:03
2026-01-06 18:19:52+00:00,,292.0,ETH,3214.72,3214.47,18:19:52
2026-01-06 18:19:53+00:00,,293.0,ETH,3214.79,3214.47,18:19:53
2026-01-06 18:19:04+00:00,,244.0,ETH,3213.51,3213.32,18:19:04
2026-01-06 18:19:54+00:00,,294.0,ETH,3214.79,3214.45,18:19:54
2026-01-06 18:19:05+00:00,,245.0,ETH,3213.57,3213.34,18:19:05
2026-01-06 18:19:55+00:00,,295.0,ETH,3214.79,3214.63,18:19:55
2026-01-06 18:19:06+00:00,,246.0,ETH,3213.43,3213.22,18:19:06
2026-01-06 18:19:56+00:00,,296.0,ETH,3214.79,3214.62,18:19:56
2026-01-06 18:19:07+00:00,,247.0,ETH,3213.95,3213.74,18:19:07
2026-01-06 18:19:57+00:00,,297.0,ETH,3214.79,3214.46,18:19:57
2026-01-06 18:19:08+00:00,,248.0,ETH,3213.78,3213.68,18:19:08
2026-01-06 18:19:58+00:00,,298.0,ETH,3214.79,3214.54,18:19:58
2026-01-06 18:19:09+00:00,,249.0,ETH,3213.77,3213.34,18:19:09
2026-01-06 18:19:59+00:00,,299.0,ETH,3214.76,3214.58,18:19:59
2026-01-06 18:19:10+00:00,,250.0,ETH,3213.31,3213.19,18:19:10
2026-01-06 18:20:00+00:00,,300.0,ETH,3214.76,3214.51,18:20:00
2026-01-06 18:19:11+00:00,,251.0,ETH,3213.0,3212.99,18:19:11
2026-01-06 18:20:01+00:00,,301.0,ETH,3214.72,3214.5,18:20:01
2026-01-06 18:19:12+00:00,,252.0,ETH,3212.8,3212.79,18:19:12
2026-01-06 18:20:02+00:00,,302.0,ETH,3214.81,3214.73,18:20:02
2026-01-06 18:19:13+00:00,,253.0,ETH,3212.8,3212.74,18:19:13
2026-01-06 18:20:03+00:00,,303.0,ETH,3215.13,3215.09,18:20:03
2026-01-06 18:19:14+00:00,,254.0,ETH,3212.79,3212.74,18:19:14
2026-01-06 18:19:15+00:00,,255.0,ETH,3212.66,3212.64,18:19:15
2026-01-06 18:20:04+00:00,,304.0,ETH,3214.96,3214.87,18:20:04
2026-01-06 18:19:16+00:00,,256.0,ETH,3212.66,3212.63,18:19:16
2026-01-06 18:20:05+00:00,,305.0,ETH,3215.19,3215.08,18:20:05
2026-01-06 18:19:17+00:00,,257.0,ETH,3212.69,3212.69,18:19:17
2026-01-06 18:20:06+00:00,,306.0,ETH,3215.55,3215.3,18:20:06
2026-01-06 18:19:18+00:00,,258.0,ETH,3213.02,3212.87,18:19:18
2026-01-06 18:20:07+00:00,,307.0,ETH,3215.65,3215.27,18:20:07
2026-01-06 18:19:19+00:00,,259.0,ETH,3213.01,3212.88,18:19:19
2026-01-06 18:20:08+00:00,,308.0,ETH,3215.72,3215.47,18:20:08
2026-01-06 18:19:20+00:00,,260.0,ETH,3212.92,3212.84,18:19:20
2026-01-06 18:20:09+00:00,,309.0,ETH,3215.73,3215.55,18:20:09
2026-01-06 18:19:21+00:00,,261.0,ETH,3212.88,3212.83,18:19:21
2026-01-06 18:20:10+00:00,,310.0,ETH,3215.61,3215.31,18:20:10
2026-01-06 18:19:22+00:00,,262.0,ETH,3212.98,3212.81,18:19:22
2026-01-06 18:20:11+00:00,,311.0,ETH,3215.4,3215.12,18:20:11
2026-01-06 18:19:23+00:00,,263.0,ETH,3213.1,3212.83,18:19:23
2026-01-06 18:20:12+00:00,,312.0,ETH,3215.33,3215.21,18:20:12
2026-01-06 18:19:24+00:00,,264.0,ETH,3213.12,3213.01,18:19:24
2026-01-06 18:20:13+00:00,,313.0,ETH,3215.5,3215.34,18:20:13
2026-01-06 18:19:25+00:00,,265.0,ETH,3213.32,3213.11,18:19:25
2026-01-06 18:20:14+00:00,,314.0,ETH,3215.56,3215.29,18:20:14
2026-01-06 18:19:26+00:00,,266.0,ETH,3213.29,3212.97,18:19:26
2026-01-06 18:20:15+00:00,,315.0,ETH,3215.57,3215.34,18:20:15
2026-01-06 18:19:27+00:00,,267.0,ETH,3212.89,3212.88,18:19:27
2026-01-06 18:20:16+00:00,,316.0,ETH,3216.09,3215.85,18:20:16
2026-01-06 18:19:28+00:00,,268.0,ETH,3213.33,3213.15,18:19:28
2026-01-06 18:20:17+00:00,,317.0,ETH,3216.56,3216.29,18:20:17
2026-01-06 18:19:29+00:00,,269.0,ETH,3213.47,3213.27,18:19:29
2026-01-06 18:19:30+00:00,,270.0,ETH,3213.47,3213.32,18:19:30
2026-01-06 18:20:18+00:00,,318.0,ETH,3216.64,3216.37,18:20:18
2026-01-06 18:19:31+00:00,,271.0,ETH,3213.47,3213.32,18:19:31
2026-01-06 18:20:19+00:00,,319.0,ETH,3216.78,3216.53,18:20:19
2026-01-06 18:19:32+00:00,,272.0,ETH,3213.96,3213.86,18:19:32
2026-01-06 18:20:20+00:00,,320.0,ETH,3216.9,3216.6,18:20:20
2026-01-06 18:19:33+00:00,,273.0,ETH,3214.06,3213.94,18:19:33
2026-01-06 18:20:21+00:00,,321.0,ETH,3216.96,3216.68,18:20:21
2026-01-06 18:19:34+00:00,,274.0,ETH,3214.16,3214.02,18:19:34
2026-01-06 18:20:22+00:00,,322.0,ETH,3216.98,3216.79,18:20:22
2026-01-06 18:19:35+00:00,,275.0,ETH,3214.31,3214.24,18:19:35
2026-01-06 18:20:23+00:00,,323.0,ETH,3217.03,3216.95,18:20:23
2026-01-06 18:19:36+00:00,,276.0,ETH,3214.78,3214.62,18:19:36
2026-01-06 18:20:24+00:00,,324.0,ETH,3217.08,3216.99,18:20:24
2026-01-06 18:19:37+00:00,,277.0,ETH,3214.86,3214.67,18:19:37
2026-01-06 18:20:25+00:00,,325.0,ETH,3217.49,3217.38,18:20:25
2026-01-06 18:19:38+00:00,,278.0,ETH,3214.97,3214.76,18:19:38
2026-01-06 18:20:26+00:00,,326.0,ETH,3217.85,3217.67,18:20:26
2026-01-06 18:19:39+00:00,,279.0,ETH,3214.95,3214.84,18:19:39
2026-01-06 18:20:28+00:00,,328.0,ETH,3217.8,3217.52,18:20:28
2026-01-06 18:19:40+00:00,,280.0,ETH,3215.11,3214.91,18:19:40
2026-01-06 18:20:29+00:00,,329.0,ETH,3217.65,3217.45,18:20:29
2026-01-06 18:19:41+00:00,,281.0,ETH,3215.26,3215.12,18:19:41
2026-01-06 18:20:30+00:00,,330.0,ETH,3217.45,3217.26,18:20:30
2026-01-06 18:19:42+00:00,,282.0,ETH,3215.41,3215.25,18:19:42
2026-01-06 18:20:31+00:00,,331.0,ETH,3217.29,3217.04,18:20:31
2026-01-06 18:19:43+00:00,,283.0,ETH,3215.44,3215.23,18:19:43
2026-01-06 18:20:32+00:00,,332.0,ETH,3217.02,3216.84,18:20:32
2026-01-06 18:19:44+00:00,,284.0,ETH,3215.0,3214.88,18:19:44
2026-01-06 18:20:33+00:00,,333.0,ETH,3217.04,3216.88,18:20:33
2026-01-06 18:19:45+00:00,,285.0,ETH,3214.63,3214.48,18:19:45
2026-01-06 18:20:35+00:00,,335.0,ETH,3217.25,3217.01,18:20:35
2026-01-06 18:19:46+00:00,,286.0,ETH,3214.71,3214.53,18:19:46
2026-01-06 18:20:36+00:00,,336.0,ETH,3217.29,3217.05,18:20:36
2026-01-06 18:19:47+00:00,,287.0,ETH,3214.79,3214.62,18:19:47
2026-01-06 18:20:37+00:00,,337.0,ETH,3217.33,3217.09,18:20:37
2026-01-06 18:19:48+00:00,,288.0,ETH,3214.79,3214.56,18:19:48
2026-01-06 18:20:38+00:00,,338.0,ETH,3217.65,3217.38,18:20:38
2026-01-06 18:19:49+00:00,,289.0,ETH,3214.78,3214.52,18:19:49
2026-01-06 18:20:39+00:00,,339.0,ETH,3217.74,3217.53,18:20:39
2026-01-06 18:19:50+00:00,,290.0,ETH,3214.75,3214.48,18:19:50
2026-01-06 18:20:40+00:00,,340.0,ETH,3218.19,3217.8,18:20:40
2026-01-06 18:19:51+00:00,,291.0,ETH,3214.73,3214.47,18:19:51
2026-01-06 18:20:41+00:00,,341.0,ETH,3218.19,3217.8,18:20:41
2026-01-06 18:19:52+00:00,,292.0,ETH,3214.76,3214.47,18:19:52
2026-01-06 18:20:42+00:00,,342.0,ETH,3218.18,3217.79,18:20:42
2026-01-06 18:19:53+00:00,,293.0,ETH,3214.79,3214.46,18:19:53
2026-01-06 18:20:43+00:00,,343.0,ETH,3218.18,3217.83,18:20:43
2026-01-06 18:19:55+00:00,,295.0,ETH,3214.79,3214.63,18:19:55
2026-01-06 18:20:44+00:00,,344.0,ETH,3218.17,3217.8,18:20:44
2026-01-06 18:20:45+00:00,,345.0,ETH,3218.06,3217.81,18:20:45
2026-01-06 18:19:56+00:00,,296.0,ETH,3214.79,3214.54,18:19:56
2026-01-06 18:20:46+00:00,,346.0,ETH,3218.16,3217.97,18:20:46
2026-01-06 18:19:57+00:00,,297.0,ETH,3214.79,3214.5,18:19:57
2026-01-06 18:20:47+00:00,,347.0,ETH,3218.04,3217.8,18:20:47
2026-01-06 18:19:59+00:00,,299.0,ETH,3214.76,3214.58,18:19:59
2026-01-06 18:20:48+00:00,,348.0,ETH,3218.04,3217.8,18:20:48
2026-01-06 18:20:49+00:00,,349.0,ETH,3217.96,3217.81,18:20:49
2026-01-06 18:20:00+00:00,,300.0,ETH,3214.76,3214.51,18:20:00
2026-01-06 18:20:50+00:00,,350.0,ETH,3217.95,3217.77,18:20:50
2026-01-06 18:20:51+00:00,,351.0,ETH,3217.71,3217.65,18:20:51
2026-01-06 18:20:52+00:00,,352.0,ETH,3217.53,3217.44,18:20:52
2026-01-06 18:20:53+00:00,,353.0,ETH,3217.42,3217.29,18:20:53
2026-01-06 18:20:54+00:00,,354.0,ETH,3217.26,3217.18,18:20:54
2026-01-06 18:20:55+00:00,,355.0,ETH,3217.11,3217.1,18:20:55
2026-01-06 18:20:56+00:00,,356.0,ETH,3217.08,3217.01,18:20:56
2026-01-06 18:20:57+00:00,,357.0,ETH,3216.94,3216.8,18:20:57
2026-01-06 18:20:58+00:00,,358.0,ETH,3216.76,3216.66,18:20:58
2026-01-06 18:20:59+00:00,,359.0,ETH,3216.63,3216.54,18:20:59
2026-01-06 18:21:00+00:00,,360.0,ETH,3216.52,3216.41,18:21:00
2026-01-06 18:21:01+00:00,,361.0,ETH,3216.36,3216.31,18:21:01
2026-01-06 18:21:02+00:00,,362.0,ETH,3216.23,3216.21,18:21:02
2026-01-06 18:21:03+00:00,,363.0,ETH,3216.25,3216.19,18:21:03
2026-01-06 18:21:04+00:00,,364.0,ETH,3216.29,3216.17,18:21:04
2026-01-06 18:21:05+00:00,,365.0,ETH,3216.29,3216.17,18:21:05
2026-01-06 18:21:06+00:00,,366.0,ETH,3216.24,3216.16,18:21:06
2026-01-06 18:21:07+00:00,,367.0,ETH,3216.17,3216.15,18:21:07
2026-01-06 18:21:08+00:00,,368.0,ETH,3216.16,3216.15,18:21:08
2026-01-06 18:21:09+00:00,,369.0,ETH,3216.16,3216.15,18:21:09
2026-01-06 18:21:10+00:00,,370.0,ETH,3216.04,3216.0,18:21:10
2026-01-06 18:21:11+00:00,,371.0,ETH,3215.88,3215.78,18:21:11
2026-01-06 18:21:12+00:00,,372.0,ETH,3215.85,3215.75,18:21:12
2026-01-06 18:21:13+00:00,,373.0,ETH,3215.81,3215.72,18:21:13
2026-01-06 18:21:14+00:00,,374.0,ETH,3215.78,3215.68,18:21:14
2026-01-06 18:21:15+00:00,,375.0,ETH,3215.78,3215.7,18:21:15
2026-01-06 18:21:16+00:00,,376.0,ETH,3215.89,3215.78,18:21:16
2026-01-06 18:21:17+00:00,,377.0,ETH,3215.79,3215.73,18:21:17
2026-01-06 18:21:18+00:00,,378.0,ETH,3216.36,3216.34,18:21:18
2026-01-06 18:21:19+00:00,,379.0,ETH,3216.46,3216.41,18:21:19
2026-01-06 18:21:20+00:00,,380.0,ETH,3216.47,3216.28,18:21:20
2026-01-06 18:21:21+00:00,,381.0,ETH,3216.77,3216.52,18:21:21
2026-01-06 18:21:22+00:00,,382.0,ETH,3216.82,3216.66,18:21:22
2026-01-06 18:21:23+00:00,,383.0,ETH,3216.82,3216.72,18:21:23
2026-01-06 18:21:24+00:00,,384.0,ETH,3216.53,3216.37,18:21:24
2026-01-06 18:21:25+00:00,,385.0,ETH,3216.39,3216.25,18:21:25
2026-01-06 18:21:26+00:00,,386.0,ETH,3216.15,3216.05,18:21:26
2026-01-06 18:21:27+00:00,,387.0,ETH,3215.98,3215.98,18:21:27
2026-01-06 18:21:28+00:00,,388.0,ETH,3216.19,3216.05,18:21:28
2026-01-06 18:21:29+00:00,,389.0,ETH,3216.19,3216.05,18:21:29
2026-01-06 18:21:30+00:00,,390.0,ETH,3216.19,3216.04,18:21:30
2026-01-06 18:21:31+00:00,,391.0,ETH,3216.18,3216.02,18:21:31
2026-01-06 18:21:32+00:00,,392.0,ETH,3216.19,3216.02,18:21:32
2026-01-06 18:21:33+00:00,,393.0,ETH,3216.22,3216.03,18:21:33
2026-01-06 18:21:34+00:00,,394.0,ETH,3216.26,3216.05,18:21:34
2026-01-06 18:21:35+00:00,,395.0,ETH,3216.28,3216.05,18:21:35
2026-01-06 18:21:36+00:00,,396.0,ETH,3216.26,3216.03,18:21:36
2026-01-06 18:21:37+00:00,,397.0,ETH,3216.26,3216.04,18:21:37
2026-01-06 18:21:38+00:00,,398.0,ETH,3216.27,3216.04,18:21:38
2026-01-06 18:21:39+00:00,,399.0,ETH,3216.27,3216.05,18:21:39
2026-01-06 18:21:40+00:00,,400.0,ETH,3216.26,3216.05,18:21:40
2026-01-06 18:21:41+00:00,,401.0,ETH,3216.27,3216.06,18:21:41
2026-01-06 18:21:42+00:00,,402.0,ETH,3216.25,3216.12,18:21:42
2026-01-06 18:21:43+00:00,,403.0,ETH,3216.29,3216.15,18:21:43
2026-01-06 18:21:44+00:00,,404.0,ETH,3216.12,3215.73,18:21:44
2026-01-06 18:21:45+00:00,,405.0,ETH,3215.88,3215.65,18:21:45
2026-01-06 18:21:46+00:00,,406.0,ETH,3215.88,3215.69,18:21:46
2026-01-06 18:21:47+00:00,,407.0,ETH,3215.88,3215.67,18:21:47
2026-01-06 18:21:48+00:00,,408.0,ETH,3215.68,3215.59,18:21:48
2026-01-06 18:21:49+00:00,,409.0,ETH,3215.69,3215.6,18:21:49
2026-01-06 18:21:50+00:00,,410.0,ETH,3215.69,3215.6,18:21:50
2026-01-06 18:21:51+00:00,,411.0,ETH,3215.68,3215.58,18:21:51
2026-01-06 18:21:52+00:00,,412.0,ETH,3215.45,3215.43,18:21:52
2026-01-06 18:21:53+00:00,,413.0,ETH,3215.45,3215.44,18:21:53
2026-01-06 18:21:54+00:00,,414.0,ETH,3215.45,3215.42,18:21:54
2026-01-06 18:21:55+00:00,,415.0,ETH,3215.42,3215.41,18:21:55
2026-01-06 18:21:56+00:00,,416.0,ETH,3215.42,3215.4,18:21:56
2026-01-06 18:21:57+00:00,,417.0,ETH,3215.2,3215.16,18:21:57
2026-01-06 18:21:58+00:00,,418.0,ETH,3215.19,3215.15,18:21:58
2026-01-06 18:21:59+00:00,,419.0,ETH,3214.91,3214.88,18:21:59
2026-01-06 18:22:00+00:00,,420.0,ETH,3214.83,3214.78,18:22:00
2026-01-06 18:22:01+00:00,,421.0,ETH,3214.64,3214.57,18:22:01
2026-01-06 18:22:02+00:00,,422.0,ETH,3215.26,3215.13,18:22:02
2026-01-06 18:22:03+00:00,,423.0,ETH,3216.19,3216.18,18:22:03
2026-01-06 18:22:04+00:00,,424.0,ETH,3216.55,3216.5,18:22:04
2026-01-06 18:22:05+00:00,,425.0,ETH,3216.53,3216.46,18:22:05
2026-01-06 18:22:06+00:00,,426.0,ETH,3216.72,3216.59,18:22:06
2026-01-06 18:22:07+00:00,,427.0,ETH,3216.95,3216.77,18:22:07
2026-01-06 18:22:08+00:00,,428.0,ETH,3216.96,3216.77,18:22:08
2026-01-06 18:22:09+00:00,,429.0,ETH,3216.94,3216.75,18:22:09
2026-01-06 18:22:10+00:00,,430.0,ETH,3216.94,3216.73,18:22:10
2026-01-06 18:22:11+00:00,,431.0,ETH,3216.89,3216.69,18:22:11
2026-01-06 18:22:12+00:00,,432.0,ETH,3216.81,3216.66,18:22:12
2026-01-06 18:22:13+00:00,,433.0,ETH,3216.78,3216.61,18:22:13
2026-01-06 18:22:14+00:00,,434.0,ETH,3216.83,3216.61,18:22:14
2026-01-06 18:22:15+00:00,,435.0,ETH,3216.9,3216.68,18:22:15
2026-01-06 18:22:16+00:00,,436.0,ETH,3216.88,3216.7,18:22:16
2026-01-06 18:22:17+00:00,,437.0,ETH,3216.89,3216.73,18:22:17
2026-01-06 18:22:18+00:00,,438.0,ETH,3216.99,3216.78,18:22:18
2026-01-06 18:22:19+00:00,,439.0,ETH,3217.05,3216.79,18:22:19
2026-01-06 18:22:20+00:00,,440.0,ETH,3217.05,3216.78,18:22:20
2026-01-06 18:22:21+00:00,,441.0,ETH,3217.04,3216.76,18:22:21
2026-01-06 18:22:22+00:00,,442.0,ETH,3217.04,3216.78,18:22:22
2026-01-06 18:22:23+00:00,,443.0,ETH,3217.04,3216.8,18:22:23
2026-01-06 18:22:24+00:00,,444.0,ETH,3216.98,3216.8,18:22:24
2026-01-06 18:22:25+00:00,,445.0,ETH,3216.76,3216.67,18:22:25
2026-01-06 18:22:26+00:00,,446.0,ETH,3216.54,3216.5,18:22:26
2026-01-06 18:22:27+00:00,,447.0,ETH,3216.67,3216.61,18:22:27
2026-01-06 18:22:28+00:00,,448.0,ETH,3216.92,3216.78,18:22:28
2026-01-06 18:22:29+00:00,,449.0,ETH,3217.02,3216.8,18:22:29
2026-01-06 18:22:30+00:00,,450.0,ETH,3217.03,3216.8,18:22:30
2026-01-06 18:22:31+00:00,,451.0,ETH,3217.13,3216.91,18:22:31
2026-01-06 18:22:32+00:00,,452.0,ETH,3217.26,3217.06,18:22:32
2026-01-06 18:22:33+00:00,,453.0,ETH,3217.24,3217.06,18:22:33
2026-01-06 18:22:34+00:00,,454.0,ETH,3217.0,3216.75,18:22:34
2026-01-06 18:22:35+00:00,,455.0,ETH,3216.78,3216.48,18:22:35
2026-01-06 18:22:36+00:00,,456.0,ETH,3216.75,3216.48,18:22:36
2026-01-06 18:22:37+00:00,,457.0,ETH,3216.79,3216.59,18:22:37
2026-01-06 18:22:38+00:00,,458.0,ETH,3216.95,3216.73,18:22:38
2026-01-06 18:22:39+00:00,,459.0,ETH,3217.24,3217.05,18:22:39
2026-01-06 18:22:40+00:00,,460.0,ETH,3217.55,3217.37,18:22:40
2026-01-06 18:22:41+00:00,,461.0,ETH,3217.69,3217.37,18:22:41
2026-01-06 18:22:42+00:00,,462.0,ETH,3217.69,3217.36,18:22:42
2026-01-06 18:22:43+00:00,,463.0,ETH,3217.69,3217.35,18:22:43
2026-01-06 18:22:44+00:00,,464.0,ETH,3217.67,3217.34,18:22:44
2026-01-06 18:22:45+00:00,,465.0,ETH,3217.6,3217.35,18:22:45
2026-01-06 18:22:46+00:00,,466.0,ETH,3217.56,3217.36,18:22:46
2026-01-06 18:22:47+00:00,,467.0,ETH,3217.53,3217.32,18:22:47
2026-01-06 18:22:48+00:00,,468.0,ETH,3217.43,3217.26,18:22:48
2026-01-06 18:22:49+00:00,,469.0,ETH,3217.4,3217.24,18:22:49
2026-01-06 18:22:50+00:00,,470.0,ETH,3217.49,3217.4,18:22:50
2026-01-06 18:22:51+00:00,,471.0,ETH,3217.69,3217.59,18:22:51
2026-01-06 18:22:52+00:00,,472.0,ETH,3217.8,3217.63,18:22:52
2026-01-06 18:22:53+00:00,,473.0,ETH,3217.81,3217.62,18:22:53
2026-01-06 18:22:54+00:00,,474.0,ETH,3217.81,3217.66,18:22:54
2026-01-06 18:22:55+00:00,,475.0,ETH,3217.83,3217.74,18:22:55
2026-01-06 18:22:56+00:00,,476.0,ETH,3217.77,3217.66,18:22:56
2026-01-06 18:22:57+00:00,,477.0,ETH,3217.44,3217.34,18:22:57
2026-01-06 18:22:58+00:00,,478.0,ETH,3217.31,3217.19,18:22:58
2026-01-06 18:22:59+00:00,,479.0,ETH,3217.11,3216.99,18:22:59
2026-01-06 18:23:00+00:00,,480.0,ETH,3217.09,3216.93,18:23:00
2026-01-06 18:23:01+00:00,,481.0,ETH,3217.09,3216.9,18:23:01
2026-01-06 18:23:02+00:00,,482.0,ETH,3217.31,3217.08,18:23:02
2026-01-06 18:23:03+00:00,,483.0,ETH,3217.12,3216.89,18:23:03
2026-01-06 18:23:04+00:00,,484.0,ETH,3216.83,3216.68,18:23:04
2026-01-06 18:23:05+00:00,,485.0,ETH,3216.73,3216.61,18:23:05
2026-01-06 18:23:06+00:00,,486.0,ETH,3216.78,3216.62,18:23:06
2026-01-06 18:23:07+00:00,,487.0,ETH,3216.78,3216.62,18:23:07
2026-01-06 18:23:08+00:00,,488.0,ETH,3216.66,3216.53,18:23:08
2026-01-06 18:23:09+00:00,,489.0,ETH,3216.66,3216.49,18:23:09
2026-01-06 18:23:10+00:00,,490.0,ETH,3216.69,3216.49,18:23:10
2026-01-06 18:23:11+00:00,,491.0,ETH,3216.68,3216.51,18:23:11
2026-01-06 18:23:12+00:00,,492.0,ETH,3216.68,3216.53,18:23:12
2026-01-06 18:23:13+00:00,,493.0,ETH,3216.67,3216.54,18:23:13
2026-01-06 18:23:14+00:00,,494.0,ETH,3216.68,3216.53,18:23:14
2026-01-06 18:23:15+00:00,,495.0,ETH,3216.69,3216.51,18:23:15
2026-01-06 18:23:16+00:00,,496.0,ETH,3216.69,3216.5,18:23:16
2026-01-06 18:23:17+00:00,,497.0,ETH,3216.69,3216.53,18:23:17
2026-01-06 18:23:18+00:00,,498.0,ETH,3216.69,3216.53,18:23:18
2026-01-06 18:23:19+00:00,,499.0,ETH,3216.62,3216.52,18:23:19
2026-01-06 18:23:20+00:00,,500.0,ETH,3216.59,3216.52,18:23:20
2026-01-06 18:23:21+00:00,,501.0,ETH,3216.25,3216.24,18:23:21
2026-01-06 18:23:22+00:00,,502.0,ETH,3216.23,3216.01,18:23:22
2026-01-06 18:23:23+00:00,,503.0,ETH,3216.32,3216.24,18:23:23
2026-01-06 18:23:24+00:00,,504.0,ETH,3216.25,3216.04,18:23:24
2026-01-06 18:23:25+00:00,,505.0,ETH,3216.25,3216.09,18:23:25
2026-01-06 18:23:26+00:00,,506.0,ETH,3216.25,3216.06,18:23:26
2026-01-06 18:23:27+00:00,,507.0,ETH,3216.14,3216.02,18:23:27
2026-01-06 18:23:28+00:00,,508.0,ETH,3215.85,3215.66,18:23:28
2026-01-06 18:23:29+00:00,,509.0,ETH,3215.2,3215.09,18:23:29
2026-01-06 18:23:30+00:00,,510.0,ETH,3215.1,3214.95,18:23:30
2026-01-06 18:23:31+00:00,,511.0,ETH,3214.8,3214.74,18:23:31
2026-01-06 18:23:32+00:00,,512.0,ETH,3214.45,3214.33,18:23:32
2026-01-06 18:23:33+00:00,,513.0,ETH,3214.39,3214.34,18:23:33
2026-01-06 18:23:34+00:00,,514.0,ETH,3214.37,3214.31,18:23:34
2026-01-06 18:23:35+00:00,,515.0,ETH,3214.37,3214.28,18:23:35
2026-01-06 18:23:36+00:00,,516.0,ETH,3214.21,3214.04,18:23:36
2026-01-06 18:23:37+00:00,,517.0,ETH,3214.07,3213.94,18:23:37
2026-01-06 18:23:38+00:00,,518.0,ETH,3213.93,3213.84,18:23:38
2026-01-06 18:23:39+00:00,,519.0,ETH,3213.79,3213.74,18:23:39
2026-01-06 18:23:40+00:00,,520.0,ETH,3213.75,3213.59,18:23:40
2026-01-06 18:23:41+00:00,,521.0,ETH,3213.78,3213.7,18:23:41
2026-01-06 18:23:42+00:00,,522.0,ETH,3213.83,3213.75,18:23:42
2026-01-06 18:23:43+00:00,,523.0,ETH,3213.82,3213.72,18:23:43
2026-01-06 18:23:44+00:00,,524.0,ETH,3213.68,3213.59,18:23:44
2026-01-06 18:23:45+00:00,,525.0,ETH,3213.58,3213.49,18:23:45
2026-01-06 18:23:46+00:00,,526.0,ETH,3213.58,3213.48,18:23:46
2026-01-06 18:23:47+00:00,,527.0,ETH,3213.56,3213.48,18:23:47
2026-01-06 18:23:48+00:00,,528.0,ETH,3213.65,3213.55,18:23:48
2026-01-06 18:23:49+00:00,,529.0,ETH,3213.66,3213.54,18:23:49
2026-01-06 18:23:50+00:00,,530.0,ETH,3213.51,3213.4,18:23:50
2026-01-06 18:23:51+00:00,,531.0,ETH,3213.45,3213.35,18:23:51
2026-01-06 18:23:53+00:00,,533.0,ETH,3213.34,3213.3,18:23:53
2026-01-06 18:23:54+00:00,,534.0,ETH,3213.33,3213.21,18:23:54
2026-01-06 18:23:55+00:00,,535.0,ETH,3213.2,3213.15,18:23:55
2026-01-06 18:23:56+00:00,,536.0,ETH,3213.21,3213.17,18:23:56
2026-01-06 18:23:57+00:00,,537.0,ETH,3213.22,3213.17,18:23:57
2026-01-06 18:23:58+00:00,,538.0,ETH,3213.39,3213.18,18:23:58
2026-01-06 18:23:59+00:00,,539.0,ETH,3213.49,3213.4,18:23:59
2026-01-06 18:24:00+00:00,,540.0,ETH,3213.97,3213.95,18:24:00
2026-01-06 18:24:01+00:00,,541.0,ETH,3214.13,3213.83,18:24:01
2026-01-06 18:24:02+00:00,,542.0,ETH,3213.49,3213.44,18:24:02
2026-01-06 18:24:03+00:00,,543.0,ETH,3213.48,3213.37,18:24:03
2026-01-06 18:24:04+00:00,,544.0,ETH,3213.53,3213.46,18:24:04
2026-01-06 18:24:05+00:00,,545.0,ETH,3213.53,3213.35,18:24:05
2026-01-06 18:24:06+00:00,,546.0,ETH,3213.9,3213.85,18:24:06
2026-01-06 18:24:07+00:00,,547.0,ETH,3214.15,3213.91,18:24:07
2026-01-06 18:24:08+00:00,,548.0,ETH,3214.03,3213.87,18:24:08
2026-01-06 18:24:09+00:00,,549.0,ETH,3214.03,3213.91,18:24:09
2026-01-06 18:24:10+00:00,,550.0,ETH,3214.03,3213.93,18:24:10
2026-01-06 18:24:11+00:00,,551.0,ETH,3214.04,3213.94,18:24:11
2026-01-06 18:24:12+00:00,,552.0,ETH,3214.03,3213.79,18:24:12
2026-01-06 18:24:13+00:00,,553.0,ETH,3214.06,3213.91,18:24:13
2026-01-06 18:24:14+00:00,,554.0,ETH,3213.98,3213.77,18:24:14
2026-01-06 18:24:15+00:00,,555.0,ETH,3213.98,3213.84,18:24:15
2026-01-06 18:24:16+00:00,,556.0,ETH,3213.98,3213.82,18:24:16
2026-01-06 18:24:17+00:00,,557.0,ETH,3213.98,3213.82,18:24:17
2026-01-06 18:24:18+00:00,,558.0,ETH,3213.87,3213.69,18:24:18
2026-01-06 18:24:19+00:00,,559.0,ETH,3213.87,3213.79,18:24:19
2026-01-06 18:24:20+00:00,,560.0,ETH,3214.24,3214.04,18:24:20
2026-01-06 18:24:21+00:00,,561.0,ETH,3214.72,3214.67,18:24:21
2026-01-06 18:24:22+00:00,,562.0,ETH,3215.12,3215.05,18:24:22
2026-01-06 18:24:23+00:00,,563.0,ETH,3215.36,3215.28,18:24:23
2026-01-06 18:24:24+00:00,,564.0,ETH,3215.36,3215.11,18:24:24
2026-01-06 18:24:25+00:00,,565.0,ETH,3215.37,3215.26,18:24:25
2026-01-06 18:24:26+00:00,,566.0,ETH,3215.58,3215.3,18:24:26
2026-01-06 18:24:27+00:00,,567.0,ETH,3215.65,3215.52,18:24:27
2026-01-06 18:24:28+00:00,,568.0,ETH,3215.49,3215.31,18:24:28
2026-01-06 18:24:29+00:00,,569.0,ETH,3215.25,3215.03,18:24:29
2026-01-06 18:24:30+00:00,,570.0,ETH,3215.4,3215.22,18:24:30
2026-01-06 18:24:31+00:00,,571.0,ETH,3215.29,3215.2,18:24:31
2026-01-06 18:24:32+00:00,,572.0,ETH,3215.17,3215.04,18:24:32
2026-01-06 18:24:33+00:00,,573.0,ETH,3215.13,3215.0,18:24:33
2026-01-06 18:24:34+00:00,,574.0,ETH,3215.07,3214.95,18:24:34
2026-01-06 18:24:35+00:00,,575.0,ETH,3215.02,3214.86,18:24:35
2026-01-06 18:24:36+00:00,,576.0,ETH,3214.99,3214.84,18:24:36
2026-01-06 18:24:37+00:00,,577.0,ETH,3214.95,3214.85,18:24:37
2026-01-06 18:24:39+00:00,,579.0,ETH,3214.8,3214.67,18:24:39
2026-01-06 18:24:40+00:00,,580.0,ETH,3214.69,3214.55,18:24:40
2026-01-06 18:24:41+00:00,,581.0,ETH,3214.68,3214.55,18:24:41
2026-01-06 18:24:42+00:00,,582.0,ETH,3214.69,3214.55,18:24:42
2026-01-06 18:24:43+00:00,,583.0,ETH,3214.69,3214.55,18:24:43
2026-01-06 18:24:44+00:00,,584.0,ETH,3214.7,3214.54,18:24:44
2026-01-06 18:24:45+00:00,,585.0,ETH,3214.69,3214.54,18:24:45
2026-01-06 18:24:46+00:00,,586.0,ETH,3214.67,3214.54,18:24:46
2026-01-06 18:24:47+00:00,,587.0,ETH,3214.54,3214.45,18:24:47
2026-01-06 18:24:48+00:00,,588.0,ETH,3214.54,3214.45,18:24:48
2026-01-06 18:24:49+00:00,,589.0,ETH,3214.62,3214.55,18:24:49
2026-01-06 18:24:50+00:00,,590.0,ETH,3214.85,3214.67,18:24:50
2026-01-06 18:24:51+00:00,,591.0,ETH,3215.37,3215.11,18:24:51
2026-01-06 18:24:52+00:00,,592.0,ETH,3215.37,3215.16,18:24:52
2026-01-06 18:24:53+00:00,,593.0,ETH,3215.05,3214.75,18:24:53
2026-01-06 18:24:54+00:00,,594.0,ETH,3214.97,3214.75,18:24:54
2026-01-06 18:24:55+00:00,,595.0,ETH,3214.89,3214.74,18:24:55
2026-01-06 18:24:56+00:00,,596.0,ETH,3214.85,3214.68,18:24:56
2026-01-06 18:24:57+00:00,,597.0,ETH,3214.81,3214.62,18:24:57
2026-01-06 18:24:58+00:00,,598.0,ETH,3214.8,3214.61,18:24:58
2026-01-06 18:24:59+00:00,,599.0,ETH,3214.78,3214.58,18:24:59
2026-01-06 18:25:00+00:00,,600.0,ETH,3214.78,3214.59,18:25:00
2026-01-06 18:25:01+00:00,,601.0,ETH,3214.77,3214.62,18:25:01
2026-01-06 18:25:02+00:00,,602.0,ETH,3214.74,3214.56,18:25:02
2026-01-06 18:25:03+00:00,,603.0,ETH,3214.69,3214.49,18:25:03
2026-01-06 18:25:04+00:00,,604.0,ETH,3214.58,3214.47,18:25:04
2026-01-06 18:25:05+00:00,,605.0,ETH,3214.5,3214.35,18:25:05
2026-01-06 18:25:06+00:00,,606.0,ETH,3214.83,3214.67,18:25:06
2026-01-06 18:25:07+00:00,,607.0,ETH,3215.16,3214.98,18:25:07
2026-01-06 18:25:08+00:00,,608.0,ETH,3215.19,3215.02,18:25:08
2026-01-06 18:25:09+00:00,,609.0,ETH,3215.18,3215.08,18:25:09
2026-01-06 18:25:10+00:00,,610.0,ETH,3215.14,3214.98,18:25:10
2026-01-06 18:25:11+00:00,,611.0,ETH,3215.13,3214.83,18:25:11
2026-01-06 18:25:12+00:00,,612.0,ETH,3214.94,3214.57,18:25:12
2026-01-06 18:25:13+00:00,,613.0,ETH,3214.69,3214.47,18:25:13
2026-01-06 18:25:14+00:00,,614.0,ETH,3214.54,3214.41,18:25:14
2026-01-06 18:25:15+00:00,,615.0,ETH,3214.47,3214.35,18:25:15
2026-01-06 18:25:16+00:00,,616.0,ETH,3214.67,3214.58,18:25:16
2026-01-06 18:25:17+00:00,,617.0,ETH,3214.94,3214.82,18:25:17
2026-01-06 18:25:18+00:00,,618.0,ETH,3215.04,3214.83,18:25:18
2026-01-06 18:25:19+00:00,,619.0,ETH,3215.09,3214.83,18:25:19
2026-01-06 18:25:20+00:00,,620.0,ETH,3215.11,3214.84,18:25:20
2026-01-06 18:25:21+00:00,,621.0,ETH,3215.15,3214.86,18:25:21
2026-01-06 18:25:22+00:00,,622.0,ETH,3215.22,3215.02,18:25:22
2026-01-06 18:25:23+00:00,,623.0,ETH,3215.23,3215.1,18:25:23
2026-01-06 18:25:24+00:00,,624.0,ETH,3215.2,3214.95,18:25:24
2026-01-06 18:25:25+00:00,,625.0,ETH,3215.2,3214.91,18:25:25
2026-01-06 18:25:26+00:00,,626.0,ETH,3215.21,3214.94,18:25:26
2026-01-06 18:25:27+00:00,,627.0,ETH,3215.22,3214.92,18:25:27
2026-01-06 18:25:28+00:00,,628.0,ETH,3215.23,3214.89,18:25:28
2026-01-06 18:25:29+00:00,,629.0,ETH,3215.15,3214.89,18:25:29
2026-01-06 18:25:30+00:00,,630.0,ETH,3215.01,3214.85,18:25:30
2026-01-06 18:25:31+00:00,,631.0,ETH,3214.78,3214.68,18:25:31
2026-01-06 18:25:32+00:00,,632.0,ETH,3214.63,3214.57,18:25:32
2026-01-06 18:25:33+00:00,,633.0,ETH,3214.58,3214.51,18:25:33
2026-01-06 18:25:35+00:00,,635.0,ETH,3214.36,3214.21,18:25:35
2026-01-06 18:25:36+00:00,,636.0,ETH,3213.87,3213.54,18:25:36
2026-01-06 18:25:37+00:00,,637.0,ETH,3213.52,3213.33,18:25:37
2026-01-06 18:25:38+00:00,,638.0,ETH,3213.57,3213.46,18:25:38
2026-01-06 18:25:39+00:00,,639.0,ETH,3213.47,3213.37,18:25:39
2026-01-06 18:25:40+00:00,,640.0,ETH,3213.38,3213.37,18:25:40
2026-01-06 18:25:41+00:00,,641.0,ETH,3213.46,3213.38,18:25:41
2026-01-06 18:25:42+00:00,,642.0,ETH,3213.38,3213.19,18:25:42
2026-01-06 18:25:43+00:00,,643.0,ETH,3213.45,3213.28,18:25:43
2026-01-06 18:25:44+00:00,,644.0,ETH,3213.52,3213.39,18:25:44
2026-01-06 18:25:45+00:00,,645.0,ETH,3213.77,3213.57,18:25:45
2026-01-06 18:25:46+00:00,,646.0,ETH,3214.02,3213.83,18:25:46
2026-01-06 18:25:47+00:00,,647.0,ETH,3214.13,3214.06,18:25:47
2026-01-06 18:25:48+00:00,,648.0,ETH,3214.34,3214.28,18:25:48
2026-01-06 18:25:49+00:00,,649.0,ETH,3214.53,3214.38,18:25:49
2026-01-06 18:25:50+00:00,,650.0,ETH,3214.62,3214.37,18:25:50
2026-01-06 18:25:51+00:00,,651.0,ETH,3214.56,3214.36,18:25:51
2026-01-06 18:25:52+00:00,,652.0,ETH,3214.49,3214.31,18:25:52
2026-01-06 18:25:53+00:00,,653.0,ETH,3214.48,3214.27,18:25:53
2026-01-06 18:25:54+00:00,,654.0,ETH,3214.46,3214.26,18:25:54
2026-01-06 18:25:55+00:00,,655.0,ETH,3214.46,3214.24,18:25:55
2026-01-06 18:25:56+00:00,,656.0,ETH,3214.54,3214.35,18:25:56
2026-01-06 18:25:57+00:00,,657.0,ETH,3214.72,3214.62,18:25:57
2026-01-06 18:25:58+00:00,,658.0,ETH,3215.09,3215.02,18:25:58
2026-01-06 18:25:59+00:00,,659.0,ETH,3215.37,3215.26,18:25:59
2026-01-06 18:26:00+00:00,,660.0,ETH,3215.28,3215.13,18:26:00
2026-01-06 18:26:01+00:00,,661.0,ETH,3215.03,3214.89,18:26:01
2026-01-06 18:26:02+00:00,,662.0,ETH,3214.74,3214.54,18:26:02
2026-01-06 18:26:03+00:00,,663.0,ETH,3214.57,3214.31,18:26:03
2026-01-06 18:26:04+00:00,,664.0,ETH,3214.48,3214.27,18:26:04
2026-01-06 18:26:05+00:00,,665.0,ETH,3214.31,3214.21,18:26:05
2026-01-06 18:26:06+00:00,,666.0,ETH,3214.2,3214.19,18:26:06
2026-01-06 18:26:07+00:00,,667.0,ETH,3214.08,3214.04,18:26:07
2026-01-06 18:26:08+00:00,,668.0,ETH,3213.9,3213.87,18:26:08
2026-01-06 18:26:09+00:00,,669.0,ETH,3214.06,3214.04,18:26:09
2026-01-06 18:26:10+00:00,,670.0,ETH,3214.65,3214.34,18:26:10
2026-01-06 18:26:11+00:00,,671.0,ETH,3214.65,3214.34,18:26:11
2026-01-06 18:26:12+00:00,,672.0,ETH,3214.67,3214.62,18:26:12
2026-01-06 18:26:13+00:00,,673.0,ETH,3215.16,3215.11,18:26:13
2026-01-06 18:26:14+00:00,,674.0,ETH,3215.55,3215.36,18:26:14
2026-01-06 18:26:15+00:00,,675.0,ETH,3215.8,3215.6,18:26:15
2026-01-06 18:26:16+00:00,,676.0,ETH,3216.04,3215.93,18:26:16
2026-01-06 18:26:17+00:00,,677.0,ETH,3216.38,3216.36,18:26:17
2026-01-06 18:26:18+00:00,,678.0,ETH,3216.74,3216.68,18:26:18
2026-01-06 18:26:19+00:00,,679.0,ETH,3217.16,3216.96,18:26:19
2026-01-06 18:26:20+00:00,,680.0,ETH,3217.29,3216.98,18:26:20
2026-01-06 18:26:21+00:00,,681.0,ETH,3217.11,3216.9,18:26:21
2026-01-06 18:26:22+00:00,,682.0,ETH,3217.05,3216.92,18:26:22
2026-01-06 18:26:23+00:00,,683.0,ETH,3217.23,3217.05,18:26:23
2026-01-06 18:26:24+00:00,,684.0,ETH,3217.23,3217.04,18:26:24
2026-01-06 18:26:25+00:00,,685.0,ETH,3217.02,3216.91,18:26:25
2026-01-06 18:26:26+00:00,,686.0,ETH,3216.97,3216.84,18:26:26
2026-01-06 18:26:27+00:00,,687.0,ETH,3216.96,3216.77,18:26:27
2026-01-06 18:26:28+00:00,,688.0,ETH,3216.93,3216.74,18:26:28
2026-01-06 18:26:29+00:00,,689.0,ETH,3216.9,3216.71,18:26:29
2026-01-06 18:26:30+00:00,,690.0,ETH,3216.9,3216.69,18:26:30
2026-01-06 18:26:31+00:00,,691.0,ETH,3216.9,3216.68,18:26:31
2026-01-06 18:26:32+00:00,,692.0,ETH,3216.9,3216.71,18:26:32
2026-01-06 18:26:33+00:00,,693.0,ETH,3216.97,3216.91,18:26:33
2026-01-06 18:26:34+00:00,,694.0,ETH,3216.89,3216.88,18:26:34
2026-01-06 18:26:35+00:00,,695.0,ETH,3216.86,3216.76,18:26:35
2026-01-06 18:26:36+00:00,,696.0,ETH,3217.02,3216.89,18:26:36
2026-01-06 18:26:37+00:00,,697.0,ETH,3217.35,3217.2,18:26:37
2026-01-06 18:26:38+00:00,,698.0,ETH,3217.53,3217.36,18:26:38
2026-01-06 18:26:39+00:00,,699.0,ETH,3217.58,3217.43,18:26:39
2026-01-06 18:26:40+00:00,,700.0,ETH,3217.56,3217.36,18:26:40
2026-01-06 18:26:41+00:00,,701.0,ETH,3217.4,3217.25,18:26:41
2026-01-06 18:26:42+00:00,,702.0,ETH,3217.29,3217.21,18:26:42
2026-01-06 18:26:43+00:00,,703.0,ETH,3217.24,3217.07,18:26:43
2026-01-06 18:26:44+00:00,,704.0,ETH,3217.2,3217.04,18:26:44
2026-01-06 18:26:45+00:00,,705.0,ETH,3217.32,3217.25,18:26:45
2026-01-06 18:26:46+00:00,,706.0,ETH,3217.45,3217.24,18:26:46
2026-01-06 18:26:47+00:00,,707.0,ETH,3217.33,3217.08,18:26:47
2026-01-06 18:26:48+00:00,,708.0,ETH,3217.34,3217.23,18:26:48
2026-01-06 18:26:49+00:00,,709.0,ETH,3217.8,3217.69,18:26:49
2026-01-06 18:26:50+00:00,,710.0,ETH,3218.14,3217.96,18:26:50
2026-01-06 18:26:51+00:00,,711.0,ETH,3218.16,3217.95,18:26:51
2026-01-06 18:26:52+00:00,,712.0,ETH,3218.24,3218.13,18:26:52
2026-01-06 18:26:53+00:00,,713.0,ETH,3218.44,3218.3,18:26:53
2026-01-06 18:26:54+00:00,,714.0,ETH,3218.52,3218.25,18:26:54
2026-01-06 18:26:55+00:00,,715.0,ETH,3218.49,3218.21,18:26:55
2026-01-06 18:26:56+00:00,,716.0,ETH,3218.52,3218.32,18:26:56
2026-01-06 18:26:57+00:00,,717.0,ETH,3218.54,3218.24,18:26:57
2026-01-06 18:26:58+00:00,,718.0,ETH,3218.56,3218.26,18:26:58
2026-01-06 18:26:59+00:00,,719.0,ETH,3218.54,3218.17,18:26:59
2026-01-06 18:27:00+00:00,,720.0,ETH,3218.49,3218.17,18:27:00
2026-01-06 18:27:01+00:00,,721.0,ETH,3218.48,3218.16,18:27:01
2026-01-06 18:27:02+00:00,,722.0,ETH,3218.37,3218.07,18:27:02
2026-01-06 18:27:03+00:00,,723.0,ETH,3217.98,3217.7,18:27:03
2026-01-06 18:27:04+00:00,,724.0,ETH,3217.74,3217.65,18:27:04
2026-01-06 18:27:05+00:00,,725.0,ETH,3217.7,3217.67,18:27:05
2026-01-06 18:27:06+00:00,,726.0,ETH,3217.72,3217.42,18:27:06
2026-01-06 18:27:07+00:00,,727.0,ETH,3217.73,3217.57,18:27:07
2026-01-06 18:27:08+00:00,,728.0,ETH,3218.01,3217.99,18:27:08
2026-01-06 18:27:09+00:00,,729.0,ETH,3218.08,3218.03,18:27:09
2026-01-06 18:27:10+00:00,,730.0,ETH,3218.26,3218.16,18:27:10
2026-01-06 18:27:11+00:00,,731.0,ETH,3218.38,3218.16,18:27:11
2026-01-06 18:27:12+00:00,,732.0,ETH,3218.46,3218.1,18:27:12
2026-01-06 18:27:13+00:00,,733.0,ETH,3218.46,3218.1,18:27:13
2026-01-06 18:27:14+00:00,,734.0,ETH,3219.06,3218.97,18:27:14
2026-01-06 18:27:15+00:00,,735.0,ETH,3219.67,3219.66,18:27:15
2026-01-06 18:27:16+00:00,,736.0,ETH,3220.39,3220.37,18:27:16
2026-01-06 18:27:17+00:00,,737.0,ETH,3220.64,3220.55,18:27:17
2026-01-06 18:27:18+00:00,,738.0,ETH,3222.0,3221.81,18:27:18
2026-01-06 18:27:19+00:00,,739.0,ETH,3222.04,3221.81,18:27:18
2026-01-06 18:27:20+00:00,,740.0,ETH,3222.29,3222.16,18:27:20
2026-01-06 18:27:21+00:00,,741.0,ETH,3222.14,3222.03,18:27:21
2026-01-06 18:27:22+00:00,,742.0,ETH,3221.83,3221.8,18:27:22
2026-01-06 18:27:23+00:00,,743.0,ETH,3221.74,3221.71,18:27:23
2026-01-06 18:27:24+00:00,,744.0,ETH,3221.61,3221.48,18:27:24
2026-01-06 18:27:25+00:00,,745.0,ETH,3221.43,3221.22,18:27:25
2026-01-06 18:27:26+00:00,,746.0,ETH,3221.37,3221.14,18:27:26
2026-01-06 18:27:27+00:00,,747.0,ETH,3221.41,3221.14,18:27:27
2026-01-06 18:27:28+00:00,,748.0,ETH,3221.62,3221.45,18:27:28
2026-01-06 18:27:29+00:00,,749.0,ETH,3221.79,3221.65,18:27:29
2026-01-06 18:27:30+00:00,,750.0,ETH,3221.83,3221.55,18:27:30
2026-01-06 18:27:31+00:00,,751.0,ETH,3221.63,3221.41,18:27:31
2026-01-06 18:27:32+00:00,,752.0,ETH,3221.33,3221.22,18:27:32
2026-01-06 18:27:33+00:00,,753.0,ETH,3221.23,3221.14,18:27:33
2026-01-06 18:27:34+00:00,,754.0,ETH,3221.56,3221.46,18:27:34
2026-01-06 18:27:35+00:00,,755.0,ETH,3222.03,3221.83,18:27:35
2026-01-06 18:27:36+00:00,,756.0,ETH,3222.23,3222.05,18:27:36
2026-01-06 18:27:37+00:00,,757.0,ETH,3222.44,3222.28,18:27:37
2026-01-06 18:27:38+00:00,,758.0,ETH,3222.51,3222.33,18:27:38
2026-01-06 18:27:40+00:00,,760.0,ETH,3221.96,3221.78,18:27:40
2026-01-06 18:27:41+00:00,,761.0,ETH,3221.73,3221.68,18:27:41
2026-01-06 18:27:42+00:00,,762.0,ETH,3221.7,3221.59,18:27:42
2026-01-06 18:27:43+00:00,,763.0,ETH,3221.56,3221.43,18:27:43
2026-01-06 18:27:44+00:00,,764.0,ETH,3221.56,3221.43,18:27:44
2026-01-06 18:27:45+00:00,,765.0,ETH,3221.58,3221.54,18:27:45
2026-01-06 18:27:46+00:00,,766.0,ETH,3221.58,3221.54,18:27:46
2026-01-06 18:27:47+00:00,,767.0,ETH,3221.61,3221.57,18:27:47
2026-01-06 18:27:48+00:00,,768.0,ETH,3221.62,3221.39,18:27:48
2026-01-06 18:27:49+00:00,,769.0,ETH,3221.64,3221.45,18:27:49
2026-01-06 18:27:50+00:00,,770.0,ETH,3221.64,3221.44,18:27:50
2026-01-06 18:27:51+00:00,,771.0,ETH,3221.64,3221.45,18:27:51
2026-01-06 18:27:52+00:00,,772.0,ETH,3221.72,3221.54,18:27:52
2026-01-06 18:27:53+00:00,,773.0,ETH,3221.85,3221.8,18:27:53
2026-01-06 18:27:54+00:00,,774.0,ETH,3222.09,3221.8,18:27:54
2026-01-06 18:27:55+00:00,,775.0,ETH,3222.11,3221.8,18:27:55
2026-01-06 18:27:56+00:00,,776.0,ETH,3221.9,3221.85,18:27:56
2026-01-06 18:27:57+00:00,,777.0,ETH,3221.91,3221.85,18:27:57
2026-01-06 18:27:58+00:00,,778.0,ETH,3221.8,3221.66,18:27:58
2026-01-06 18:27:59+00:00,,779.0,ETH,3222.23,3222.21,18:27:59
2026-01-06 18:28:00+00:00,,780.0,ETH,3222.33,3222.12,18:28:00
2026-01-06 18:28:01+00:00,,781.0,ETH,3222.32,3222.16,18:28:01
2026-01-06 18:28:02+00:00,,782.0,ETH,3222.23,3222.09,18:28:02
2026-01-06 18:28:03+00:00,,783.0,ETH,3222.62,3222.42,18:28:03
2026-01-06 18:28:04+00:00,,784.0,ETH,3222.7,3222.6,18:28:04
2026-01-06 18:28:05+00:00,,785.0,ETH,3222.7,3222.68,18:28:05
2026-01-06 18:28:06+00:00,,786.0,ETH,3223.02,3222.77,18:28:06
2026-01-06 18:28:07+00:00,,787.0,ETH,3222.63,3222.41,18:28:07
2026-01-06 18:28:08+00:00,,788.0,ETH,3222.36,3222.22,18:28:08
2026-01-06 18:28:09+00:00,,789.0,ETH,3222.25,3222.13,18:28:09
2026-01-06 18:28:10+00:00,,790.0,ETH,3222.22,3222.12,18:28:10
2026-01-06 18:28:11+00:00,,791.0,ETH,3222.26,3222.1,18:28:11
2026-01-06 18:28:12+00:00,,792.0,ETH,3222.16,3221.96,18:28:12
2026-01-06 18:28:13+00:00,,793.0,ETH,3221.84,3221.68,18:28:13
2026-01-06 18:28:14+00:00,,794.0,ETH,3221.62,3221.51,18:28:14
2026-01-06 18:28:15+00:00,,795.0,ETH,3221.6,3221.48,18:28:15
2026-01-06 18:28:16+00:00,,796.0,ETH,3221.57,3221.43,18:28:16
2026-01-06 18:28:17+00:00,,797.0,ETH,3221.55,3221.42,18:28:17
2026-01-06 18:28:18+00:00,,798.0,ETH,3221.55,3221.44,18:28:18
2026-01-06 18:28:19+00:00,,799.0,ETH,3221.55,3221.43,18:28:19
2026-01-06 18:28:20+00:00,,800.0,ETH,3221.51,3221.42,18:28:20
2026-01-06 18:28:21+00:00,,801.0,ETH,3221.53,3221.43,18:28:21
2026-01-06 18:28:22+00:00,,802.0,ETH,3221.3,3221.09,18:28:22
2026-01-06 18:28:23+00:00,,803.0,ETH,3220.73,3220.48,18:28:23
2026-01-06 18:28:24+00:00,,804.0,ETH,3220.35,3220.21,18:28:24
2026-01-06 18:28:26+00:00,,806.0,ETH,3220.13,3219.95,18:28:26
2026-01-06 18:28:27+00:00,,807.0,ETH,3220.07,3219.97,18:28:27
2026-01-06 18:28:28+00:00,,808.0,ETH,3220.01,3219.81,18:28:28
2026-01-06 18:28:29+00:00,,809.0,ETH,3220.02,3219.83,18:28:29
2026-01-06 18:28:30+00:00,,810.0,ETH,3220.03,3219.83,18:28:30
2026-01-06 18:28:31+00:00,,811.0,ETH,3219.89,3219.73,18:28:31
2026-01-06 18:28:32+00:00,,812.0,ETH,3219.83,3219.67,18:28:32
2026-01-06 18:28:33+00:00,,813.0,ETH,3219.81,3219.67,18:28:33
2026-01-06 18:28:34+00:00,,814.0,ETH,3219.8,3219.67,18:28:34
2026-01-06 18:28:35+00:00,,815.0,ETH,3220.01,3219.89,18:28:35
2026-01-06 18:28:36+00:00,,816.0,ETH,3220.22,3220.0,18:28:36
2026-01-06 18:28:37+00:00,,817.0,ETH,3220.19,3219.89,18:28:37
2026-01-06 18:28:38+00:00,,818.0,ETH,3220.14,3219.89,18:28:38
2026-01-06 18:28:39+00:00,,819.0,ETH,3220.11,3219.89,18:28:39
2026-01-06 18:28:40+00:00,,820.0,ETH,3220.02,3219.83,18:28:40
2026-01-06 18:28:41+00:00,,821.0,ETH,3219.95,3219.77,18:28:41
2026-01-06 18:28:42+00:00,,822.0,ETH,3219.97,3219.77,18:28:42
2026-01-06 18:28:43+00:00,,823.0,ETH,3220.01,3219.76,18:28:43
2026-01-06 18:28:44+00:00,,824.0,ETH,3219.72,3219.51,18:28:44
2026-01-06 18:28:45+00:00,,825.0,ETH,3219.34,3219.25,18:28:45
2026-01-06 18:28:46+00:00,,826.0,ETH,3219.33,3219.26,18:28:46
2026-01-06 18:28:47+00:00,,827.0,ETH,3219.44,3219.36,18:28:47
2026-01-06 18:28:48+00:00,,828.0,ETH,3219.59,3219.48,18:28:48
2026-01-06 18:28:49+00:00,,829.0,ETH,3219.69,3219.5,18:28:49
2026-01-06 18:28:50+00:00,,830.0,ETH,3219.7,3219.49,18:28:50
2026-01-06 18:28:51+00:00,,831.0,ETH,3219.64,3219.5,18:28:51
2026-01-06 18:28:52+00:00,,832.0,ETH,3219.51,3219.4,18:28:52
2026-01-06 18:28:53+00:00,,833.0,ETH,3219.45,3219.32,18:28:53
2026-01-06 18:28:54+00:00,,834.0,ETH,3219.45,3219.32,18:28:54
2026-01-06 18:28:55+00:00,,835.0,ETH,3219.5,3219.36,18:28:55
2026-01-06 18:28:56+00:00,,836.0,ETH,3219.58,3219.41,18:28:56
2026-01-06 18:28:57+00:00,,837.0,ETH,3219.61,3219.49,18:28:57
2026-01-06 18:28:58+00:00,,838.0,ETH,3219.56,3219.46,18:28:58
2026-01-06 18:28:59+00:00,,839.0,ETH,3219.51,3219.38,18:28:59
2026-01-06 18:29:00+00:00,,840.0,ETH,3219.51,3219.39,18:29:00
2026-01-06 18:29:01+00:00,,841.0,ETH,3219.46,3219.36,18:29:01
2026-01-06 18:29:02+00:00,,842.0,ETH,3219.33,3219.23,18:29:02
2026-01-06 18:29:03+00:00,,843.0,ETH,3219.35,3219.19,18:29:03
2026-01-06 18:29:04+00:00,,844.0,ETH,3219.28,3219.12,18:29:04
2026-01-06 18:29:05+00:00,,845.0,ETH,3218.96,3218.9,18:29:05
2026-01-06 18:29:06+00:00,,846.0,ETH,3219.14,3219.09,18:29:06
2026-01-06 18:29:07+00:00,,847.0,ETH,3219.49,3219.32,18:29:07
2026-01-06 18:29:08+00:00,,848.0,ETH,3219.52,3219.27,18:29:08
2026-01-06 18:29:09+00:00,,849.0,ETH,3219.55,3219.36,18:29:09
2026-01-06 18:29:10+00:00,,850.0,ETH,3219.51,3219.36,18:29:10
2026-01-06 18:29:11+00:00,,851.0,ETH,3219.46,3219.27,18:29:11
2026-01-06 18:29:12+00:00,,852.0,ETH,3219.43,3219.27,18:29:12
2026-01-06 18:29:13+00:00,,853.0,ETH,3219.11,3219.02,18:29:13
2026-01-06 18:29:14+00:00,,854.0,ETH,3218.77,3218.73,18:29:14
2026-01-06 18:29:15+00:00,,855.0,ETH,3218.59,3218.58,18:29:15
2026-01-06 18:29:16+00:00,,856.0,ETH,3218.36,3218.35,18:29:16
2026-01-06 18:29:17+00:00,,857.0,ETH,3218.21,3218.17,18:29:17
2026-01-06 18:29:18+00:00,,858.0,ETH,3218.09,3218.03,18:29:18
2026-01-06 18:29:19+00:00,,859.0,ETH,3218.01,3217.97,18:29:19
2026-01-06 18:29:20+00:00,,860.0,ETH,3218.24,3218.11,18:29:20
2026-01-06 18:29:21+00:00,,861.0,ETH,3218.48,3218.36,18:29:21
2026-01-06 18:29:22+00:00,,862.0,ETH,3218.74,3218.59,18:29:22
2026-01-06 18:29:23+00:00,,863.0,ETH,3218.99,3218.7,18:29:23
2026-01-06 18:29:24+00:00,,864.0,ETH,3218.98,3218.73,18:29:24
2026-01-06 18:29:25+00:00,,865.0,ETH,3219.0,3218.77,18:29:25
2026-01-06 18:29:26+00:00,,866.0,ETH,3219.01,3218.79,18:29:26
2026-01-06 18:29:27+00:00,,867.0,ETH,3218.9,3218.72,18:29:27
2026-01-06 18:29:28+00:00,,868.0,ETH,3218.87,3218.65,18:29:28
2026-01-06 18:29:29+00:00,,869.0,ETH,3218.96,3218.67,18:29:29
2026-01-06 18:29:30+00:00,,870.0,ETH,3219.06,3218.9,18:29:30
2026-01-06 18:29:31+00:00,,871.0,ETH,3219.25,3219.12,18:29:31
2026-01-06 18:29:32+00:00,,872.0,ETH,3219.5,3219.25,18:29:32
2026-01-06 18:29:33+00:00,,873.0,ETH,3219.65,3219.36,18:29:33
2026-01-06 18:29:34+00:00,,874.0,ETH,3219.66,3219.36,18:29:34
2026-01-06 18:29:35+00:00,,875.0,ETH,3219.68,3219.36,18:29:35
2026-01-06 18:29:36+00:00,,876.0,ETH,3219.68,3219.37,18:29:36
2026-01-06 18:29:37+00:00,,877.0,ETH,3219.68,3219.37,18:29:37
2026-01-06 18:29:38+00:00,,878.0,ETH,3219.68,3219.41,18:29:38
2026-01-06 18:29:39+00:00,,879.0,ETH,3219.68,3219.46,18:29:39
2026-01-06 18:29:40+00:00,,880.0,ETH,3219.56,3219.32,18:29:40
2026-01-06 18:29:41+00:00,,881.0,ETH,3219.45,3219.22,18:29:41
2026-01-06 18:29:42+00:00,,882.0,ETH,3219.41,3219.22,18:29:42
2026-01-06 18:29:43+00:00,,883.0,ETH,3219.29,3219.07,18:29:43
2026-01-06 18:29:44+00:00,,884.0,ETH,3218.74,3218.5,18:29:44
2026-01-06 18:29:45+00:00,,885.0,ETH,3218.14,3217.99,18:29:45
2026-01-06 18:29:46+00:00,,886.0,ETH,3218.02,3217.92,18:29:46
2026-01-06 18:29:47+00:00,,887.0,ETH,3218.01,3217.88,18:29:47
2026-01-06 18:29:48+00:00,,888.0,ETH,3218.02,3217.9,18:29:48
2026-01-06 18:29:49+00:00,,889.0,ETH,3218.03,3217.91,18:29:49
2026-01-06 18:29:50+00:00,,890.0,ETH,3218.02,3217.9,18:29:50
2026-01-06 18:29:51+00:00,,891.0,ETH,3218.0,3217.9,18:29:51
2026-01-06 18:29:52+00:00,,892.0,ETH,3218.05,3217.93,18:29:52
2026-01-06 18:29:53+00:00,,893.0,ETH,3218.17,3218.03,18:29:53
2026-01-06 18:29:54+00:00,,894.0,ETH,3218.33,3218.18,18:29:54
2026-01-06 18:29:55+00:00,,895.0,ETH,3218.35,3218.19,18:29:55
2026-01-06 18:29:56+00:00,,896.0,ETH,3218.18,3218.02,18:29:56
2026-01-06 18:29:57+00:00,,897.0,ETH,3218.11,3217.94,18:29:57
2026-01-06 18:29:58+00:00,,898.0,ETH,3218.11,3217.94,18:29:58
2026-01-06 18:29:59+00:00,,899.0,ETH,3218.09,3217.94,18:29:59
