timestamp,collected_at,seconds,up_mid,up_best_bid,up_best_ask,down_mid,down_best_bid,down_best_ask,up_best_bid_size,up_best_ask_size,down_best_bid_size,down_best_ask_size,up_bid_2,up_bid_2_size,up_ask_2,up_ask_2_size,down_bid_2,down_bid_2_size,down_ask_2,down_ask_2_size
2026-01-06 18:15:00.378000+00:00,2026-01-06 18:15:00.894492+00:00,0.378,0.53,0.52,0.54,0.47,0.46,0.48,869.92,77.0,77.0,869.92,0.51,411.88,0.55,20.0,0.45,20.0,0.49,411.88
2026-01-06 18:15:00.707000+00:00,2026-01-06 18:15:01.292716+00:00,0.707,0.53,0.52,0.54,0.47,0.46,0.48,869.92,77.0,77.0,869.92,0.51,411.88,0.55,20.0,0.45,20.0,0.49,411.88
2026-01-06 18:15:01.242000+00:00,2026-01-06 18:15:01.901107+00:00,1.242,0.53,0.52,0.54,0.47,0.46,0.48,869.92,77.0,77.0,869.92,0.51,411.88,0.55,20.0,0.45,20.0,0.49,416.88
2026-01-06 18:15:01.781000+00:00,2026-01-06 18:15:02.292324+00:00,1.781,0.535,0.53,0.54,0.46499999999999997,0.46,0.47,5.0,172.0,172.0,221.98,0.52,869.92,0.55,20.0,0.45,20.0,0.48,1091.07
2026-01-06 18:15:02.419000+00:00,2026-01-06 18:15:02.908591+00:00,2.419,0.535,0.53,0.54,0.46499999999999997,0.46,0.47,428.53,199.0,241.48,585.53,0.52,1091.07,0.55,142.0,0.45,293.0,0.48,1213.07
2026-01-06 18:15:02.797000+00:00,2026-01-06 18:15:03.290079+00:00,2.797,0.535,0.53,0.54,0.46499999999999997,0.46,0.47,382.53,204.48,53.48,438.53,0.52,1213.07,0.55,81.0,0.45,20.0,0.48,1274.07
2026-01-06 18:15:03.397000+00:00,2026-01-06 18:15:03.923210+00:00,3.397,0.545,0.54,0.55,0.455,0.45,0.46,68.52,15.0,15.0,144.52,0.53,342.53,0.56,781.0,0.44,771.0,0.47,342.53
2026-01-06 18:15:03.791000+00:00,2026-01-06 18:15:04.293558+00:00,3.791,0.555,0.55,0.56,0.445,0.44,0.45,116.77,896.0,891.0,107.0,0.54,81.52,0.57,85.0,0.43,85.0,0.46,61.52
2026-01-06 18:15:04.433000+00:00,2026-01-06 18:15:04.936120+00:00,4.433,0.54,0.53,0.55,0.46499999999999997,0.46,0.47,193.74,136.0,35.0,198.74,0.52,1400.07,0.56,791.0,0.45,41.0,0.48,1395.07
2026-01-06 18:15:04.784000+00:00,2026-01-06 18:15:05.288830+00:00,4.784,0.535,0.53,0.54,0.46499999999999997,0.46,0.47,213.74,50.0,75.0,212.16,0.52,1410.07,0.55,41.0,0.45,41.0,0.48,1410.07
2026-01-06 18:15:05.399000+00:00,2026-01-06 18:15:05.939013+00:00,5.399,0.535,0.53,0.54,0.46499999999999997,0.46,0.47,243.09,86.42,86.42,190.96,0.52,1410.07,0.55,141.0,0.45,141.0,0.48,1410.07
2026-01-06 18:15:05.761000+00:00,2026-01-06 18:15:06.303088+00:00,5.761,0.535,0.53,0.54,0.455,0.45,0.46,32.77,86.42,120.42,127.0,0.52,1410.07,0.55,141.0,0.44,905.0,0.47,37.77
2026-01-06 18:15:06.451000+00:00,2026-01-06 18:15:06.958757+00:00,6.451,0.55,0.54,0.56,0.445,0.44,0.45,183.9,952.0,883.0,226.0,0.53,311.51,0.57,373.0,0.43,368.0,0.46,290.9
2026-01-06 18:15:06.817000+00:00,2026-01-06 18:15:07.328374+00:00,6.817,0.555,0.55,0.56,0.445,0.44,0.45,49.08,761.0,690.0,49.08,0.54,290.9,0.57,185.0,0.43,185.0,0.46,351.9
2026-01-06 18:15:07.487000+00:00,2026-01-06 18:15:07.979195+00:00,7.487,0.555,0.55,0.56,0.445,0.44,0.45,32.54,488.0,478.0,32.54,0.54,421.9,0.57,215.0,0.43,215.0,0.46,421.9
2026-01-06 18:15:07.789000+00:00,2026-01-06 18:15:08.327385+00:00,7.789,0.55,0.54,0.56,0.45,0.44,0.46,421.9,455.0,455.0,421.9,0.53,322.51,0.57,215.0,0.43,215.0,0.47,322.51
2026-01-06 18:15:08.491000+00:00,2026-01-06 18:15:08.991908+00:00,8.491,0.545,0.54,0.55,0.455,0.45,0.46,301.9,40.0,40.0,25.0,0.53,357.51,0.56,407.0,0.44,407.0,0.47,248.0
2026-01-06 18:15:08.820000+00:00,2026-01-06 18:15:09.322917+00:00,8.82,0.545,0.54,0.55,0.455,0.45,0.46,75.0,15.0,15.0,61.65,0.53,228.0,0.56,407.0,0.44,407.0,0.47,228.0
2026-01-06 18:15:09.398000+00:00,2026-01-06 18:15:09.995156+00:00,9.398,0.545,0.54,0.55,0.455,0.45,0.46,55.0,5.0,40.0,55.0,0.53,318.0,0.56,407.0,0.44,417.0,0.47,318.0
2026-01-06 18:15:09.753000+00:00,2026-01-06 18:15:10.336786+00:00,9.753,0.545,0.54,0.55,0.455,0.45,0.46,55.0,40.0,35.0,202.0,0.53,318.0,0.56,417.0,0.44,417.0,0.47,439.0
2026-01-06 18:15:10.509000+00:00,2026-01-06 18:15:11.009030+00:00,10.509,0.555,0.55,0.56,0.445,0.44,0.45,30.0,387.0,293.52,92.0,0.54,721.0,0.57,120.0,0.43,120.0,0.46,609.0
2026-01-06 18:15:10.823000+00:00,2026-01-06 18:15:11.346149+00:00,10.823,0.555,0.55,0.56,0.445,0.44,0.45,182.0,293.52,171.52,385.0,0.54,519.0,0.57,140.0,0.43,125.0,0.46,458.0
2026-01-06 18:15:11.497000+00:00,2026-01-06 18:15:12.011273+00:00,11.497,0.5700000000000001,0.56,0.58,0.425,0.42,0.43,115.0,161.0,161.0,20.0,0.55,295.0,0.59,188.0,0.41,118.0,0.44,125.0
2026-01-06 18:15:11.859000+00:00,2026-01-06 18:15:12.359978+00:00,11.859,0.59,0.58,0.6,0.41000000000000003,0.4,0.42,185.0,364.0,309.0,110.0,0.57,151.0,0.61,354.0,0.39,293.0,0.43,166.0
2026-01-06 18:15:12.501000+00:00,2026-01-06 18:15:13.020917+00:00,12.501,0.595,0.59,0.6,0.405,0.4,0.41,145.77,356.35,307.35,145.77,0.58,65.0,0.61,128.0,0.39,128.0,0.42,65.0
2026-01-06 18:15:12.865000+00:00,2026-01-06 18:15:13.372061+00:00,12.865,0.595,0.59,0.6,0.405,0.4,0.41,174.86,165.35,165.35,245.86,0.58,167.0,0.61,130.0,0.39,130.0,0.42,297.67
2026-01-06 18:15:13.500000+00:00,2026-01-06 18:15:14.021573+00:00,13.5,0.595,0.59,0.6,0.405,0.4,0.41,140.86,193.35,183.35,140.86,0.58,378.67,0.61,291.0,0.39,291.0,0.42,378.67
2026-01-06 18:15:13.845000+00:00,2026-01-06 18:15:14.373462+00:00,13.845,0.595,0.59,0.6,0.405,0.4,0.41,92.86,188.35,178.69,182.86,0.58,378.67,0.61,291.0,0.39,291.0,0.42,343.67
2026-01-06 18:15:14.540000+00:00,2026-01-06 18:15:15.035832+00:00,14.54,0.595,0.59,0.6,0.405,0.4,0.41,237.26,53.33,137.33,112.26,0.58,322.67,0.61,255.0,0.39,260.0,0.42,296.27
2026-01-06 18:15:14.862000+00:00,2026-01-06 18:15:15.387419+00:00,14.862,0.595,0.59,0.6,0.405,0.4,0.41,142.26,112.33,112.33,162.26,0.58,371.27,0.61,255.0,0.39,255.0,0.42,168.27
2026-01-06 18:15:15.554000+00:00,2026-01-06 18:15:16.042994+00:00,15.554,0.595,0.59,0.6,0.405,0.4,0.41,512.26,53.33,51.49,591.26,0.58,568.27,0.62,413.0,0.38,221.0,0.42,603.27
2026-01-06 18:15:15.890000+00:00,2026-01-06 18:15:16.388597+00:00,15.89,0.615,0.61,0.62,0.385,0.38,0.39,30.0,71.0,73.77,30.0,0.6,30.0,0.63,165.0,0.37,165.0,0.4,65.0
2026-01-06 18:15:16.554000+00:00,2026-01-06 18:15:17.056695+00:00,16.554,0.615,0.61,0.62,0.39,0.38,0.4,5.0,342.13,401.45,136.0,0.6,208.0,0.63,412.0,0.37,394.0,0.41,230.67
2026-01-06 18:15:16.879000+00:00,2026-01-06 18:15:17.393458+00:00,16.879,0.61,0.6,0.62,0.385,0.38,0.39,136.0,377.0,382.08,5.0,0.59,105.67,0.63,384.0,0.37,419.0,0.4,132.7
2026-01-06 18:15:17.531000+00:00,2026-01-06 18:15:18.049478+00:00,17.531,0.615,0.61,0.62,0.385,0.38,0.39,245.0,104.0,102.22,245.0,0.6,298.7,0.63,344.0,0.37,344.0,0.4,359.7
2026-01-06 18:15:17.866000+00:00,2026-01-06 18:15:18.385546+00:00,17.866,0.615,0.61,0.62,0.385,0.38,0.39,227.28,102.22,100.44,227.28,0.6,377.7,0.63,344.0,0.37,326.0,0.4,377.7
2026-01-06 18:15:18.537000+00:00,2026-01-06 18:15:19.042417+00:00,18.537,0.625,0.62,0.63,0.375,0.37,0.38,151.0,59.44,57.69,349.0,0.61,606.3,0.64,100.0,0.36,100.0,0.39,548.0
2026-01-06 18:15:18.884000+00:00,2026-01-06 18:15:19.387841+00:00,18.884,0.625,0.62,0.63,0.375,0.37,0.38,390.0,57.69,57.69,474.86,0.61,538.0,0.64,100.0,0.36,130.0,0.39,538.0
2026-01-06 18:15:19.551000+00:00,2026-01-06 18:15:20.045236+00:00,19.551,0.625,0.62,0.63,0.375,0.37,0.38,266.0,45.0,35.0,276.0,0.61,198.0,0.64,354.0,0.36,232.0,0.39,198.0
2026-01-06 18:15:19.876000+00:00,2026-01-06 18:15:20.390680+00:00,19.876,0.625,0.62,0.63,0.375,0.37,0.38,237.0,5.0,5.0,237.0,0.61,268.0,0.64,227.0,0.36,232.0,0.39,304.0
2026-01-06 18:15:20.545000+00:00,2026-01-06 18:15:21.061998+00:00,20.545,0.625,0.62,0.63,0.375,0.37,0.38,178.0,5.0,5.0,178.0,0.61,365.0,0.64,196.0,0.36,206.0,0.39,602.0
2026-01-06 18:15:20.885000+00:00,2026-01-06 18:15:21.387724+00:00,20.885,0.625,0.62,0.63,0.375,0.37,0.38,296.0,5.0,5.0,314.0,0.61,494.0,0.64,191.0,0.36,191.0,0.39,512.0
2026-01-06 18:15:21.550000+00:00,2026-01-06 18:15:22.054165+00:00,21.55,0.625,0.62,0.63,0.37,0.36,0.38,375.0,100.0,407.0,289.0,0.61,462.0,0.64,175.0,0.35,458.0,0.39,496.0
2026-01-06 18:15:21.854000+00:00,2026-01-06 18:15:22.387610+00:00,21.854,0.625,0.62,0.63,0.375,0.37,0.38,199.0,65.0,130.0,142.0,0.61,437.39,0.64,377.0,0.36,413.0,0.39,255.39
2026-01-06 18:15:22.536000+00:00,2026-01-06 18:15:23.056751+00:00,22.536,0.615,0.61,0.62,0.395,0.39,0.4,11.39,231.0,35.0,62.06,0.6,67.06,0.63,233.0,0.38,287.0,0.41,91.89
2026-01-06 18:15:22.894000+00:00,2026-01-06 18:15:23.401824+00:00,22.894,0.6,0.59,0.61,0.4,0.39,0.41,116.89,68.0,58.0,116.89,0.58,444.27,0.62,236.0,0.38,254.0,0.42,444.27
2026-01-06 18:15:23.473000+00:00,2026-01-06 18:15:24.055078+00:00,23.473,0.6,0.59,0.61,0.4,0.39,0.41,121.89,53.0,53.0,121.89,0.58,323.27,0.62,173.0,0.38,173.0,0.42,323.27
2026-01-06 18:15:23.882000+00:00,2026-01-06 18:15:24.392928+00:00,23.882,0.6,0.59,0.61,0.4,0.39,0.41,114.59,63.0,53.0,104.83,0.58,323.27,0.62,173.0,0.38,173.0,0.42,323.27
2026-01-06 18:15:24.558000+00:00,2026-01-06 18:15:25.072961+00:00,24.558,0.605,0.6,0.61,0.395,0.39,0.4,35.0,5.0,5.0,40.0,0.59,173.83,0.62,173.0,0.38,173.0,0.41,168.83
2026-01-06 18:15:24.902000+00:00,2026-01-06 18:15:25.398338+00:00,24.902,0.61,0.6,0.62,0.395,0.39,0.4,55.0,101.0,15.0,25.0,0.59,133.83,0.63,430.0,0.38,101.0,0.41,204.83
2026-01-06 18:15:25.586000+00:00,2026-01-06 18:15:26.088482+00:00,25.586,0.605,0.6,0.61,0.395,0.39,0.4,75.0,5.0,5.0,105.0,0.59,174.83,0.62,201.0,0.38,201.0,0.41,174.83
2026-01-06 18:15:25.743000+00:00,2026-01-06 18:15:26.408274+00:00,25.743,0.605,0.6,0.61,0.395,0.39,0.4,105.0,5.0,30.0,15.0,0.59,174.83,0.62,201.0,0.38,201.0,0.41,209.83
2026-01-06 18:15:26.551000+00:00,2026-01-06 18:15:27.093706+00:00,26.551,0.6,0.59,0.61,0.4,0.39,0.41,243.83,30.0,30.0,243.83,0.58,603.27,0.62,359.0,0.38,359.0,0.42,603.27
2026-01-06 18:15:26.820000+00:00,2026-01-06 18:15:27.420644+00:00,26.82,0.6,0.59,0.61,0.405,0.4,0.41,243.83,30.0,15.0,154.83,0.58,482.27,0.62,420.0,0.39,88.0,0.42,502.27
2026-01-06 18:15:27.580000+00:00,2026-01-06 18:15:28.101443+00:00,27.58,0.59,0.58,0.6,0.41000000000000003,0.4,0.42,220.27,304.78,304.78,220.27,0.57,235.97,0.61,436.0,0.39,356.0,0.43,165.97
2026-01-06 18:15:27.902000+00:00,2026-01-06 18:15:28.426898+00:00,27.902,0.59,0.58,0.6,0.41000000000000003,0.4,0.42,220.27,304.78,304.78,154.27,0.57,353.97,0.61,356.0,0.39,374.0,0.43,335.97
2026-01-06 18:15:28.586000+00:00,2026-01-06 18:15:29.093382+00:00,28.586,0.59,0.58,0.6,0.41000000000000003,0.4,0.42,244.27,221.78,121.78,244.27,0.57,396.97,0.61,374.0,0.39,374.0,0.43,396.97
2026-01-06 18:15:28.895000+00:00,2026-01-06 18:15:29.431249+00:00,28.895,0.59,0.58,0.6,0.405,0.4,0.41,244.27,121.78,96.0,392.0,0.57,396.97,0.61,374.0,0.38,372.0,0.42,498.27
2026-01-06 18:15:29.593000+00:00,2026-01-06 18:15:30.091050+00:00,29.593,0.615,0.61,0.62,0.385,0.38,0.39,45.0,71.0,71.0,164.0,0.6,65.0,0.63,165.0,0.37,165.0,0.4,114.0
2026-01-06 18:15:29.933000+00:00,2026-01-06 18:15:30.439248+00:00,29.933,0.615,0.61,0.62,0.385,0.38,0.39,130.0,136.0,71.0,40.0,0.6,93.0,0.63,219.0,0.37,183.0,0.4,58.0
2026-01-06 18:15:30.596000+00:00,2026-01-06 18:15:31.101714+00:00,30.596,0.615,0.61,0.62,0.385,0.38,0.39,138.0,101.0,101.0,153.0,0.6,188.0,0.63,170.0,0.37,170.0,0.4,188.0
2026-01-06 18:15:30.950000+00:00,2026-01-06 18:15:31.455618+00:00,30.95,0.615,0.61,0.62,0.385,0.38,0.39,105.0,106.0,50.0,90.0,0.6,213.0,0.63,165.0,0.37,309.0,0.4,123.0
2026-01-06 18:15:31.620000+00:00,2026-01-06 18:15:32.119866+00:00,31.62,0.605,0.6,0.61,0.405,0.4,0.41,90.0,130.0,15.0,289.0,0.59,326.0,0.62,248.0,0.39,410.0,0.42,468.27
2026-01-06 18:15:31.965000+00:00,2026-01-06 18:15:32.470537+00:00,31.965,0.595,0.59,0.6,0.405,0.4,0.41,106.0,55.0,55.0,106.0,0.58,159.27,0.61,418.0,0.39,479.0,0.42,88.27
2026-01-06 18:15:32.625000+00:00,2026-01-06 18:15:33.123200+00:00,32.625,0.595,0.59,0.6,0.405,0.4,0.41,71.0,302.69,320.69,71.0,0.58,48.27,0.61,319.0,0.39,319.0,0.42,48.27
2026-01-06 18:15:32.965000+00:00,2026-01-06 18:15:33.486944+00:00,32.965,0.595,0.59,0.6,0.415,0.41,0.42,71.0,356.69,73.0,48.27,0.58,48.27,0.61,319.0,0.4,331.69,0.43,177.97
2026-01-06 18:15:33.636000+00:00,2026-01-06 18:15:34.147240+00:00,33.636,0.585,0.58,0.59,0.42,0.41,0.43,13.27,130.33,130.33,117.97,0.57,112.97,0.6,395.69,0.4,315.69,0.44,179.77
2026-01-06 18:15:33.996000+00:00,2026-01-06 18:15:34.491531+00:00,33.996,0.575,0.57,0.58,0.425,0.42,0.43,117.97,5.0,5.0,117.97,0.56,179.77,0.59,152.33,0.41,127.33,0.44,179.77
2026-01-06 18:15:34.632000+00:00,2026-01-06 18:15:35.154211+00:00,34.632,0.575,0.57,0.58,0.425,0.42,0.43,47.97,60.0,80.0,47.97,0.56,201.77,0.59,120.33,0.41,120.33,0.44,201.77
2026-01-06 18:15:35.003000+00:00,2026-01-06 18:15:35.510084+00:00,35.003,0.575,0.57,0.58,0.425,0.42,0.43,47.97,85.0,85.0,47.97,0.56,201.77,0.59,282.33,0.41,282.33,0.44,201.77
2026-01-06 18:15:35.439000+00:00,2026-01-06 18:15:36.161718+00:00,35.439,0.575,0.57,0.58,0.425,0.42,0.43,47.97,57.82,82.82,52.97,0.56,201.77,0.59,282.33,0.41,282.33,0.44,196.77
2026-01-06 18:15:36.007000+00:00,2026-01-06 18:15:36.507990+00:00,36.007,0.575,0.57,0.58,0.425,0.42,0.43,52.97,87.82,62.82,52.97,0.56,196.77,0.59,382.33,0.41,382.33,0.44,196.77
2026-01-06 18:15:36.650000+00:00,2026-01-06 18:15:37.164358+00:00,36.65,0.575,0.57,0.58,0.425,0.42,0.43,47.97,682.82,667.82,12.97,0.56,149.77,0.59,354.0,0.41,354.0,0.44,54.77
2026-01-06 18:15:37+00:00,2026-01-06 18:15:37.512005+00:00,37.0,0.565,0.56,0.57,0.435,0.43,0.44,66.77,55.0,55.0,66.77,0.55,283.18,0.58,715.0,0.42,715.0,0.45,247.18
2026-01-06 18:15:38.992000+00:00,2026-01-06 18:15:39.527268+00:00,38.992,0.565,0.56,0.57,0.435,0.43,0.44,67.03,30.0,30.0,67.03,0.55,288.18,0.58,609.0,0.42,681.0,0.45,306.18
2026-01-06 18:15:37.691000+00:00,2026-01-06 18:15:38.180660+00:00,37.691,0.565,0.56,0.57,0.435,0.43,0.44,66.77,55.0,55.0,66.77,0.55,234.18,0.58,715.0,0.42,710.0,0.45,229.18
2026-01-06 18:15:38.653000+00:00,2026-01-06 18:15:39.185712+00:00,38.653,0.565,0.56,0.57,0.435,0.43,0.44,34.03,30.0,14.92,32.8,0.55,211.18,0.58,907.0,0.42,841.0,0.45,216.18
2026-01-06 18:15:40.866000+00:00,2026-01-06 18:15:41.560939+00:00,40.866,0.565,0.56,0.57,0.435,0.43,0.44,32.8,14.92,14.92,42.8,0.55,216.18,0.58,841.0,0.42,841.0,0.45,216.18
2026-01-06 18:15:41.769000+00:00,2026-01-06 18:15:42.276428+00:00,41.769,0.565,0.56,0.57,0.435,0.43,0.44,32.8,85.49,365.49,5.0,0.55,133.18,0.58,845.0,0.42,1253.0,0.45,48.18
2026-01-06 18:15:42.730000+00:00,2026-01-06 18:15:43.266555+00:00,42.73,0.555,0.55,0.56,0.445,0.44,0.45,68.18,162.0,162.0,68.18,0.54,251.42,0.57,399.49,0.43,364.49,0.46,256.42
2026-01-06 18:15:42.910000+00:00,2026-01-06 18:15:43.586659+00:00,42.91,0.555,0.55,0.56,0.445,0.44,0.45,68.18,162.0,162.0,68.18,0.54,256.42,0.57,364.49,0.43,364.49,0.46,256.42
2026-01-06 18:15:43.762000+00:00,2026-01-06 18:15:44.269945+00:00,43.762,0.555,0.55,0.56,0.445,0.44,0.45,68.18,325.0,381.0,68.18,0.54,66.42,0.57,463.49,0.43,463.49,0.46,66.42
2026-01-06 18:15:44.087000+00:00,2026-01-06 18:15:44.588753+00:00,44.087,0.555,0.55,0.56,0.445,0.44,0.45,53.18,259.0,259.0,53.18,0.54,66.42,0.57,463.49,0.43,463.49,0.46,66.42
2026-01-06 18:15:44.786000+00:00,2026-01-06 18:15:45.287696+00:00,44.786,0.555,0.55,0.56,0.445,0.44,0.45,53.18,253.0,253.0,53.18,0.54,66.42,0.57,463.49,0.43,428.49,0.46,66.42
2026-01-06 18:15:45.092000+00:00,2026-01-06 18:15:45.601533+00:00,45.092,0.555,0.55,0.56,0.445,0.44,0.45,53.18,278.0,278.0,53.18,0.54,66.42,0.57,428.49,0.43,428.49,0.46,66.42
2026-01-06 18:15:45.736000+00:00,2026-01-06 18:15:46.316475+00:00,45.736,0.555,0.55,0.56,0.45,0.44,0.46,53.18,253.0,253.0,51.42,0.54,61.42,0.57,498.49,0.43,498.49,0.47,217.02
2026-01-06 18:15:46.066000+00:00,2026-01-06 18:15:46.604806+00:00,46.066,0.545,0.54,0.55,0.455,0.45,0.46,91.42,30.0,80.0,91.42,0.53,222.02,0.56,253.0,0.44,253.0,0.47,168.02
2026-01-06 18:15:46.815000+00:00,2026-01-06 18:15:47.329335+00:00,46.815,0.545,0.54,0.55,0.455,0.45,0.46,91.42,145.0,257.0,86.42,0.53,119.02,0.56,270.0,0.44,737.0,0.47,189.02
2026-01-06 18:15:47.097000+00:00,2026-01-06 18:15:47.626868+00:00,47.097,0.545,0.54,0.55,0.455,0.45,0.46,86.42,252.0,313.0,86.42,0.53,189.02,0.56,737.0,0.44,737.0,0.47,189.02
2026-01-06 18:15:47.804000+00:00,2026-01-06 18:15:48.342888+00:00,47.804,0.545,0.54,0.55,0.455,0.45,0.46,86.42,313.65,313.65,86.42,0.53,189.02,0.56,737.0,0.44,737.0,0.47,189.02
2026-01-06 18:15:48.136000+00:00,2026-01-06 18:15:48.634811+00:00,48.136,0.545,0.54,0.55,0.455,0.45,0.46,86.42,250.65,490.65,51.42,0.53,54.02,0.56,155.0,0.44,362.8,0.47,39.02
2026-01-06 18:15:48.846000+00:00,2026-01-06 18:15:49.355376+00:00,48.846,0.535,0.53,0.54,0.46499999999999997,0.46,0.47,74.02,204.58,219.58,74.02,0.52,1071.07,0.55,880.65,0.45,855.65,0.48,1071.07
2026-01-06 18:15:49.134000+00:00,2026-01-06 18:15:49.649025+00:00,49.134,0.535,0.53,0.54,0.46499999999999997,0.46,0.47,74.02,380.58,370.58,31.89,0.52,1071.07,0.55,765.65,0.45,835.65,0.48,1071.07
2026-01-06 18:15:49.840000+00:00,2026-01-06 18:15:50.367446+00:00,49.84,0.535,0.53,0.54,0.475,0.47,0.48,11.67,370.58,30.0,1096.07,0.52,1081.07,0.55,763.65,0.46,370.58,0.49,694.49
2026-01-06 18:15:50.168000+00:00,2026-01-06 18:15:50.678068+00:00,50.168,0.525,0.52,0.53,0.475,0.47,0.48,1111.07,30.0,30.0,1101.07,0.51,694.49,0.54,370.58,0.46,370.58,0.49,765.49
2026-01-06 18:15:50.860000+00:00,2026-01-06 18:15:51.386265+00:00,50.86,0.525,0.52,0.53,0.475,0.47,0.48,1106.07,30.0,30.0,1101.07,0.51,765.49,0.54,331.0,0.46,331.0,0.49,765.49
2026-01-06 18:15:51.071000+00:00,2026-01-06 18:15:51.696561+00:00,51.071,0.525,0.52,0.53,0.475,0.47,0.48,1101.07,30.0,45.0,1101.07,0.51,765.49,0.54,331.0,0.46,392.0,0.49,765.49
2026-01-06 18:15:51.878000+00:00,2026-01-06 18:15:52.387715+00:00,51.878,0.525,0.52,0.53,0.475,0.47,0.48,1101.07,65.0,65.0,1101.07,0.51,765.49,0.54,392.0,0.46,357.0,0.49,765.49
2026-01-06 18:15:52.102000+00:00,2026-01-06 18:15:52.720904+00:00,52.102,0.525,0.52,0.53,0.475,0.47,0.48,1101.07,30.0,30.0,1101.07,0.51,765.49,0.54,357.0,0.46,357.0,0.49,765.49
2026-01-06 18:15:52.718000+00:00,2026-01-06 18:15:53.402035+00:00,52.718,0.525,0.52,0.53,0.475,0.47,0.48,1101.07,30.0,14.2,1101.07,0.51,765.49,0.54,428.0,0.46,428.0,0.49,765.49
2026-01-06 18:15:53.079000+00:00,2026-01-06 18:15:53.721792+00:00,53.079,0.525,0.52,0.53,0.475,0.47,0.48,1101.07,29.2,15.0,1101.07,0.51,765.49,0.54,428.0,0.46,431.77,0.49,765.49
2026-01-06 18:15:53.850000+00:00,2026-01-06 18:15:54.404670+00:00,53.85,0.525,0.52,0.53,0.475,0.47,0.48,1096.07,20.0,15.0,1112.07,0.51,734.49,0.54,916.77,0.46,844.77,0.49,663.49
2026-01-06 18:15:54.146000+00:00,2026-01-06 18:15:54.735838+00:00,54.146,0.525,0.52,0.53,0.475,0.47,0.48,1120.07,15.0,15.0,1114.07,0.51,681.49,0.54,773.0,0.46,863.0,0.49,681.49
2026-01-06 18:15:54.868000+00:00,2026-01-06 18:15:55.406524+00:00,54.868,0.525,0.52,0.53,0.475,0.47,0.48,1239.07,15.0,15.0,1234.07,0.51,622.49,0.54,863.0,0.46,863.0,0.49,622.49
2026-01-06 18:15:55.132000+00:00,2026-01-06 18:15:55.737439+00:00,55.132,0.525,0.52,0.53,0.475,0.47,0.48,1209.07,15.0,30.0,1137.07,0.51,622.49,0.54,863.0,0.46,878.0,0.49,640.49
2026-01-06 18:15:55.893000+00:00,2026-01-06 18:15:56.422677+00:00,55.893,0.525,0.52,0.53,0.475,0.47,0.48,1101.07,35.0,147.0,1101.07,0.51,640.49,0.54,734.0,0.46,803.0,0.49,640.49
2026-01-06 18:15:56.233000+00:00,2026-01-06 18:15:56.758267+00:00,56.233,0.525,0.52,0.53,0.475,0.47,0.48,1101.07,137.0,288.0,1101.07,0.51,622.49,0.54,713.0,0.46,756.0,0.49,640.49
2026-01-06 18:15:56.911000+00:00,2026-01-06 18:15:57.425621+00:00,56.911,0.525,0.52,0.53,0.475,0.47,0.48,1061.07,469.0,459.0,1061.07,0.51,546.49,0.54,324.0,0.46,324.0,0.49,551.49
2026-01-06 18:15:57.258000+00:00,2026-01-06 18:15:57.768160+00:00,57.258,0.525,0.52,0.53,0.475,0.47,0.48,1061.07,359.0,374.0,1061.07,0.51,587.49,0.54,396.0,0.46,342.0,0.49,551.49
2026-01-06 18:15:57.926000+00:00,2026-01-06 18:15:58.426412+00:00,57.926,0.525,0.52,0.53,0.475,0.47,0.48,1069.07,978.0,978.0,1094.07,0.51,441.49,0.54,402.0,0.46,384.0,0.49,441.49
2026-01-06 18:15:58.268000+00:00,2026-01-06 18:15:58.774336+00:00,58.268,0.525,0.52,0.53,0.485,0.48,0.49,907.44,1009.0,30.0,179.37,0.51,476.49,0.54,304.0,0.47,898.0,0.5,452.93
2026-01-06 18:15:58.863000+00:00,2026-01-06 18:15:59.428219+00:00,58.863,0.515,0.51,0.52,0.485,0.48,0.49,195.37,181.0,181.0,195.37,0.5,434.93,0.53,667.0,0.47,667.0,0.5,452.93
2026-01-06 18:15:59.293000+00:00,2026-01-06 18:15:59.783710+00:00,59.293,0.515,0.51,0.52,0.485,0.48,0.49,190.37,114.71,98.49,165.37,0.5,452.93,0.53,728.0,0.47,728.0,0.5,457.93
2026-01-06 18:15:59.887000+00:00,2026-01-06 18:16:00.447977+00:00,59.887,0.515,0.51,0.52,0.485,0.48,0.49,275.37,65.36,65.36,340.37,0.5,522.93,0.53,728.0,0.47,657.0,0.5,487.93
2026-01-06 18:16:00.294000+00:00,2026-01-06 18:16:00.800035+00:00,60.294,0.525,0.52,0.53,0.475,0.47,0.48,15.0,642.0,193.0,206.0,0.51,402.37,0.54,213.0,0.46,213.0,0.49,453.37
2026-01-06 18:16:00.966000+00:00,2026-01-06 18:16:01.472753+00:00,60.966,0.555,0.55,0.56,0.44,0.43,0.45,58.0,417.75,37.49,360.0,0.54,253.0,0.57,37.49,0.42,1307.16,0.46,279.0
2026-01-06 18:16:01.253000+00:00,2026-01-06 18:16:01.818335+00:00,61.253,0.565,0.56,0.57,0.435,0.43,0.44,46.0,37.49,37.49,46.0,0.55,370.0,0.58,1307.16,0.42,1368.16,0.45,431.0
2026-01-06 18:16:01.966000+00:00,2026-01-06 18:16:02.476037+00:00,61.966,0.565,0.56,0.57,0.435,0.43,0.44,53.0,37.49,37.49,28.0,0.55,309.0,0.58,1349.16,0.42,1249.16,0.45,327.0
2026-01-06 18:16:02.325000+00:00,2026-01-06 18:16:02.831012+00:00,62.325,0.565,0.56,0.57,0.43,0.42,0.44,18.0,18.85,1181.16,18.0,0.55,342.0,0.58,1249.16,0.41,248.0,0.45,267.0
2026-01-06 18:16:02.978000+00:00,2026-01-06 18:16:03.485281+00:00,62.978,0.56,0.55,0.57,0.44,0.43,0.45,176.0,59.0,5.0,199.0,0.54,295.0,0.58,1303.16,0.42,1357.16,0.46,310.0
2026-01-06 18:16:03.291000+00:00,2026-01-06 18:16:03.839906+00:00,63.291,0.565,0.55,0.58,0.425,0.42,0.43,432.0,1418.16,1261.16,5.0,0.54,328.0,0.59,315.0,0.41,184.0,0.44,212.0
2026-01-06 18:16:04.018000+00:00,2026-01-06 18:16:04.492353+00:00,64.018,0.5700000000000001,0.56,0.58,0.43,0.42,0.44,450.0,1067.16,1067.16,447.13,0.55,381.0,0.59,284.0,0.41,284.0,0.45,381.0
2026-01-06 18:16:04.350000+00:00,2026-01-06 18:16:04.842832+00:00,64.35,0.575,0.57,0.58,0.425,0.42,0.43,242.0,1037.16,588.16,463.0,0.56,419.0,0.59,153.0,0.41,18.0,0.44,510.0
2026-01-06 18:16:05+00:00,2026-01-06 18:16:05.487756+00:00,65.0,0.575,0.57,0.58,0.415,0.41,0.42,555.0,92.68,18.0,50.69,0.56,590.0,0.59,18.0,0.4,509.0,0.43,553.76
2026-01-06 18:16:05.354000+00:00,2026-01-06 18:16:05.855223+00:00,65.354,0.585,0.58,0.59,0.415,0.41,0.42,38.69,18.0,18.0,121.69,0.57,553.76,0.6,509.0,0.4,509.0,0.43,643.76
2026-01-06 18:16:06+00:00,2026-01-06 18:16:06.525574+00:00,66.0,0.585,0.58,0.59,0.415,0.41,0.42,201.3,15.57,15.57,222.53,0.57,438.76,0.6,509.0,0.4,509.0,0.43,438.76
2026-01-06 18:16:06.364000+00:00,2026-01-06 18:16:06.869142+00:00,66.364,0.585,0.58,0.59,0.415,0.41,0.42,187.53,15.57,15.57,197.53,0.57,438.76,0.6,509.0,0.4,509.0,0.43,438.76
2026-01-06 18:16:07.001000+00:00,2026-01-06 18:16:07.524781+00:00,67.001,0.585,0.58,0.59,0.415,0.41,0.42,264.27,13.4,13.4,229.27,0.57,438.76,0.6,509.0,0.4,509.0,0.43,492.76
2026-01-06 18:16:07.372000+00:00,2026-01-06 18:16:07.877910+00:00,67.372,0.585,0.58,0.59,0.415,0.41,0.42,279.27,13.4,13.4,314.27,0.57,442.76,0.6,509.0,0.4,60.0,0.43,452.76
2026-01-06 18:16:08.002000+00:00,2026-01-06 18:16:08.535439+00:00,68.002,0.595,0.59,0.6,0.405,0.4,0.41,65.0,60.0,60.0,59.38,0.58,204.69,0.61,374.18,0.39,374.18,0.42,204.69
2026-01-06 18:16:08.373000+00:00,2026-01-06 18:16:08.887074+00:00,68.373,0.595,0.59,0.6,0.405,0.4,0.41,59.38,60.0,60.0,30.0,0.58,199.69,0.61,374.18,0.39,374.18,0.42,169.69
2026-01-06 18:16:09.052000+00:00,2026-01-06 18:16:09.547896+00:00,69.052,0.585,0.58,0.59,0.415,0.41,0.42,71.0,391.0,488.0,71.0,0.56,318.0,0.6,362.0,0.4,423.0,0.44,150.0
2026-01-06 18:16:09.368000+00:00,2026-01-06 18:16:09.888665+00:00,69.368,0.585,0.58,0.59,0.42,0.41,0.43,53.0,373.0,427.0,75.0,0.56,150.0,0.6,423.0,0.4,369.0,0.44,326.0
2026-01-06 18:16:10.048000+00:00,2026-01-06 18:16:10.553538+00:00,70.048,0.585,0.58,0.59,0.415,0.41,0.42,36.0,254.0,154.0,36.0,0.57,95.0,0.6,387.0,0.4,387.0,0.43,70.0
2026-01-06 18:16:10.365000+00:00,2026-01-06 18:16:10.895101+00:00,70.365,0.585,0.58,0.59,0.415,0.41,0.42,6.0,603.0,603.0,75.0,0.57,135.0,0.6,487.0,0.4,577.0,0.43,70.0
2026-01-06 18:16:11.058000+00:00,2026-01-06 18:16:11.574754+00:00,71.058,0.585,0.58,0.59,0.415,0.41,0.42,5.0,579.74,579.74,5.0,0.57,157.0,0.6,516.0,0.4,498.0,0.43,182.0
2026-01-06 18:16:11.422000+00:00,2026-01-06 18:16:11.924392+00:00,71.422,0.58,0.57,0.59,0.42,0.41,0.43,182.0,579.74,669.74,182.0,0.56,408.0,0.6,469.0,0.4,365.0,0.44,426.0
2026-01-06 18:16:12.014000+00:00,2026-01-06 18:16:12.591047+00:00,72.014,0.58,0.57,0.59,0.42,0.41,0.43,207.0,698.74,639.0,172.0,0.56,446.0,0.6,332.0,0.4,252.0,0.44,411.0
2026-01-06 18:16:12.428000+00:00,2026-01-06 18:16:12.928191+00:00,72.428,0.595,0.59,0.6,0.405,0.4,0.41,130.0,221.0,70.0,243.0,0.58,435.0,0.61,344.18,0.39,334.18,0.42,348.0
2026-01-06 18:16:13.449000+00:00,2026-01-06 18:16:13.946327+00:00,73.449,0.595,0.59,0.6,0.41000000000000003,0.4,0.42,38.0,85.0,135.0,403.0,0.58,470.0,0.61,176.18,0.39,284.18,0.43,436.0
2026-01-06 18:16:13.959000+00:00,2026-01-06 18:16:14.615106+00:00,73.959,0.59,0.58,0.6,0.41000000000000003,0.4,0.42,403.0,190.0,290.0,403.0,0.57,472.0,0.61,212.18,0.39,212.18,0.43,472.0
2026-01-06 18:16:14.404000+00:00,2026-01-06 18:16:14.952534+00:00,74.404,0.59,0.58,0.6,0.41000000000000003,0.4,0.42,403.0,171.0,171.0,403.0,0.57,472.0,0.61,334.18,0.39,424.18,0.43,472.0
2026-01-06 18:16:15.121000+00:00,2026-01-06 18:16:15.624081+00:00,75.121,0.59,0.58,0.6,0.41000000000000003,0.4,0.42,220.0,161.0,176.0,220.0,0.57,543.0,0.61,363.18,0.39,363.18,0.43,543.0
2026-01-06 18:16:15.416000+00:00,2026-01-06 18:16:15.965385+00:00,75.416,0.59,0.58,0.6,0.405,0.4,0.41,220.0,176.0,217.0,50.0,0.57,543.0,0.61,363.18,0.39,363.18,0.42,145.0
2026-01-06 18:16:16.138000+00:00,2026-01-06 18:16:16.639244+00:00,76.138,0.595,0.59,0.6,0.405,0.4,0.41,385.0,177.0,177.0,408.0,0.58,248.0,0.61,46.18,0.39,46.18,0.42,485.0
2026-01-06 18:16:16.358000+00:00,2026-01-06 18:16:16.959736+00:00,76.358,0.595,0.59,0.6,0.405,0.4,0.41,464.0,177.0,6.2,464.0,0.58,485.0,0.61,46.18,0.39,51.18,0.42,485.0
2026-01-06 18:16:17.143000+00:00,2026-01-06 18:16:17.639179+00:00,77.143,0.605,0.6,0.61,0.395,0.39,0.4,170.41,40.0,5.0,167.41,0.59,404.0,0.62,694.0,0.38,589.0,0.41,404.0
2026-01-06 18:16:17.460000+00:00,2026-01-06 18:16:17.970627+00:00,77.46,0.605,0.6,0.61,0.395,0.39,0.4,300.61,5.0,5.0,282.61,0.59,414.0,0.62,135.0,0.38,135.0,0.41,540.0
2026-01-06 18:16:18.140000+00:00,2026-01-06 18:16:18.652876+00:00,78.14,0.615,0.61,0.62,0.385,0.38,0.39,111.0,135.0,135.0,111.0,0.6,334.0,0.63,178.33,0.37,178.33,0.4,334.0
2026-01-06 18:16:18.411000+00:00,2026-01-06 18:16:18.978372+00:00,78.411,0.615,0.61,0.62,0.385,0.38,0.39,111.0,135.0,135.0,111.0,0.6,324.0,0.63,178.33,0.37,178.33,0.4,329.0
2026-01-06 18:16:19.137000+00:00,2026-01-06 18:16:19.655939+00:00,79.137,0.615,0.61,0.62,0.385,0.38,0.39,75.0,95.0,95.0,60.0,0.6,463.0,0.63,322.33,0.37,322.33,0.4,442.0
2026-01-06 18:16:19.508000+00:00,2026-01-06 18:16:20.003622+00:00,79.508,0.61,0.6,0.62,0.395,0.39,0.4,290.61,150.0,5.0,290.61,0.59,464.0,0.63,356.0,0.38,175.0,0.41,579.0
2026-01-06 18:16:20.165000+00:00,2026-01-06 18:16:20.670585+00:00,80.165,0.615,0.61,0.62,0.385,0.38,0.39,60.0,111.13,111.13,110.0,0.6,182.13,0.63,297.33,0.37,297.33,0.4,147.13
2026-01-06 18:16:20.495000+00:00,2026-01-06 18:16:21.000552+00:00,80.495,0.615,0.61,0.62,0.385,0.38,0.39,121.0,176.13,290.06,71.0,0.6,241.61,0.63,278.99,0.37,831.99,0.4,152.0
2026-01-06 18:16:21.177000+00:00,2026-01-06 18:16:21.692476+00:00,81.177,0.6,0.59,0.61,0.41000000000000003,0.4,0.42,100.0,174.33,187.0,222.0,0.58,187.0,0.62,783.06,0.39,382.33,0.43,313.0
2026-01-06 18:16:21.488000+00:00,2026-01-06 18:16:22.005285+00:00,81.488,0.59,0.58,0.6,0.41000000000000003,0.4,0.42,265.61,281.23,286.23,270.61,0.57,428.0,0.61,869.0,0.39,869.0,0.43,338.0
2026-01-06 18:16:22.112000+00:00,2026-01-06 18:16:22.682724+00:00,82.112,0.595,0.59,0.6,0.405,0.4,0.41,2.77,214.81,214.81,2.77,0.58,163.61,0.61,964.0,0.39,964.0,0.42,163.61
2026-01-06 18:16:22.499000+00:00,2026-01-06 18:16:23.027580+00:00,82.499,0.595,0.59,0.6,0.405,0.4,0.41,2.77,311.81,311.81,2.77,0.58,98.61,0.61,524.99,0.39,434.99,0.42,98.61
2026-01-06 18:16:23.161000+00:00,2026-01-06 18:16:23.699245+00:00,83.161,0.585,0.58,0.59,0.43,0.42,0.44,42.61,311.0,30.0,115.0,0.56,115.0,0.6,820.23,0.41,392.0,0.45,249.0
2026-01-06 18:16:23.502000+00:00,2026-01-06 18:16:24.036547+00:00,83.502,0.565,0.56,0.57,0.435,0.43,0.44,115.0,5.0,92.61,30.0,0.55,81.0,0.58,81.0,0.42,802.0,0.45,243.0
2026-01-06 18:16:24.190000+00:00,2026-01-06 18:16:24.713298+00:00,84.19,0.565,0.56,0.57,0.435,0.43,0.44,35.0,80.0,91.49,25.9,0.55,182.0,0.58,901.0,0.42,901.0,0.45,182.0
2026-01-06 18:16:24.497000+00:00,2026-01-06 18:16:25.051505+00:00,84.497,0.565,0.56,0.57,0.435,0.43,0.44,5.9,107.48,107.48,5.9,0.55,202.0,0.58,881.0,0.42,881.0,0.45,202.0
2026-01-06 18:16:25.195000+00:00,2026-01-06 18:16:25.726636+00:00,85.195,0.565,0.56,0.57,0.435,0.43,0.44,5.9,164.48,161.25,5.9,0.55,179.0,0.58,827.0,0.42,917.0,0.45,186.39
2026-01-06 18:16:25.544000+00:00,2026-01-06 18:16:26.052534+00:00,85.544,0.5700000000000001,0.56,0.58,0.435,0.43,0.44,5.9,917.48,80.0,5.9,0.55,186.39,0.59,440.0,0.42,892.48,0.45,186.39
2026-01-06 18:16:26.178000+00:00,2026-01-06 18:16:26.732156+00:00,86.178,0.565,0.56,0.57,0.435,0.43,0.44,5.9,92.34,107.34,5.9,0.55,283.39,0.58,766.48,0.42,766.48,0.45,265.39
2026-01-06 18:16:26.542000+00:00,2026-01-06 18:16:27.067335+00:00,86.542,0.565,0.56,0.57,0.435,0.43,0.44,81.16,20.0,20.0,66.16,0.55,180.0,0.58,806.48,0.42,806.48,0.45,195.0
2026-01-06 18:16:27.211000+00:00,2026-01-06 18:16:27.739393+00:00,87.211,0.565,0.56,0.57,0.425,0.42,0.43,325.16,20.0,5.0,192.0,0.55,298.0,0.58,454.0,0.41,390.34,0.44,435.16
2026-01-06 18:16:27.555000+00:00,2026-01-06 18:16:28.072079+00:00,87.555,0.575,0.57,0.58,0.415,0.41,0.42,222.0,10.0,67.34,30.0,0.56,374.16,0.59,107.34,0.4,244.23,0.43,329.39
2026-01-06 18:16:28.253000+00:00,2026-01-06 18:16:28.759956+00:00,88.253,0.6,0.59,0.61,0.395,0.39,0.4,153.39,646.34,646.34,5.0,0.58,340.0,0.62,300.07,0.38,102.07,0.41,158.39
2026-01-06 18:16:28.541000+00:00,2026-01-06 18:16:29.073836+00:00,88.541,0.605,0.6,0.61,0.395,0.39,0.4,5.0,631.34,200.68,30.0,0.59,181.39,0.62,84.07,0.38,174.07,0.41,161.39
2026-01-06 18:16:29.221000+00:00,2026-01-06 18:16:29.754068+00:00,89.221,0.605,0.6,0.61,0.395,0.39,0.4,8.3,200.68,200.68,8.3,0.59,171.39,0.62,174.07,0.38,174.07,0.41,171.39
2026-01-06 18:16:29.560000+00:00,2026-01-06 18:16:30.069942+00:00,89.56,0.595,0.59,0.6,0.405,0.4,0.41,212.39,39.81,39.81,184.39,0.58,428.0,0.61,205.68,0.39,200.68,0.42,446.0
2026-01-06 18:16:30.208000+00:00,2026-01-06 18:16:30.766394+00:00,90.208,0.595,0.59,0.6,0.405,0.4,0.41,194.39,39.81,4.55,194.39,0.58,446.0,0.61,133.34,0.39,133.34,0.42,446.0
2026-01-06 18:16:30.474000+00:00,2026-01-06 18:16:31.080477+00:00,90.474,0.595,0.59,0.6,0.405,0.4,0.41,174.39,4.55,4.55,174.39,0.58,288.0,0.61,133.34,0.39,133.34,0.42,288.0
2026-01-06 18:16:31.268000+00:00,2026-01-06 18:16:31.773881+00:00,91.268,0.605,0.6,0.61,0.395,0.39,0.4,136.26,35.0,29.83,154.26,0.59,200.0,0.62,392.07,0.38,302.07,0.41,182.0
2026-01-06 18:16:31.590000+00:00,2026-01-06 18:16:32.086389+00:00,91.59,0.605,0.6,0.61,0.4,0.39,0.41,45.26,140.83,171.17,108.39,0.59,81.0,0.62,338.07,0.38,303.07,0.42,480.0
2026-01-06 18:16:32.192000+00:00,2026-01-06 18:16:32.784437+00:00,92.192,0.6,0.59,0.61,0.4,0.39,0.41,72.39,370.56,460.56,92.39,0.58,488.0,0.62,445.07,0.38,355.07,0.42,488.0
2026-01-06 18:16:32.563000+00:00,2026-01-06 18:16:33.088953+00:00,92.563,0.6,0.59,0.61,0.4,0.39,0.41,92.39,427.29,427.29,127.39,0.58,305.0,0.62,819.07,0.38,965.07,0.42,262.0
2026-01-06 18:16:33.280000+00:00,2026-01-06 18:16:33.799094+00:00,93.28,0.595,0.59,0.6,0.405,0.4,0.41,21.39,213.0,213.0,56.39,0.58,137.0,0.61,640.95,0.39,640.95,0.42,137.0
2026-01-06 18:16:33.345000+00:00,2026-01-06 18:16:34.106011+00:00,93.345,0.595,0.59,0.6,0.405,0.4,0.41,56.39,213.0,213.0,56.39,0.58,137.0,0.61,640.95,0.39,640.95,0.42,137.0
2026-01-06 18:16:34.275000+00:00,2026-01-06 18:16:34.803559+00:00,94.275,0.585,0.58,0.59,0.415,0.41,0.42,99.99,5.0,5.0,99.99,0.57,148.0,0.6,344.61,0.4,434.61,0.43,148.0
2026-01-06 18:16:34.593000+00:00,2026-01-06 18:16:35.106410+00:00,94.593,0.585,0.58,0.59,0.415,0.41,0.42,99.99,5.0,17.0,99.99,0.57,148.0,0.6,409.61,0.4,509.61,0.43,148.0
2026-01-06 18:16:35.194000+00:00,2026-01-06 18:16:35.816683+00:00,95.194,0.585,0.58,0.59,0.415,0.41,0.42,99.99,17.0,17.0,99.99,0.57,130.0,0.6,326.61,0.4,326.61,0.43,130.0
2026-01-06 18:16:35.558000+00:00,2026-01-06 18:16:36.108613+00:00,95.558,0.585,0.58,0.59,0.415,0.41,0.42,99.99,17.0,17.0,99.99,0.57,130.0,0.6,301.61,0.4,311.61,0.43,130.0
2026-01-06 18:16:36.282000+00:00,2026-01-06 18:16:36.820821+00:00,96.282,0.585,0.58,0.59,0.415,0.41,0.42,99.99,17.0,17.0,99.99,0.57,299.0,0.6,273.61,0.4,273.61,0.43,299.0
2026-01-06 18:16:36.608000+00:00,2026-01-06 18:16:37.108432+00:00,96.608,0.585,0.58,0.59,0.415,0.41,0.42,99.99,17.0,17.0,99.99,0.57,299.0,0.6,273.61,0.4,273.61,0.43,299.0
2026-01-06 18:16:37.169000+00:00,2026-01-06 18:16:37.817447+00:00,97.169,0.585,0.58,0.59,0.415,0.41,0.42,99.99,17.0,17.0,119.99,0.57,299.0,0.6,288.61,0.4,288.61,0.43,299.0
2026-01-06 18:16:37.354000+00:00,2026-01-06 18:16:38.108709+00:00,97.354,0.585,0.58,0.59,0.415,0.41,0.42,119.99,17.0,17.0,199.99,0.57,299.0,0.6,288.61,0.4,288.61,0.43,299.0
2026-01-06 18:16:38.339000+00:00,2026-01-06 18:16:38.842039+00:00,98.339,0.585,0.58,0.59,0.415,0.41,0.42,406.99,9.83,9.83,562.99,0.57,529.0,0.61,722.0,0.39,273.0,0.43,978.0
2026-01-06 18:16:38.682000+00:00,2026-01-06 18:16:39.120039+00:00,98.682,0.625,0.61,0.64,0.365,0.36,0.37,122.0,772.0,140.0,93.0,0.6,70.0,0.65,554.0,0.35,589.0,0.38,348.0
2026-01-06 18:16:39.373000+00:00,2026-01-06 18:16:39.847225+00:00,99.373,0.635,0.63,0.64,0.37,0.36,0.38,28.0,200.0,231.0,411.0,0.62,429.0,0.65,180.0,0.35,180.0,0.39,247.0
2026-01-06 18:16:39.621000+00:00,2026-01-06 18:16:40.120426+00:00,99.621,0.63,0.62,0.64,0.37,0.36,0.38,408.36,200.0,205.0,408.36,0.61,247.0,0.65,175.0,0.35,175.0,0.39,247.0
2026-01-06 18:16:40.348000+00:00,2026-01-06 18:16:40.854886+00:00,100.348,0.625,0.62,0.63,0.375,0.37,0.38,156.0,15.0,15.0,189.0,0.61,130.0,0.64,383.0,0.36,383.0,0.39,130.0
2026-01-06 18:16:40.642000+00:00,2026-01-06 18:16:41.122870+00:00,100.642,0.625,0.62,0.63,0.375,0.37,0.38,179.0,15.0,5.0,174.0,0.61,130.0,0.64,383.0,0.36,383.0,0.39,130.0
2026-01-06 18:16:41.348000+00:00,2026-01-06 18:16:41.852562+00:00,101.348,0.625,0.62,0.63,0.37,0.36,0.38,124.0,5.0,388.0,124.0,0.61,130.0,0.64,383.0,0.35,1143.0,0.39,130.0
2026-01-06 18:16:41.613000+00:00,2026-01-06 18:16:42.133390+00:00,101.613,0.63,0.62,0.64,0.37,0.36,0.38,110.89,388.0,388.0,110.89,0.61,130.0,0.65,1143.0,0.35,1143.0,0.39,130.0
2026-01-06 18:16:42.353000+00:00,2026-01-06 18:16:42.860665+00:00,102.353,0.625,0.62,0.63,0.365,0.36,0.37,85.0,5.0,183.0,75.0,0.61,130.0,0.64,283.0,0.35,1194.0,0.38,134.0
2026-01-06 18:16:42.637000+00:00,2026-01-06 18:16:43.139947+00:00,102.637,0.64,0.63,0.65,0.355,0.35,0.36,260.0,459.0,364.0,145.0,0.62,470.0,0.66,615.0,0.34,458.0,0.37,165.0
2026-01-06 18:16:43.297000+00:00,2026-01-06 18:16:43.860804+00:00,103.297,0.645,0.64,0.65,0.355,0.35,0.36,162.0,110.0,110.0,162.0,0.63,465.0,0.66,200.0,0.34,200.0,0.37,526.0
2026-01-06 18:16:43.605000+00:00,2026-01-06 18:16:44.151777+00:00,103.605,0.645,0.64,0.65,0.355,0.35,0.36,155.02,110.0,10.0,288.02,0.63,404.0,0.66,295.0,0.33,364.0,0.37,322.0
2026-01-06 18:16:44.371000+00:00,2026-01-06 18:16:44.866298+00:00,104.371,0.66,0.65,0.67,0.33999999999999997,0.33,0.35,278.0,371.0,361.0,278.0,0.64,231.0,0.68,497.0,0.32,533.0,0.36,285.0
2026-01-06 18:16:44.640000+00:00,2026-01-06 18:16:45.160619+00:00,104.64,0.66,0.65,0.67,0.33999999999999997,0.33,0.35,278.0,386.0,447.0,339.0,0.64,102.0,0.68,569.0,0.32,569.0,0.36,102.0
2026-01-06 18:16:45.338000+00:00,2026-01-06 18:16:45.884953+00:00,105.338,0.655,0.65,0.66,0.345,0.34,0.35,156.0,11.69,1.69,166.0,0.64,102.0,0.67,374.0,0.33,343.0,0.36,102.0
2026-01-06 18:16:45.659000+00:00,2026-01-06 18:16:46.168698+00:00,105.659,0.655,0.65,0.66,0.335,0.33,0.34,250.0,1.69,185.0,20.0,0.64,393.0,0.67,190.0,0.32,525.0,0.35,239.74
2026-01-06 18:16:46.397000+00:00,2026-01-06 18:16:46.896634+00:00,106.397,0.655,0.65,0.66,0.345,0.34,0.35,122.65,177.0,177.0,137.65,0.64,157.0,0.67,471.0,0.33,471.0,0.36,157.0
2026-01-06 18:16:46.636000+00:00,2026-01-06 18:16:47.174550+00:00,106.636,0.655,0.65,0.66,0.345,0.34,0.35,107.65,293.0,288.0,107.65,0.64,157.0,0.67,497.0,0.33,587.0,0.36,157.0
2026-01-06 18:16:47.407000+00:00,2026-01-06 18:16:47.923998+00:00,107.407,0.655,0.65,0.66,0.345,0.34,0.35,158.0,283.0,283.0,136.0,0.64,226.0,0.67,483.0,0.33,483.0,0.36,280.0
2026-01-06 18:16:47.690000+00:00,2026-01-06 18:16:48.192174+00:00,107.69,0.655,0.65,0.66,0.345,0.34,0.35,136.0,100.0,100.0,131.0,0.64,360.0,0.67,300.0,0.33,300.0,0.36,360.0
2026-01-06 18:16:48.484000+00:00,2026-01-06 18:16:48.942563+00:00,108.484,0.655,0.65,0.66,0.345,0.34,0.35,60.0,150.0,115.0,80.0,0.64,343.0,0.67,488.0,0.33,523.0,0.36,323.0
2026-01-06 18:16:48.704000+00:00,2026-01-06 18:16:49.204978+00:00,108.704,0.65,0.64,0.66,0.35,0.34,0.36,123.0,105.0,105.0,123.0,0.63,948.0,0.67,523.0,0.33,584.0,0.37,765.0
2026-01-06 18:16:49.311000+00:00,2026-01-06 18:16:49.939474+00:00,109.311,0.645,0.64,0.65,0.355,0.35,0.36,108.58,10.0,10.0,108.58,0.63,747.0,0.66,352.0,0.34,338.0,0.37,693.0
2026-01-06 18:16:49.700000+00:00,2026-01-06 18:16:50.207717+00:00,109.7,0.655,0.65,0.66,0.345,0.34,0.35,15.0,381.43,316.43,95.0,0.64,108.58,0.67,676.0,0.33,726.0,0.36,99.0
2026-01-06 18:16:50.464000+00:00,2026-01-06 18:16:50.954615+00:00,110.464,0.665,0.66,0.67,0.335,0.33,0.34,5.0,318.0,427.0,5.0,0.65,135.82,0.68,939.0,0.32,1112.0,0.35,58.0
2026-01-06 18:16:50.692000+00:00,2026-01-06 18:16:51.208545+00:00,110.692,0.665,0.66,0.67,0.335,0.33,0.34,5.0,643.0,654.0,5.0,0.65,5.0,0.68,1068.0,0.32,1068.0,0.35,5.0
2026-01-06 18:16:51.460000+00:00,2026-01-06 18:16:51.969008+00:00,111.46,0.645,0.64,0.65,0.355,0.35,0.36,49.77,258.95,248.95,102.77,0.63,101.0,0.66,479.0,0.34,254.0,0.37,84.0
2026-01-06 18:16:51.690000+00:00,2026-01-06 18:16:52.220302+00:00,111.69,0.645,0.64,0.65,0.355,0.35,0.36,248.77,248.95,248.95,248.77,0.63,296.0,0.66,354.0,0.34,354.0,0.37,474.0
2026-01-06 18:16:52.478000+00:00,2026-01-06 18:16:52.975724+00:00,112.478,0.645,0.64,0.65,0.355,0.35,0.36,80.77,101.95,106.95,80.77,0.63,305.0,0.66,311.0,0.34,306.0,0.37,305.0
2026-01-06 18:16:52.724000+00:00,2026-01-06 18:16:53.238499+00:00,112.724,0.645,0.64,0.65,0.355,0.35,0.36,120.77,91.95,91.95,95.77,0.63,305.0,0.66,276.0,0.34,306.0,0.37,305.0
2026-01-06 18:16:53.591000+00:00,2026-01-06 18:16:53.992613+00:00,113.591,0.645,0.64,0.65,0.355,0.35,0.36,39.82,382.95,492.95,39.82,0.63,71.0,0.66,306.0,0.34,347.0,0.38,390.0
2026-01-06 18:16:53.736000+00:00,2026-01-06 18:16:54.242568+00:00,113.736,0.645,0.64,0.65,0.355,0.35,0.36,39.82,492.95,624.95,39.82,0.62,390.0,0.66,347.0,0.34,530.0,0.38,207.0
2026-01-06 18:16:54.473000+00:00,2026-01-06 18:16:55.003517+00:00,114.473,0.63,0.62,0.64,0.37,0.36,0.38,263.0,297.99,287.99,263.0,0.61,312.0,0.65,480.0,0.35,480.0,0.39,402.0
2026-01-06 18:16:54.740000+00:00,2026-01-06 18:16:55.248687+00:00,114.74,0.63,0.62,0.64,0.37,0.36,0.38,263.0,282.67,297.67,227.0,0.61,312.0,0.65,480.0,0.35,498.0,0.39,277.0
2026-01-06 18:16:55.514000+00:00,2026-01-06 18:16:56.009751+00:00,115.514,0.615,0.61,0.62,0.39,0.38,0.4,35.0,99.99,134.99,138.0,0.6,239.0,0.63,192.93,0.37,278.0,0.41,234.47
2026-01-06 18:16:55.719000+00:00,2026-01-06 18:16:56.251849+00:00,115.719,0.61,0.6,0.62,0.385,0.38,0.39,121.0,118.94,133.94,5.0,0.59,288.47,0.63,350.0,0.37,350.0,0.4,136.0
2026-01-06 18:16:56.529000+00:00,2026-01-06 18:16:57.029822+00:00,116.529,0.615,0.61,0.62,0.385,0.38,0.39,50.0,36.0,5.0,50.0,0.6,121.0,0.63,461.0,0.37,561.0,0.4,121.0
2026-01-06 18:16:56.737000+00:00,2026-01-06 18:16:57.250301+00:00,116.737,0.615,0.61,0.62,0.385,0.38,0.39,43.97,5.0,5.0,43.97,0.6,121.0,0.63,561.0,0.37,570.02,0.4,211.0
2026-01-06 18:16:57.433000+00:00,2026-01-06 18:16:58.038442+00:00,117.433,0.61,0.6,0.62,0.39,0.38,0.4,186.0,105.35,98.81,186.0,0.59,306.47,0.63,500.02,0.37,500.02,0.41,396.47
2026-01-06 18:16:57.767000+00:00,2026-01-06 18:16:58.263047+00:00,117.767,0.615,0.61,0.62,0.385,0.38,0.39,96.17,40.0,15.0,114.17,0.6,121.0,0.63,555.01,0.37,537.01,0.4,139.0
2026-01-06 18:16:58.546000+00:00,2026-01-06 18:16:59.042115+00:00,118.546,0.61,0.6,0.62,0.395,0.39,0.4,222.0,107.87,5.0,181.0,0.59,378.47,0.63,384.01,0.38,132.87,0.41,481.47
2026-01-06 18:16:58.780000+00:00,2026-01-06 18:16:59.282559+00:00,118.78,0.605,0.6,0.61,0.395,0.39,0.4,86.0,100.0,215.0,15.0,0.59,472.65,0.62,92.88,0.38,339.88,0.41,328.65
2026-01-06 18:16:59.626000+00:00,2026-01-06 18:17:00.053369+00:00,119.626,0.595,0.59,0.6,0.405,0.4,0.41,43.47,94.99,84.99,43.47,0.58,226.0,0.61,255.98,0.39,255.98,0.42,231.0
2026-01-06 18:16:59.794000+00:00,2026-01-06 18:17:00.287980+00:00,119.794,0.595,0.59,0.6,0.405,0.4,0.41,43.47,155.99,235.99,8.47,0.58,231.0,0.61,255.98,0.39,251.0,0.42,50.0
2026-01-06 18:17:00.496000+00:00,2026-01-06 18:17:01.051945+00:00,120.496,0.575,0.57,0.58,0.425,0.42,0.43,123.0,35.0,139.33,123.0,0.56,110.9,0.59,244.0,0.41,242.0,0.44,110.9
2026-01-06 18:17:00.750000+00:00,2026-01-06 18:17:01.291106+00:00,120.75,0.575,0.57,0.58,0.425,0.42,0.43,123.0,194.33,199.33,123.0,0.56,25.9,0.59,242.0,0.41,303.0,0.44,25.9
2026-01-06 18:17:01.538000+00:00,2026-01-06 18:17:02.076506+00:00,121.538,0.575,0.57,0.58,0.425,0.42,0.43,72.75,439.6,444.6,67.75,0.56,50.9,0.59,959.0,0.41,959.0,0.44,50.9
2026-01-06 18:17:01.702000+00:00,2026-01-06 18:17:02.300964+00:00,121.702,0.575,0.57,0.58,0.435,0.43,0.44,67.75,444.6,101.0,50.9,0.56,50.9,0.59,959.0,0.42,419.6,0.45,178.18
2026-01-06 18:17:02.563000+00:00,2026-01-06 18:17:03.067421+00:00,122.563,0.565,0.56,0.57,0.445,0.44,0.45,40.0,396.56,41.62,35.0,0.55,10.0,0.58,477.99,0.43,914.24,0.46,10.0
2026-01-06 18:17:02.808000+00:00,2026-01-06 18:17:03.311075+00:00,122.808,0.555,0.55,0.56,0.445,0.44,0.45,60.0,41.62,41.62,70.0,0.54,120.0,0.57,776.24,0.43,740.24,0.46,174.0
2026-01-06 18:17:03.535000+00:00,2026-01-06 18:17:04.072751+00:00,123.535,0.55,0.54,0.56,0.445,0.44,0.45,204.0,102.62,102.62,5.0,0.53,328.0,0.57,596.0,0.43,596.0,0.46,204.0
2026-01-06 18:17:03.812000+00:00,2026-01-06 18:17:04.317124+00:00,123.812,0.555,0.55,0.56,0.445,0.44,0.45,5.0,102.62,102.62,5.0,0.54,204.0,0.57,596.0,0.43,596.0,0.46,204.0
2026-01-06 18:17:04.317000+00:00,2026-01-06 18:17:05.083682+00:00,124.317,0.555,0.55,0.56,0.445,0.44,0.45,5.0,96.62,61.62,23.0,0.54,204.0,0.57,601.0,0.43,590.0,0.46,319.0
2026-01-06 18:17:04.811000+00:00,2026-01-06 18:17:05.315608+00:00,124.811,0.56,0.55,0.57,0.435,0.43,0.44,142.18,616.31,76.0,100.0,0.54,237.0,0.58,388.0,0.42,249.62,0.45,345.0
2026-01-06 18:17:05.588000+00:00,2026-01-06 18:17:06.096564+00:00,125.588,0.565,0.56,0.57,0.435,0.43,0.44,212.0,5.0,5.0,212.0,0.55,380.0,0.58,71.62,0.42,71.62,0.45,380.0
2026-01-06 18:17:05.733000+00:00,2026-01-06 18:17:06.322845+00:00,125.733,0.565,0.56,0.57,0.435,0.43,0.44,222.0,5.0,5.0,222.0,0.55,380.0,0.58,71.62,0.42,142.62,0.45,380.0
2026-01-06 18:17:06.586000+00:00,2026-01-06 18:17:07.103508+00:00,126.586,0.5700000000000001,0.56,0.58,0.43,0.42,0.44,267.0,182.36,182.36,267.0,0.55,292.0,0.59,250.19,0.41,250.19,0.45,292.0
2026-01-06 18:17:06.586000+00:00,2026-01-06 18:17:07.339679+00:00,126.586,0.5700000000000001,0.56,0.58,0.43,0.42,0.44,267.0,182.36,182.36,261.88,0.55,292.0,0.59,250.19,0.41,250.19,0.45,292.0
2026-01-06 18:17:07.596000+00:00,2026-01-06 18:17:08.116285+00:00,127.596,0.555,0.55,0.56,0.445,0.44,0.45,96.0,127.62,127.62,96.0,0.54,520.25,0.57,407.0,0.43,285.0,0.46,520.25
2026-01-06 18:17:07.791000+00:00,2026-01-06 18:17:08.331630+00:00,127.791,0.555,0.55,0.56,0.445,0.44,0.45,116.0,107.62,107.62,116.0,0.54,500.25,0.57,224.99,0.43,224.99,0.46,500.25
2026-01-06 18:17:08.597000+00:00,2026-01-06 18:17:09.124779+00:00,128.597,0.555,0.55,0.56,0.445,0.44,0.45,308.18,71.0,71.0,293.18,0.54,663.24,0.57,122.31,0.43,61.31,0.46,743.24
2026-01-06 18:17:08.851000+00:00,2026-01-06 18:17:09.355408+00:00,128.851,0.555,0.55,0.56,0.445,0.44,0.45,373.18,71.0,71.0,977.18,0.54,833.24,0.57,55.0,0.43,55.0,0.46,761.24
2026-01-06 18:17:09.618000+00:00,2026-01-06 18:17:10.138454+00:00,129.618,0.585,0.58,0.59,0.415,0.41,0.42,340.0,27.19,27.19,395.0,0.57,170.0,0.61,105.0,0.39,105.0,0.43,337.0
2026-01-06 18:17:09.839000+00:00,2026-01-06 18:17:10.368332+00:00,129.839,0.585,0.58,0.59,0.4,0.39,0.41,395.0,27.19,105.0,225.23,0.57,458.0,0.61,105.0,0.38,152.88,0.42,521.0
2026-01-06 18:17:10.614000+00:00,2026-01-06 18:17:11.145952+00:00,130.614,0.615,0.61,0.62,0.385,0.38,0.39,228.0,87.87,87.87,106.0,0.6,822.18,0.63,243.01,0.37,243.01,0.4,822.18
2026-01-06 18:17:10.871000+00:00,2026-01-06 18:17:11.372867+00:00,130.871,0.615,0.61,0.62,0.385,0.38,0.39,106.0,112.87,87.87,53.0,0.6,822.18,0.63,243.01,0.37,248.01,0.4,827.18
2026-01-06 18:17:11.647000+00:00,2026-01-06 18:17:12.157253+00:00,131.647,0.61,0.6,0.62,0.39,0.38,0.4,831.85,87.87,87.87,825.85,0.59,506.0,0.63,243.01,0.37,243.01,0.41,506.0
2026-01-06 18:17:11.849000+00:00,2026-01-06 18:17:12.368473+00:00,131.849,0.61,0.6,0.62,0.39,0.38,0.4,835.85,87.87,87.87,835.85,0.59,506.0,0.63,243.01,0.37,243.01,0.41,488.0
2026-01-06 18:17:12.658000+00:00,2026-01-06 18:17:13.164194+00:00,132.658,0.605,0.6,0.61,0.395,0.39,0.4,233.85,5.0,5.0,269.85,0.59,881.0,0.62,88.88,0.38,83.88,0.41,881.0
2026-01-06 18:17:12.827000+00:00,2026-01-06 18:17:13.387292+00:00,132.827,0.605,0.6,0.61,0.395,0.39,0.4,264.85,5.0,5.0,239.85,0.59,886.0,0.62,83.88,0.38,83.88,0.41,886.0
2026-01-06 18:17:13.669000+00:00,2026-01-06 18:17:14.179839+00:00,133.669,0.615,0.61,0.62,0.385,0.38,0.39,129.23,83.88,153.87,41.0,0.6,145.67,0.63,365.01,0.37,325.01,0.4,211.85
2026-01-06 18:17:13.877000+00:00,2026-01-06 18:17:14.385685+00:00,133.877,0.615,0.61,0.62,0.385,0.38,0.39,5.0,183.87,229.87,5.0,0.6,193.85,0.63,379.01,0.37,397.01,0.4,5.0
2026-01-06 18:17:14.558000+00:00,2026-01-06 18:17:15.183403+00:00,134.558,0.6,0.59,0.61,0.395,0.39,0.4,234.23,164.0,58.0,96.18,0.58,385.0,0.62,159.88,0.38,181.87,0.41,216.0
2026-01-06 18:17:14.888000+00:00,2026-01-06 18:17:15.391861+00:00,134.888,0.605,0.6,0.61,0.385,0.38,0.39,194.18,20.0,83.88,177.0,0.59,372.0,0.62,101.88,0.37,196.01,0.4,409.18
2026-01-06 18:17:15.667000+00:00,2026-01-06 18:17:16.191007+00:00,135.667,0.615,0.61,0.62,0.385,0.38,0.39,458.74,43.71,7.71,459.0,0.6,1010.18,0.63,100.01,0.37,100.01,0.4,1010.18
2026-01-06 18:17:15.890000+00:00,2026-01-06 18:17:16.399346+00:00,135.89,0.625,0.62,0.63,0.375,0.37,0.38,40.29,100.01,100.01,98.52,0.61,459.0,0.64,119.99,0.36,124.99,0.39,458.99
2026-01-06 18:17:16.610000+00:00,2026-01-06 18:17:17.180079+00:00,136.61,0.625,0.62,0.63,0.375,0.37,0.38,100.88,90.99,87.99,125.88,0.61,485.99,0.64,144.99,0.36,144.99,0.39,485.99
2026-01-06 18:17:16.907000+00:00,2026-01-06 18:17:17.408584+00:00,136.907,0.625,0.62,0.63,0.375,0.37,0.38,100.88,87.99,16.99,100.88,0.61,485.99,0.64,244.99,0.36,144.99,0.39,485.99
2026-01-06 18:17:17.655000+00:00,2026-01-06 18:17:18.191748+00:00,137.655,0.625,0.62,0.63,0.375,0.37,0.38,85.88,16.99,11.99,100.88,0.61,485.99,0.64,144.99,0.36,139.99,0.39,485.99
2026-01-06 18:17:17.859000+00:00,2026-01-06 18:17:18.435167+00:00,137.859,0.625,0.62,0.63,0.375,0.37,0.38,100.88,11.99,11.99,100.88,0.61,521.99,0.64,139.99,0.36,139.99,0.39,521.99
2026-01-06 18:17:18.715000+00:00,2026-01-06 18:17:19.201588+00:00,138.715,0.625,0.62,0.63,0.375,0.37,0.38,210.88,11.99,11.99,200.88,0.61,498.0,0.64,275.99,0.36,329.99,0.39,498.0
2026-01-06 18:17:18.940000+00:00,2026-01-06 18:17:19.440404+00:00,138.94,0.625,0.62,0.63,0.375,0.37,0.38,0.88,81.99,413.18,0.88,0.61,357.98,0.64,225.0,0.36,273.0,0.39,302.98
2026-01-06 18:17:19.713000+00:00,2026-01-06 18:17:20.224374+00:00,139.713,0.625,0.62,0.63,0.38,0.37,0.39,15.0,307.0,426.0,200.98,0.61,195.98,0.64,312.0,0.36,157.0,0.4,411.0
2026-01-06 18:17:19.955000+00:00,2026-01-06 18:17:20.453973+00:00,139.955,0.625,0.62,0.63,0.385,0.38,0.39,30.0,521.0,5.0,200.98,0.61,205.98,0.64,116.0,0.37,526.0,0.4,308.0
2026-01-06 18:17:20.687000+00:00,2026-01-06 18:17:21.233781+00:00,140.687,0.615,0.61,0.62,0.385,0.38,0.39,200.98,18.0,18.0,200.98,0.6,135.0,0.63,333.0,0.37,333.0,0.4,225.0
2026-01-06 18:17:20.946000+00:00,2026-01-06 18:17:21.456044+00:00,140.946,0.615,0.61,0.62,0.385,0.38,0.39,200.98,23.0,48.0,200.98,0.6,210.0,0.63,333.0,0.37,318.0,0.4,210.0
2026-01-06 18:17:21.744000+00:00,2026-01-06 18:17:22.250414+00:00,141.744,0.605,0.6,0.61,0.395,0.39,0.4,5.0,18.0,87.0,70.0,0.59,312.98,0.62,176.0,0.38,217.0,0.41,327.18
2026-01-06 18:17:21.981000+00:00,2026-01-06 18:17:22.471928+00:00,141.981,0.61,0.6,0.62,0.385,0.38,0.39,116.0,163.0,45.0,112.98,0.59,360.17,0.63,419.0,0.37,354.19,0.4,129.0
2026-01-06 18:17:22.754000+00:00,2026-01-06 18:17:23.257373+00:00,142.754,0.615,0.61,0.62,0.385,0.38,0.39,101.0,125.0,120.0,101.0,0.6,360.0,0.63,169.0,0.37,384.0,0.4,288.0
2026-01-06 18:17:22.956000+00:00,2026-01-06 18:17:23.471138+00:00,142.956,0.615,0.61,0.62,0.385,0.38,0.39,101.0,120.0,120.0,101.0,0.6,288.0,0.63,384.0,0.37,384.0,0.4,105.0
2026-01-06 18:17:23.765000+00:00,2026-01-06 18:17:24.266277+00:00,143.765,0.615,0.61,0.62,0.385,0.38,0.39,71.0,313.0,303.0,71.0,0.6,5.0,0.63,284.0,0.37,364.0,0.4,40.0
2026-01-06 18:17:23.966000+00:00,2026-01-06 18:17:24.473053+00:00,143.966,0.615,0.61,0.62,0.385,0.38,0.39,111.0,267.0,186.0,114.26,0.6,70.0,0.63,364.0,0.37,369.19,0.4,246.0
2026-01-06 18:17:24.759000+00:00,2026-01-06 18:17:25.274389+00:00,144.759,0.615,0.61,0.62,0.385,0.38,0.39,138.28,86.0,86.0,138.28,0.6,541.0,0.63,149.71,0.37,184.71,0.4,576.0
2026-01-06 18:17:24.869000+00:00,2026-01-06 18:17:25.470618+00:00,144.869,0.615,0.61,0.62,0.385,0.38,0.39,138.28,86.0,86.0,138.28,0.6,576.0,0.63,184.71,0.37,113.71,0.4,522.0
2026-01-06 18:17:25.725000+00:00,2026-01-06 18:17:26.289496+00:00,145.725,0.615,0.61,0.62,0.385,0.38,0.39,290.28,86.0,86.0,290.28,0.6,610.0,0.63,113.71,0.37,113.71,0.4,610.0
2026-01-06 18:17:26+00:00,2026-01-06 18:17:26.499491+00:00,146.0,0.615,0.61,0.62,0.385,0.38,0.39,280.28,86.0,86.0,280.28,0.6,427.0,0.63,113.71,0.37,113.71,0.4,427.0
2026-01-06 18:17:26.792000+00:00,2026-01-06 18:17:27.297157+00:00,146.792,0.615,0.61,0.62,0.385,0.38,0.39,279.28,64.59,64.59,244.28,0.6,628.0,0.63,35.0,0.37,123.52,0.4,628.0
2026-01-06 18:17:27.009000+00:00,2026-01-06 18:17:27.513342+00:00,147.009,0.62,0.61,0.63,0.38,0.37,0.39,244.28,123.52,169.52,172.28,0.6,542.0,0.64,158.0,0.36,194.0,0.4,542.0
2026-01-06 18:17:27.777000+00:00,2026-01-06 18:17:28.299452+00:00,147.777,0.615,0.61,0.62,0.395,0.39,0.4,50.0,128.09,275.0,192.53,0.6,192.53,0.63,305.0,0.38,128.09,0.41,1078.99
2026-01-06 18:17:28.017000+00:00,2026-01-06 18:17:28.531559+00:00,148.017,0.605,0.6,0.61,0.395,0.39,0.4,100.0,335.18,252.93,205.0,0.59,1134.0,0.62,83.09,0.38,154.09,0.41,1028.0
2026-01-06 18:17:28.789000+00:00,2026-01-06 18:17:29.299392+00:00,148.789,0.605,0.6,0.61,0.395,0.39,0.4,100.0,286.73,231.55,195.0,0.59,1098.0,0.62,151.09,0.38,186.09,0.41,1092.0
2026-01-06 18:17:29.760000+00:00,2026-01-06 18:17:30.309096+00:00,149.76,0.605,0.6,0.61,0.395,0.39,0.4,323.0,178.55,178.55,308.0,0.59,1118.99,0.62,168.09,0.38,168.09,0.41,1113.99
2026-01-06 18:17:29.963000+00:00,2026-01-06 18:17:30.547640+00:00,149.963,0.605,0.6,0.61,0.395,0.39,0.4,308.0,178.55,131.55,502.0,0.59,1113.99,0.62,168.09,0.38,108.52,0.41,1191.99
2026-01-06 18:17:30.795000+00:00,2026-01-06 18:17:31.316963+00:00,150.795,0.615,0.61,0.62,0.385,0.38,0.39,222.0,50.0,50.0,380.0,0.6,484.0,0.63,106.0,0.37,106.0,0.4,484.0
2026-01-06 18:17:31.057000+00:00,2026-01-06 18:17:31.561328+00:00,151.057,0.615,0.61,0.62,0.365,0.36,0.37,413.0,50.0,121.09,122.0,0.6,467.0,0.64,86.09,0.35,313.0,0.38,36.0
2026-01-06 18:17:31.816000+00:00,2026-01-06 18:17:32.323182+00:00,151.816,0.635,0.63,0.64,0.365,0.36,0.37,867.0,71.0,21.1,882.0,0.62,476.0,0.65,115.0,0.35,115.0,0.38,355.0
2026-01-06 18:17:32.045000+00:00,2026-01-06 18:17:32.564913+00:00,152.045,0.635,0.63,0.64,0.36,0.35,0.37,887.0,21.1,115.0,800.0,0.62,355.0,0.65,115.0,0.34,105.0,0.38,319.0
2026-01-06 18:17:32.808000+00:00,2026-01-06 18:17:33.326083+00:00,152.808,0.645,0.64,0.65,0.355,0.35,0.36,35.0,204.0,186.0,60.0,0.63,682.0,0.66,301.0,0.34,308.0,0.37,499.0
2026-01-06 18:17:33.040000+00:00,2026-01-06 18:17:33.571353+00:00,153.04,0.645,0.64,0.65,0.36,0.35,0.37,45.0,186.0,186.0,589.0,0.63,589.0,0.66,326.0,0.34,326.0,0.38,177.0
2026-01-06 18:17:33.815000+00:00,2026-01-06 18:17:34.321829+00:00,153.815,0.645,0.64,0.65,0.355,0.35,0.36,45.0,186.0,186.0,146.0,0.63,715.3,0.66,331.0,0.34,216.0,0.37,715.3
2026-01-06 18:17:34.073000+00:00,2026-01-06 18:17:34.576015+00:00,154.073,0.645,0.64,0.65,0.355,0.35,0.36,315.0,151.0,151.0,333.0,0.63,818.3,0.66,223.0,0.34,223.0,0.37,818.3
2026-01-06 18:17:34.821000+00:00,2026-01-06 18:17:35.328938+00:00,154.821,0.645,0.64,0.65,0.355,0.35,0.36,1071.0,151.0,151.0,1046.0,0.63,483.0,0.67,79.0,0.33,84.0,0.37,553.0
2026-01-06 18:17:35.066000+00:00,2026-01-06 18:17:35.582475+00:00,155.066,0.665,0.66,0.67,0.335,0.33,0.34,30.0,64.0,59.0,40.0,0.65,7.0,0.68,301.0,0.32,337.0,0.36,1059.0
2026-01-06 18:17:35.843000+00:00,2026-01-06 18:17:36.338676+00:00,155.843,0.665,0.66,0.67,0.33999999999999997,0.33,0.35,10.0,153.98,260.98,96.0,0.65,153.0,0.68,181.0,0.32,181.0,0.36,879.0
2026-01-06 18:17:36.077000+00:00,2026-01-06 18:17:36.594450+00:00,156.077,0.66,0.65,0.67,0.345,0.34,0.35,96.0,224.98,36.0,30.0,0.64,843.0,0.68,145.0,0.33,250.98,0.36,933.0
2026-01-06 18:17:36.863000+00:00,2026-01-06 18:17:37.347450+00:00,156.863,0.66,0.65,0.67,0.33999999999999997,0.33,0.35,266.0,268.98,268.98,144.0,0.64,843.0,0.68,234.0,0.32,173.0,0.36,862.0
2026-01-06 18:17:37.095000+00:00,2026-01-06 18:17:37.605636+00:00,157.095,0.66,0.65,0.67,0.33999999999999997,0.33,0.35,144.0,268.98,368.98,144.0,0.64,862.0,0.68,173.0,0.32,173.0,0.36,862.0
2026-01-06 18:17:37.803000+00:00,2026-01-06 18:17:38.350451+00:00,157.803,0.655,0.65,0.66,0.345,0.34,0.35,40.0,282.0,267.0,4.0,0.64,479.0,0.67,448.0,0.33,448.0,0.36,484.0
2026-01-06 18:17:38.129000+00:00,2026-01-06 18:17:38.611746+00:00,158.129,0.655,0.65,0.66,0.345,0.34,0.35,4.0,267.0,267.0,1.56,0.64,484.0,0.67,448.0,0.33,448.0,0.36,474.0
2026-01-06 18:17:38.844000+00:00,2026-01-06 18:17:39.362849+00:00,158.844,0.655,0.65,0.66,0.345,0.34,0.35,1.56,226.0,326.0,1.56,0.64,459.0,0.67,554.0,0.33,554.0,0.36,464.0
2026-01-06 18:17:39.099000+00:00,2026-01-06 18:17:39.618010+00:00,159.099,0.655,0.65,0.66,0.345,0.34,0.35,1.56,321.0,311.0,1.56,0.64,464.0,0.67,559.0,0.33,559.0,0.36,479.0
2026-01-06 18:17:39.868000+00:00,2026-01-06 18:17:40.355736+00:00,159.868,0.655,0.65,0.66,0.345,0.34,0.35,86.56,155.0,155.0,60.0,0.64,530.0,0.67,536.0,0.33,536.0,0.36,548.0
2026-01-06 18:17:40.119000+00:00,2026-01-06 18:17:40.624091+00:00,160.119,0.655,0.65,0.66,0.345,0.34,0.35,50.0,245.0,448.0,60.0,0.64,51.0,0.67,536.0,0.33,639.0,0.36,15.0
2026-01-06 18:17:40.856000+00:00,2026-01-06 18:17:41.362451+00:00,160.856,0.615,0.61,0.62,0.38,0.37,0.39,788.01,45.0,235.09,793.01,0.6,511.99,0.63,149.09,0.36,244.18,0.4,574.99
2026-01-06 18:17:41.099000+00:00,2026-01-06 18:17:41.638201+00:00,161.099,0.62,0.61,0.63,0.375,0.37,0.38,484.01,286.09,245.5,5.0,0.6,453.99,0.64,300.18,0.36,300.18,0.39,35.01
2026-01-06 18:17:41.859000+00:00,2026-01-06 18:17:42.366478+00:00,161.859,0.61,0.6,0.62,0.39,0.38,0.4,150.0,128.46,164.46,150.0,0.59,520.0,0.63,147.0,0.37,142.0,0.41,525.0
2026-01-06 18:17:42.096000+00:00,2026-01-06 18:17:42.650475+00:00,162.096,0.61,0.6,0.62,0.39,0.38,0.4,150.0,164.46,164.46,155.0,0.59,404.0,0.63,142.0,0.37,142.0,0.41,399.0
2026-01-06 18:17:42.862000+00:00,2026-01-06 18:17:43.375932+00:00,162.862,0.61,0.6,0.62,0.39,0.38,0.4,120.0,128.73,127.54,120.0,0.59,891.0,0.63,257.0,0.37,318.0,0.41,708.0
2026-01-06 18:17:43.148000+00:00,2026-01-06 18:17:43.664553+00:00,163.148,0.605,0.59,0.62,0.395,0.39,0.4,739.0,112.54,80.0,18.0,0.58,392.61,0.63,228.0,0.38,293.54,0.41,757.0
2026-01-06 18:17:43.885000+00:00,2026-01-06 18:17:44.384454+00:00,163.885,0.605,0.6,0.61,0.39,0.38,0.4,171.0,5.0,198.72,171.0,0.59,741.0,0.62,198.72,0.37,335.0,0.41,651.0
2026-01-06 18:17:44.157000+00:00,2026-01-06 18:17:44.666035+00:00,164.157,0.61,0.6,0.62,0.385,0.38,0.39,286.0,198.72,198.72,18.0,0.59,861.0,0.63,335.0,0.37,335.0,0.4,299.0
2026-01-06 18:17:44.856000+00:00,2026-01-06 18:17:45.384062+00:00,164.856,0.615,0.61,0.62,0.385,0.38,0.39,381.0,29.98,29.98,371.0,0.6,1031.99,0.63,76.0,0.37,76.0,0.4,1031.99
2026-01-06 18:17:45.175000+00:00,2026-01-06 18:17:45.677446+00:00,165.175,0.615,0.61,0.62,0.385,0.38,0.39,188.0,123.67,38.67,188.0,0.6,1019.0,0.63,106.0,0.37,213.0,0.4,1054.0
2026-01-06 18:17:45.889000+00:00,2026-01-06 18:17:46.397992+00:00,165.889,0.625,0.62,0.63,0.375,0.37,0.38,1.6,302.0,237.0,1.6,0.61,61.0,0.64,217.0,0.36,115.0,0.39,66.0
2026-01-06 18:17:46.175000+00:00,2026-01-06 18:17:46.682154+00:00,166.175,0.625,0.62,0.63,0.375,0.37,0.38,1.6,253.33,461.33,1.6,0.61,66.0,0.64,115.0,0.36,237.0,0.39,66.0
2026-01-06 18:17:46.764000+00:00,2026-01-06 18:17:47.397578+00:00,166.764,0.61,0.6,0.62,0.39,0.38,0.4,670.0,204.33,204.33,670.0,0.59,396.0,0.63,417.33,0.37,165.0,0.41,396.0
2026-01-06 18:17:47.195000+00:00,2026-01-06 18:17:47.704605+00:00,167.195,0.61,0.6,0.62,0.385,0.38,0.39,670.0,193.01,171.01,5.0,0.59,452.0,0.63,165.0,0.37,165.0,0.4,670.0
2026-01-06 18:17:47.889000+00:00,2026-01-06 18:17:48.405607+00:00,167.889,0.625,0.62,0.63,0.375,0.37,0.38,175.0,254.0,254.0,170.21,0.61,298.0,0.64,92.33,0.36,92.33,0.39,405.0
2026-01-06 18:17:48.201000+00:00,2026-01-06 18:17:48.705667+00:00,168.201,0.625,0.62,0.63,0.375,0.37,0.38,158.21,254.0,132.0,158.21,0.61,397.0,0.64,92.33,0.36,92.33,0.39,458.0
2026-01-06 18:17:48.876000+00:00,2026-01-06 18:17:49.413646+00:00,168.876,0.625,0.62,0.63,0.375,0.37,0.38,270.21,71.0,67.82,255.21,0.61,440.0,0.65,276.0,0.35,205.0,0.39,440.0
2026-01-06 18:17:49.190000+00:00,2026-01-06 18:17:49.715718+00:00,169.19,0.625,0.62,0.63,0.375,0.37,0.38,244.21,67.82,67.82,226.21,0.61,440.0,0.65,205.0,0.35,215.79,0.39,422.0
2026-01-06 18:17:49.927000+00:00,2026-01-06 18:17:50.430140+00:00,169.927,0.625,0.62,0.63,0.365,0.36,0.37,750.21,67.82,5.0,45.0,0.61,613.0,0.65,133.79,0.35,133.79,0.38,825.21
2026-01-06 18:17:50.194000+00:00,2026-01-06 18:17:50.721944+00:00,170.194,0.635,0.63,0.64,0.365,0.36,0.37,41.98,3.34,3.34,307.98,0.62,880.21,0.65,133.79,0.35,98.79,0.38,564.0
2026-01-06 18:17:50.932000+00:00,2026-01-06 18:17:51.436785+00:00,170.932,0.635,0.63,0.64,0.375,0.36,0.39,76.0,367.39,438.39,186.0,0.61,191.0,0.65,242.79,0.35,303.79,0.4,317.99
2026-01-06 18:17:51.227000+00:00,2026-01-06 18:17:51.736116+00:00,171.227,0.625,0.62,0.63,0.365,0.36,0.37,150.0,107.0,275.77,115.0,0.61,131.0,0.64,391.82,0.35,353.79,0.38,101.0
2026-01-06 18:17:51.961000+00:00,2026-01-06 18:17:52.451046+00:00,171.961,0.625,0.62,0.63,0.375,0.37,0.38,120.0,5.0,291.0,20.0,0.61,401.0,0.64,341.82,0.36,379.77,0.39,186.0
2026-01-06 18:17:52.230000+00:00,2026-01-06 18:17:52.731427+00:00,172.23,0.62,0.61,0.63,0.385,0.38,0.39,71.0,298.0,160.85,71.0,0.6,953.0,0.64,340.43,0.37,342.0,0.4,654.0
2026-01-06 18:17:52.900000+00:00,2026-01-06 18:17:53.437910+00:00,172.9,0.615,0.61,0.62,0.38,0.37,0.39,251.0,35.0,324.0,251.0,0.6,805.99,0.63,324.0,0.36,272.43,0.4,787.99
2026-01-06 18:17:53.244000+00:00,2026-01-06 18:17:53.748353+00:00,173.244,0.62,0.61,0.63,0.38,0.37,0.39,226.0,319.0,319.0,226.0,0.6,787.99,0.64,252.43,0.36,252.43,0.4,787.99
2026-01-06 18:17:53.941000+00:00,2026-01-06 18:17:54.451187+00:00,173.941,0.615,0.61,0.62,0.385,0.38,0.39,39.0,232.05,232.05,39.0,0.6,837.0,0.63,251.0,0.37,251.0,0.4,654.0
2026-01-06 18:17:54.221000+00:00,2026-01-06 18:17:54.746962+00:00,174.221,0.615,0.61,0.62,0.385,0.38,0.39,39.0,211.03,193.03,39.0,0.6,649.0,0.63,251.0,0.37,251.0,0.4,649.0
2026-01-06 18:17:54.959000+00:00,2026-01-06 18:17:55.468974+00:00,174.959,0.615,0.61,0.62,0.385,0.38,0.39,44.0,165.03,165.03,5.0,0.6,649.0,0.63,226.0,0.37,155.0,0.4,649.0
2026-01-06 18:17:55.240000+00:00,2026-01-06 18:17:55.763017+00:00,175.24,0.615,0.61,0.62,0.385,0.38,0.39,5.0,147.03,129.03,5.0,0.6,649.0,0.63,255.0,0.37,155.0,0.4,649.0
2026-01-06 18:17:55.968000+00:00,2026-01-06 18:17:56.487824+00:00,175.968,0.615,0.61,0.62,0.385,0.38,0.39,5.0,111.03,121.03,5.0,0.6,747.0,0.63,207.0,0.37,207.0,0.4,747.0
2026-01-06 18:17:56.279000+00:00,2026-01-06 18:17:56.779123+00:00,176.279,0.605,0.6,0.61,0.395,0.39,0.4,783.0,5.0,5.0,788.0,0.59,737.0,0.62,121.03,0.38,121.03,0.41,742.0
2026-01-06 18:17:56.988000+00:00,2026-01-06 18:17:57.499654+00:00,176.988,0.615,0.61,0.62,0.385,0.38,0.39,234.0,20.0,20.0,234.0,0.6,711.0,0.63,115.8,0.37,115.8,0.4,711.0
2026-01-06 18:17:57.249000+00:00,2026-01-06 18:17:57.785596+00:00,177.249,0.615,0.61,0.62,0.385,0.38,0.39,234.0,20.0,20.0,234.0,0.6,688.0,0.63,115.8,0.37,115.8,0.4,652.0
2026-01-06 18:17:58.019000+00:00,2026-01-06 18:17:58.516759+00:00,178.019,0.615,0.61,0.62,0.385,0.38,0.39,228.0,2.0,2.0,273.0,0.6,624.0,0.63,115.8,0.37,115.8,0.4,634.0
2026-01-06 18:17:58.207000+00:00,2026-01-06 18:17:58.794654+00:00,178.207,0.615,0.61,0.62,0.385,0.38,0.39,273.0,2.0,2.0,273.0,0.6,648.99,0.63,115.8,0.37,115.8,0.4,770.99
2026-01-06 18:17:59.277000+00:00,2026-01-06 18:17:59.784468+00:00,179.277,0.605,0.6,0.61,0.395,0.39,0.4,85.0,264.0,274.0,85.0,0.59,175.0,0.62,436.0,0.38,436.0,0.41,175.0
2026-01-06 18:17:59.995000+00:00,2026-01-06 18:18:00.531523+00:00,179.995,0.6,0.59,0.61,0.4,0.39,0.41,205.0,204.0,204.0,205.0,0.58,206.61,0.62,391.0,0.38,391.0,0.42,206.61
2026-01-06 18:18:00.289000+00:00,2026-01-06 18:18:00.801496+00:00,180.289,0.6,0.59,0.61,0.395,0.39,0.4,245.0,204.0,174.0,145.0,0.58,224.61,0.62,391.0,0.38,289.0,0.41,371.0
2026-01-06 18:18:01.036000+00:00,2026-01-06 18:18:01.542794+00:00,181.036,0.615,0.61,0.62,0.385,0.38,0.39,167.97,121.0,121.0,114.97,0.6,498.99,0.63,94.84,0.37,80.8,0.4,584.99
2026-01-06 18:18:01.197000+00:00,2026-01-06 18:18:01.810169+00:00,181.197,0.615,0.61,0.62,0.385,0.38,0.39,167.97,121.0,89.0,167.97,0.6,498.99,0.63,94.84,0.37,94.84,0.4,493.99
2026-01-06 18:18:02.312000+00:00,2026-01-06 18:18:02.825344+00:00,182.312,0.615,0.61,0.62,0.385,0.38,0.39,939.6,238.0,55.0,962.16,0.6,630.0,0.63,288.04,0.37,105.04,0.4,766.0
2026-01-06 18:18:02.999000+00:00,2026-01-06 18:18:03.561901+00:00,182.999,0.645,0.64,0.65,0.355,0.35,0.36,166.0,8.79,8.79,220.99,0.63,338.0,0.66,135.0,0.34,135.0,0.37,338.0
2026-01-06 18:18:03.292000+00:00,2026-01-06 18:18:03.831710+00:00,183.292,0.645,0.64,0.65,0.35,0.34,0.36,235.99,8.79,160.0,225.99,0.63,435.0,0.66,135.0,0.33,225.0,0.37,435.0
2026-01-06 18:18:04.054000+00:00,2026-01-06 18:18:04.560610+00:00,184.054,0.645,0.64,0.65,0.355,0.35,0.36,111.0,85.0,75.0,57.0,0.63,379.0,0.66,241.34,0.34,277.34,0.37,379.0
2026-01-06 18:18:04.251000+00:00,2026-01-06 18:18:04.847575+00:00,184.251,0.645,0.64,0.65,0.355,0.35,0.36,57.0,75.0,100.0,57.0,0.63,379.0,0.66,399.34,0.34,399.34,0.37,379.0
2026-01-06 18:18:05.062000+00:00,2026-01-06 18:18:05.570680+00:00,185.062,0.645,0.64,0.65,0.355,0.35,0.36,34.15,108.0,93.0,34.15,0.63,272.0,0.66,424.34,0.34,424.34,0.37,272.0
2026-01-06 18:18:05.372000+00:00,2026-01-06 18:18:05.867983+00:00,185.372,0.635,0.63,0.64,0.365,0.36,0.37,142.0,273.0,757.0,142.0,0.62,130.06,0.65,473.0,0.35,468.0,0.38,191.06
2026-01-06 18:18:06.067000+00:00,2026-01-06 18:18:06.571468+00:00,186.067,0.605,0.6,0.61,0.395,0.39,0.4,35.0,216.0,206.0,5.0,0.59,189.99,0.62,287.8,0.38,287.8,0.41,189.99
2026-01-06 18:18:06.372000+00:00,2026-01-06 18:18:06.885911+00:00,186.372,0.6,0.59,0.61,0.405,0.4,0.41,179.99,200.0,55.0,70.0,0.58,307.62,0.62,323.8,0.39,163.27,0.42,377.62
2026-01-06 18:18:07.078000+00:00,2026-01-06 18:18:07.587247+00:00,187.078,0.595,0.59,0.6,0.405,0.4,0.41,56.0,50.0,85.0,56.0,0.58,643.61,0.61,100.56,0.39,90.56,0.42,643.61
2026-01-06 18:18:07.401000+00:00,2026-01-06 18:18:07.909461+00:00,187.401,0.595,0.59,0.6,0.405,0.4,0.41,56.0,60.0,43.2,56.0,0.58,643.61,0.61,90.56,0.39,90.56,0.42,643.61
2026-01-06 18:18:08.099000+00:00,2026-01-06 18:18:08.601015+00:00,188.099,0.595,0.59,0.6,0.405,0.4,0.41,22.78,236.36,241.25,22.78,0.58,577.62,0.61,256.55,0.39,317.55,0.42,577.62
2026-01-06 18:18:08.416000+00:00,2026-01-06 18:18:08.929280+00:00,188.416,0.595,0.59,0.6,0.405,0.4,0.41,22.78,230.28,265.28,22.78,0.58,577.62,0.61,317.55,0.39,317.55,0.42,577.62
2026-01-06 18:18:09.059000+00:00,2026-01-06 18:18:09.603913+00:00,189.059,0.585,0.58,0.59,0.415,0.41,0.42,8.62,319.6,380.6,8.62,0.57,226.99,0.6,240.28,0.4,240.28,0.43,239.99
2026-01-06 18:18:09.400000+00:00,2026-01-06 18:18:09.929863+00:00,189.4,0.585,0.58,0.59,0.415,0.41,0.42,8.62,238.52,207.01,8.62,0.57,244.99,0.6,240.28,0.4,240.28,0.43,244.99
2026-01-06 18:18:10.147000+00:00,2026-01-06 18:18:10.626839+00:00,190.147,0.585,0.58,0.59,0.415,0.41,0.42,57.98,206.41,191.41,57.98,0.57,226.99,0.6,228.0,0.4,246.0,0.43,226.99
2026-01-06 18:18:10.440000+00:00,2026-01-06 18:18:10.947740+00:00,190.44,0.585,0.58,0.59,0.415,0.41,0.42,172.98,176.41,161.41,172.98,0.57,157.0,0.6,246.0,0.4,228.0,0.43,157.0
2026-01-06 18:18:11.138000+00:00,2026-01-06 18:18:11.644983+00:00,191.138,0.585,0.58,0.59,0.415,0.41,0.42,39.98,173.02,228.02,8.98,0.57,173.99,0.6,261.0,0.4,261.0,0.43,186.99
2026-01-06 18:18:11.456000+00:00,2026-01-06 18:18:11.963837+00:00,191.456,0.585,0.58,0.59,0.415,0.41,0.42,8.98,115.83,113.96,8.98,0.57,186.99,0.6,334.0,0.4,349.0,0.43,186.99
2026-01-06 18:18:12.095000+00:00,2026-01-06 18:18:12.643554+00:00,192.095,0.58,0.57,0.59,0.42,0.41,0.43,191.99,95.0,92.5,155.99,0.56,648.0,0.6,367.0,0.4,352.0,0.44,684.0
2026-01-06 18:18:12.486000+00:00,2026-01-06 18:18:12.986893+00:00,192.486,0.575,0.57,0.58,0.425,0.42,0.43,155.99,17.85,52.85,36.0,0.56,736.0,0.59,92.5,0.41,77.5,0.44,841.0
2026-01-06 18:18:13.155000+00:00,2026-01-06 18:18:13.659361+00:00,193.155,0.5700000000000001,0.56,0.58,0.435,0.43,0.44,130.0,136.8,19.64,15.0,0.55,334.66,0.59,277.0,0.42,124.0,0.45,299.65
2026-01-06 18:18:13.451000+00:00,2026-01-06 18:18:13.992831+00:00,193.451,0.565,0.56,0.57,0.435,0.43,0.44,15.0,54.64,63.62,15.0,0.55,263.65,0.58,163.0,0.42,163.0,0.45,263.65
2026-01-06 18:18:14.165000+00:00,2026-01-06 18:18:14.649138+00:00,194.165,0.565,0.56,0.57,0.435,0.43,0.44,25.0,90.64,21.0,209.0,0.55,334.65,0.58,341.0,0.42,124.18,0.45,300.66
2026-01-06 18:18:14.481000+00:00,2026-01-06 18:18:15.005831+00:00,194.481,0.565,0.56,0.57,0.43,0.42,0.44,186.0,18.49,113.0,186.0,0.55,300.66,0.58,124.18,0.41,140.0,0.45,300.66
2026-01-06 18:18:15.098000+00:00,2026-01-06 18:18:15.658175+00:00,195.098,0.5700000000000001,0.56,0.58,0.43,0.42,0.44,240.0,111.71,50.71,240.0,0.55,300.66,0.59,172.0,0.41,75.0,0.45,300.66
2026-01-06 18:18:15.461000+00:00,2026-01-06 18:18:16.013762+00:00,195.461,0.5700000000000001,0.56,0.58,0.43,0.42,0.44,230.0,50.71,50.71,240.0,0.55,300.66,0.59,178.0,0.41,178.0,0.45,300.66
2026-01-06 18:18:16.137000+00:00,2026-01-06 18:18:16.670708+00:00,196.137,0.575,0.57,0.58,0.425,0.42,0.43,203.99,5.44,5.44,178.99,0.56,414.0,0.59,100.0,0.41,100.0,0.44,530.0
2026-01-06 18:18:16.513000+00:00,2026-01-06 18:18:17.003749+00:00,196.513,0.58,0.57,0.59,0.42,0.41,0.43,178.99,110.0,110.0,173.99,0.56,591.0,0.6,115.0,0.4,115.0,0.44,591.0
2026-01-06 18:18:17.174000+00:00,2026-01-06 18:18:17.686828+00:00,197.174,0.575,0.57,0.58,0.43,0.42,0.44,5.0,15.0,109.0,241.0,0.56,697.0,0.59,173.0,0.41,266.0,0.45,947.66
2026-01-06 18:18:17.517000+00:00,2026-01-06 18:18:18.009835+00:00,197.517,0.5700000000000001,0.56,0.58,0.43,0.42,0.44,241.0,109.0,109.0,241.0,0.55,947.66,0.59,266.0,0.41,327.0,0.45,947.66
2026-01-06 18:18:18.169000+00:00,2026-01-06 18:18:18.688247+00:00,198.169,0.5700000000000001,0.56,0.58,0.425,0.42,0.43,317.0,47.55,47.55,76.0,0.55,942.66,0.59,312.0,0.41,312.0,0.44,394.0
2026-01-06 18:18:18.486000+00:00,2026-01-06 18:18:19.020394+00:00,198.486,0.575,0.57,0.58,0.425,0.42,0.43,76.0,47.55,47.55,76.0,0.56,359.0,0.59,312.0,0.41,129.0,0.44,420.0
2026-01-06 18:18:19.180000+00:00,2026-01-06 18:18:19.704861+00:00,199.18,0.575,0.57,0.58,0.425,0.42,0.43,76.0,45.08,45.08,94.0,0.56,349.0,0.59,129.0,0.41,126.0,0.44,367.0
2026-01-06 18:18:19.517000+00:00,2026-01-06 18:18:20.035722+00:00,199.517,0.575,0.57,0.58,0.42,0.41,0.43,94.0,21.59,238.0,94.0,0.56,367.0,0.59,126.0,0.4,451.0,0.44,287.0
2026-01-06 18:18:20.187000+00:00,2026-01-06 18:18:20.718863+00:00,200.187,0.58,0.57,0.59,0.42,0.41,0.43,71.0,501.0,379.0,71.0,0.56,91.0,0.6,405.0,0.4,505.0,0.44,201.0
2026-01-06 18:18:20.424000+00:00,2026-01-06 18:18:21.050834+00:00,200.424,0.58,0.57,0.59,0.42,0.41,0.43,76.0,379.0,379.0,76.0,0.56,86.0,0.6,505.0,0.4,505.0,0.44,86.0
2026-01-06 18:18:21.227000+00:00,2026-01-06 18:18:21.741361+00:00,201.227,0.58,0.57,0.59,0.42,0.41,0.43,76.0,325.0,325.0,71.0,0.56,184.0,0.6,523.0,0.4,523.0,0.44,189.0
2026-01-06 18:18:21.560000+00:00,2026-01-06 18:18:22.065977+00:00,201.56,0.575,0.57,0.58,0.425,0.42,0.43,71.0,5.0,5.0,71.0,0.56,171.0,0.59,354.0,0.41,354.0,0.44,171.0
2026-01-06 18:18:22.237000+00:00,2026-01-06 18:18:22.756073+00:00,202.237,0.575,0.57,0.58,0.425,0.42,0.43,348.99,5.0,15.0,289.0,0.56,481.0,0.59,80.0,0.41,80.0,0.44,920.0
2026-01-06 18:18:22.472000+00:00,2026-01-06 18:18:23.071860+00:00,202.472,0.575,0.57,0.58,0.415,0.41,0.42,350.0,20.0,80.0,57.0,0.56,963.0,0.59,80.0,0.4,161.0,0.43,233.0
2026-01-06 18:18:23.245000+00:00,2026-01-06 18:18:23.763908+00:00,203.245,0.585,0.58,0.59,0.42,0.41,0.43,16.0,263.0,338.0,147.0,0.57,188.0,0.6,344.0,0.4,397.0,0.44,618.0
2026-01-06 18:18:23.570000+00:00,2026-01-06 18:18:24.081608+00:00,203.57,0.575,0.57,0.58,0.425,0.42,0.43,76.0,15.0,15.0,76.0,0.56,640.0,0.59,367.0,0.41,367.0,0.44,640.0
2026-01-06 18:18:24.220000+00:00,2026-01-06 18:18:24.775868+00:00,204.22,0.575,0.57,0.58,0.425,0.42,0.43,76.0,15.0,15.0,76.0,0.56,640.0,0.59,367.0,0.41,362.0,0.44,640.0
2026-01-06 18:18:24.567000+00:00,2026-01-06 18:18:25.084410+00:00,204.567,0.575,0.57,0.58,0.425,0.42,0.43,76.0,15.0,15.0,76.0,0.56,640.0,0.59,352.0,0.41,352.0,0.44,640.0
2026-01-06 18:18:25.258000+00:00,2026-01-06 18:18:25.766778+00:00,205.258,0.575,0.57,0.58,0.425,0.42,0.43,122.0,15.0,15.0,122.0,0.56,676.0,0.59,298.0,0.41,298.0,0.44,676.0
2026-01-06 18:18:25.568000+00:00,2026-01-06 18:18:26.083443+00:00,205.568,0.575,0.57,0.58,0.425,0.42,0.43,112.0,15.0,15.0,112.0,0.56,676.0,0.59,298.0,0.41,298.0,0.44,676.0
2026-01-06 18:18:26.187000+00:00,2026-01-06 18:18:26.778917+00:00,206.187,0.575,0.57,0.58,0.425,0.42,0.43,5.0,15.0,15.0,5.0,0.56,676.0,0.59,334.0,0.41,404.0,0.44,686.0
2026-01-06 18:18:26.574000+00:00,2026-01-06 18:18:27.082290+00:00,206.574,0.575,0.57,0.58,0.425,0.42,0.43,5.0,15.0,15.0,5.0,0.56,676.0,0.59,404.0,0.41,414.0,0.44,658.0
2026-01-06 18:18:27.272000+00:00,2026-01-06 18:18:27.783506+00:00,207.272,0.565,0.56,0.57,0.435,0.43,0.44,5.0,338.0,372.0,5.0,0.55,52.66,0.58,604.0,0.42,666.0,0.45,52.66
2026-01-06 18:18:27.621000+00:00,2026-01-06 18:18:28.079793+00:00,207.621,0.565,0.56,0.57,0.445,0.44,0.45,5.0,428.0,229.0,52.66,0.55,52.66,0.58,727.0,0.43,345.0,0.46,45.0
2026-01-06 18:18:28.280000+00:00,2026-01-06 18:18:28.785314+00:00,208.28,0.555,0.55,0.56,0.445,0.44,0.45,52.66,449.0,590.0,52.66,0.54,10.0,0.57,276.0,0.43,442.0,0.46,10.0
2026-01-06 18:18:28.663000+00:00,2026-01-06 18:18:29.081781+00:00,208.663,0.555,0.55,0.56,0.475,0.47,0.48,52.66,500.0,15.0,40.0,0.54,10.0,0.57,424.0,0.46,148.0,0.49,157.36
2026-01-06 18:18:29.279000+00:00,2026-01-06 18:18:29.786296+00:00,209.279,0.525,0.52,0.53,0.475,0.47,0.48,2.0,45.0,20.0,7.0,0.51,236.36,0.54,330.0,0.46,279.0,0.49,254.36
2026-01-06 18:18:29.694000+00:00,2026-01-06 18:18:30.082735+00:00,209.694,0.525,0.52,0.53,0.47,0.46,0.48,7.0,24.43,272.91,5.0,0.51,254.36,0.54,279.0,0.45,209.34,0.49,254.36
2026-01-06 18:18:30.275000+00:00,2026-01-06 18:18:30.802902+00:00,210.275,0.53,0.52,0.54,0.47,0.46,0.48,1.54,272.91,277.91,36.0,0.51,218.36,0.55,214.34,0.45,214.34,0.49,196.86
2026-01-06 18:18:30.650000+00:00,2026-01-06 18:18:31.099939+00:00,210.65,0.525,0.52,0.53,0.475,0.47,0.48,64.0,15.0,12.11,72.0,0.51,199.86,0.54,292.91,0.46,292.91,0.49,214.86
2026-01-06 18:18:31.290000+00:00,2026-01-06 18:18:31.815906+00:00,211.29,0.525,0.52,0.53,0.475,0.47,0.48,54.0,17.11,17.11,54.0,0.51,237.86,0.54,136.0,0.46,136.0,0.49,237.86
2026-01-06 18:18:31.580000+00:00,2026-01-06 18:18:32.119223+00:00,211.58,0.525,0.52,0.53,0.475,0.47,0.48,64.0,17.11,17.11,64.0,0.51,237.86,0.54,136.0,0.46,136.0,0.49,237.86
2026-01-06 18:18:32.228000+00:00,2026-01-06 18:18:32.815605+00:00,212.228,0.525,0.52,0.53,0.47,0.46,0.48,56.16,17.11,65.0,136.16,0.51,312.86,0.54,65.0,0.45,284.34,0.49,382.86
2026-01-06 18:18:32.645000+00:00,2026-01-06 18:18:33.137357+00:00,212.645,0.53,0.52,0.54,0.47,0.46,0.48,286.16,65.0,65.0,261.16,0.51,312.87,0.55,284.34,0.45,284.34,0.49,312.87
2026-01-06 18:18:33.337000+00:00,2026-01-06 18:18:33.831937+00:00,213.337,0.535,0.53,0.54,0.46499999999999997,0.46,0.47,608.99,10.0,10.0,533.99,0.52,354.0,0.55,135.34,0.45,135.34,0.48,349.0
2026-01-06 18:18:33.637000+00:00,2026-01-06 18:18:34.152239+00:00,213.637,0.54,0.53,0.55,0.455,0.45,0.46,609.99,5.0,5.0,345.0,0.52,410.0,0.56,248.0,0.44,20.0,0.47,487.99
2026-01-06 18:18:34.340000+00:00,2026-01-06 18:18:34.844798+00:00,214.34,0.555,0.55,0.56,0.445,0.44,0.45,45.0,20.0,268.0,36.0,0.54,362.0,0.57,370.0,0.43,473.0,0.46,188.0
2026-01-06 18:18:34.690000+00:00,2026-01-06 18:18:35.166961+00:00,214.69,0.545,0.54,0.55,0.445,0.44,0.45,314.0,2.47,279.0,114.99,0.53,456.0,0.56,253.0,0.43,571.0,0.46,152.0
2026-01-06 18:18:35.350000+00:00,2026-01-06 18:18:35.863286+00:00,215.35,0.555,0.55,0.56,0.445,0.44,0.45,95.0,222.0,146.01,80.0,0.54,926.99,0.57,527.0,0.43,527.0,0.46,964.99
2026-01-06 18:18:35.659000+00:00,2026-01-06 18:18:36.170430+00:00,215.659,0.555,0.55,0.56,0.445,0.44,0.45,20.0,201.0,191.0,20.0,0.54,425.0,0.57,541.98,0.43,546.98,0.46,425.0
2026-01-06 18:18:36.364000+00:00,2026-01-06 18:18:36.865533+00:00,216.364,0.555,0.55,0.56,0.445,0.44,0.45,238.99,26.0,11.0,355.99,0.54,596.0,0.57,432.0,0.43,371.0,0.46,596.0
2026-01-06 18:18:36.632000+00:00,2026-01-06 18:18:37.175985+00:00,216.632,0.555,0.55,0.56,0.44,0.43,0.45,345.99,11.0,485.99,274.99,0.54,596.0,0.57,371.0,0.42,152.0,0.46,586.0
2026-01-06 18:18:37.289000+00:00,2026-01-06 18:18:37.871617+00:00,217.289,0.565,0.56,0.57,0.435,0.43,0.44,94.75,527.99,522.99,94.75,0.55,285.99,0.58,290.0,0.42,290.0,0.45,255.99
2026-01-06 18:18:37.693000+00:00,2026-01-06 18:18:38.192106+00:00,217.693,0.565,0.56,0.57,0.435,0.43,0.44,59.75,527.99,502.99,59.75,0.55,165.99,0.58,305.0,0.42,340.0,0.45,200.99
2026-01-06 18:18:38.394000+00:00,2026-01-06 18:18:38.881751+00:00,218.394,0.565,0.56,0.57,0.435,0.43,0.44,49.76,655.99,663.99,59.76,0.55,49.99,0.58,335.0,0.42,335.0,0.45,49.99
2026-01-06 18:18:38.683000+00:00,2026-01-06 18:18:39.199061+00:00,218.683,0.555,0.55,0.56,0.445,0.44,0.45,49.99,80.0,80.0,49.99,0.54,814.0,0.57,613.99,0.43,613.99,0.46,814.0
2026-01-06 18:18:39.237000+00:00,2026-01-06 18:18:39.882349+00:00,219.237,0.555,0.55,0.56,0.445,0.44,0.45,54.99,80.0,80.0,54.99,0.54,734.0,0.57,542.99,0.43,542.99,0.46,734.0
2026-01-06 18:18:39.392000+00:00,2026-01-06 18:18:40.203440+00:00,219.392,0.555,0.55,0.56,0.445,0.44,0.45,54.99,80.0,80.0,40.0,0.54,734.0,0.57,542.99,0.43,527.99,0.46,764.0
2026-01-06 18:18:40.398000+00:00,2026-01-06 18:18:40.906118+00:00,220.398,0.555,0.55,0.56,0.445,0.44,0.45,115.0,80.0,60.0,115.0,0.54,866.0,0.57,544.99,0.43,544.99,0.46,902.0
2026-01-06 18:18:40.697000+00:00,2026-01-06 18:18:41.202461+00:00,220.697,0.555,0.55,0.56,0.445,0.44,0.45,115.0,60.0,85.0,115.0,0.54,902.0,0.57,544.99,0.43,544.99,0.46,897.0
2026-01-06 18:18:41.398000+00:00,2026-01-06 18:18:41.907039+00:00,221.398,0.555,0.55,0.56,0.445,0.44,0.45,438.0,308.0,247.0,438.0,0.54,427.0,0.57,321.99,0.43,321.99,0.46,427.0
2026-01-06 18:18:41.786000+00:00,2026-01-06 18:18:42.224250+00:00,221.786,0.565,0.56,0.57,0.435,0.43,0.44,260.88,267.99,267.99,480.64,0.55,482.0,0.58,35.0,0.41,112.19,0.45,457.0
2026-01-06 18:18:42.414000+00:00,2026-01-06 18:18:42.918684+00:00,222.414,0.565,0.56,0.57,0.42,0.41,0.43,452.64,129.01,202.19,57.92,0.55,457.0,0.59,152.19,0.4,671.98,0.44,468.76
2026-01-06 18:18:42.723000+00:00,2026-01-06 18:18:43.235880+00:00,222.723,0.585,0.58,0.59,0.415,0.41,0.42,5.0,197.19,197.19,5.0,0.57,83.0,0.6,657.0,0.4,657.0,0.43,83.0
2026-01-06 18:18:43.315000+00:00,2026-01-06 18:18:43.933517+00:00,223.315,0.585,0.58,0.59,0.415,0.41,0.42,5.0,192.19,75.24,88.88,0.57,83.0,0.6,569.0,0.4,204.99,0.43,185.75
2026-01-06 18:18:43.742000+00:00,2026-01-06 18:18:44.229840+00:00,223.742,0.585,0.58,0.59,0.415,0.41,0.42,88.88,40.24,40.24,63.88,0.57,273.0,0.6,188.99,0.4,206.99,0.43,291.0
2026-01-06 18:18:44.421000+00:00,2026-01-06 18:18:44.935610+00:00,224.421,0.585,0.58,0.59,0.415,0.41,0.42,63.88,40.24,40.24,63.88,0.57,352.0,0.6,247.99,0.4,247.99,0.43,352.0
2026-01-06 18:18:44.583000+00:00,2026-01-06 18:18:45.239826+00:00,224.583,0.585,0.58,0.59,0.415,0.41,0.42,63.88,40.24,40.24,63.88,0.57,352.0,0.6,247.99,0.4,247.99,0.43,352.0
2026-01-06 18:18:45.397000+00:00,2026-01-06 18:18:45.947918+00:00,225.397,0.585,0.58,0.59,0.425,0.42,0.43,63.88,40.24,149.99,269.0,0.57,334.0,0.6,265.99,0.41,320.24,0.44,441.56
2026-01-06 18:18:45.750000+00:00,2026-01-06 18:18:46.247776+00:00,225.75,0.575,0.57,0.58,0.425,0.42,0.43,254.0,119.99,173.99,71.0,0.56,432.68,0.59,312.24,0.41,398.24,0.44,172.56
2026-01-06 18:18:46.430000+00:00,2026-01-06 18:18:46.970652+00:00,226.43,0.565,0.56,0.57,0.435,0.43,0.44,142.56,95.0,95.0,140.56,0.55,641.0,0.58,143.99,0.42,193.99,0.45,626.0
2026-01-06 18:18:46.718000+00:00,2026-01-06 18:18:47.266454+00:00,226.718,0.565,0.56,0.57,0.435,0.43,0.44,145.56,18.0,18.0,145.56,0.55,687.0,0.58,211.99,0.42,211.99,0.45,687.0
2026-01-06 18:18:47.441000+00:00,2026-01-06 18:18:47.965276+00:00,227.441,0.5700000000000001,0.56,0.58,0.43,0.42,0.44,145.56,229.99,194.99,145.56,0.55,687.0,0.59,275.24,0.41,300.24,0.45,687.0
2026-01-06 18:18:47.675000+00:00,2026-01-06 18:18:48.276923+00:00,227.675,0.5700000000000001,0.56,0.58,0.43,0.42,0.44,145.56,194.99,194.99,145.56,0.55,687.0,0.59,300.24,0.41,300.24,0.45,687.0
2026-01-06 18:18:48.430000+00:00,2026-01-06 18:18:48.970284+00:00,228.43,0.5700000000000001,0.56,0.58,0.43,0.42,0.44,145.56,176.99,176.99,145.56,0.55,504.0,0.59,501.24,0.41,501.24,0.45,504.0
2026-01-06 18:18:48.430000+00:00,2026-01-06 18:18:49.288979+00:00,228.43,0.5700000000000001,0.56,0.58,0.43,0.42,0.44,145.56,176.99,176.99,145.56,0.55,504.0,0.59,501.24,0.41,501.24,0.45,504.0
2026-01-06 18:18:49.409000+00:00,2026-01-06 18:18:49.978554+00:00,229.409,0.5700000000000001,0.56,0.58,0.435,0.43,0.44,225.56,176.99,180.0,51.68,0.55,654.0,0.59,430.24,0.42,106.98,0.45,449.0
2026-01-06 18:18:49.696000+00:00,2026-01-06 18:18:50.290781+00:00,229.696,0.565,0.56,0.57,0.435,0.43,0.44,86.68,225.0,335.0,46.68,0.55,43.88,0.58,733.0,0.42,333.0,0.45,164.88
2026-01-06 18:18:50.362000+00:00,2026-01-06 18:18:50.985037+00:00,230.362,0.565,0.56,0.57,0.435,0.43,0.44,35.58,59.33,57.66,35.58,0.55,236.0,0.58,356.96,0.42,356.96,0.45,236.0
2026-01-06 18:18:50.642000+00:00,2026-01-06 18:18:51.304211+00:00,230.642,0.565,0.56,0.57,0.435,0.43,0.44,35.58,57.66,57.66,35.58,0.55,236.0,0.58,356.96,0.42,356.96,0.45,236.0
2026-01-06 18:18:51.499000+00:00,2026-01-06 18:18:52.003663+00:00,231.499,0.565,0.56,0.57,0.435,0.43,0.44,13.88,105.0,115.0,13.88,0.55,231.0,0.58,279.96,0.42,279.96,0.45,236.0
2026-01-06 18:18:51.793000+00:00,2026-01-06 18:18:52.313487+00:00,231.793,0.5700000000000001,0.56,0.58,0.43,0.42,0.44,63.88,349.96,349.96,63.88,0.55,231.0,0.59,281.24,0.41,281.24,0.45,231.0
2026-01-06 18:18:52.531000+00:00,2026-01-06 18:18:53.023936+00:00,232.531,0.575,0.57,0.58,0.425,0.42,0.43,328.72,70.88,70.88,320.0,0.56,912.88,0.59,223.24,0.41,40.24,0.44,912.88
2026-01-06 18:18:52.810000+00:00,2026-01-06 18:18:53.314278+00:00,232.81,0.575,0.57,0.58,0.415,0.41,0.42,436.0,20.9,40.24,110.0,0.56,1053.88,0.59,40.24,0.4,139.98,0.43,416.0
2026-01-06 18:18:53.470000+00:00,2026-01-06 18:18:54.036878+00:00,233.47,0.585,0.58,0.59,0.415,0.41,0.42,181.0,35.07,35.07,181.0,0.57,336.0,0.6,139.98,0.4,144.98,0.43,336.0
2026-01-06 18:18:53.839000+00:00,2026-01-06 18:18:54.333521+00:00,233.839,0.585,0.58,0.59,0.415,0.41,0.42,181.0,35.07,35.07,156.0,0.57,336.0,0.6,144.98,0.4,144.98,0.43,318.0
2026-01-06 18:18:54.460000+00:00,2026-01-06 18:18:55.048950+00:00,234.46,0.585,0.58,0.59,0.415,0.41,0.42,156.0,35.07,35.07,156.0,0.57,318.0,0.6,234.98,0.4,234.98,0.43,318.0
2026-01-06 18:18:54.730000+00:00,2026-01-06 18:18:55.352916+00:00,234.73,0.585,0.58,0.59,0.415,0.41,0.42,166.0,35.07,29.99,166.0,0.57,318.0,0.6,234.98,0.4,234.98,0.43,318.0
2026-01-06 18:18:55.488000+00:00,2026-01-06 18:18:56.064708+00:00,235.488,0.585,0.58,0.59,0.415,0.41,0.42,166.0,29.99,24.91,166.0,0.57,318.0,0.6,234.98,0.4,234.98,0.43,318.0
2026-01-06 18:18:55.778000+00:00,2026-01-06 18:18:56.370053+00:00,235.778,0.585,0.58,0.59,0.415,0.41,0.42,166.0,24.91,24.91,100.0,0.57,318.0,0.6,234.98,0.4,234.98,0.43,318.0
2026-01-06 18:18:56.554000+00:00,2026-01-06 18:18:57.064618+00:00,236.554,0.585,0.58,0.59,0.415,0.41,0.42,185.0,24.91,24.91,185.0,0.57,388.0,0.6,304.98,0.4,304.98,0.43,388.0
2026-01-06 18:18:56.847000+00:00,2026-01-06 18:18:57.376589+00:00,236.847,0.585,0.58,0.59,0.415,0.41,0.42,175.0,24.91,24.91,200.0,0.57,388.0,0.6,299.98,0.4,299.98,0.43,388.0
2026-01-06 18:18:57.590000+00:00,2026-01-06 18:18:58.079119+00:00,237.59,0.585,0.58,0.59,0.415,0.41,0.42,175.0,24.91,24.91,175.0,0.57,388.0,0.6,304.98,0.4,304.98,0.43,388.0
2026-01-06 18:18:57.771000+00:00,2026-01-06 18:18:58.381339+00:00,237.771,0.585,0.58,0.59,0.415,0.41,0.42,175.0,24.91,24.91,175.0,0.57,388.0,0.6,304.98,0.4,304.98,0.43,388.0
2026-01-06 18:18:58.374000+00:00,2026-01-06 18:18:59.096622+00:00,238.374,0.585,0.58,0.59,0.415,0.41,0.42,180.0,24.91,24.91,175.0,0.57,388.0,0.6,304.98,0.4,304.98,0.43,388.0
2026-01-06 18:18:58.885000+00:00,2026-01-06 18:18:59.382937+00:00,238.885,0.585,0.58,0.59,0.425,0.42,0.43,50.0,124.91,157.0,333.0,0.57,388.0,0.6,235.0,0.41,157.91,0.44,971.88
2026-01-06 18:18:59.479000+00:00,2026-01-06 18:19:00.119942+00:00,239.479,0.575,0.57,0.58,0.425,0.42,0.43,70.0,20.0,20.0,70.0,0.56,692.88,0.59,29.91,0.41,29.91,0.44,692.88
2026-01-06 18:18:59.858000+00:00,2026-01-06 18:19:00.395912+00:00,239.858,0.585,0.58,0.59,0.415,0.41,0.42,91.0,24.91,24.91,162.0,0.57,150.0,0.6,379.0,0.4,379.0,0.43,135.0
2026-01-06 18:19:00.541000+00:00,2026-01-06 18:19:01.123092+00:00,240.541,0.585,0.58,0.59,0.41000000000000003,0.4,0.42,166.0,24.91,384.0,156.0,0.57,140.0,0.6,384.0,0.39,283.0,0.43,135.0
2026-01-06 18:19:00.902000+00:00,2026-01-06 18:19:01.399768+00:00,240.902,0.59,0.58,0.6,0.41000000000000003,0.4,0.42,156.0,384.0,394.0,156.0,0.57,135.0,0.61,283.0,0.39,283.0,0.43,257.0
2026-01-06 18:19:01.637000+00:00,2026-01-06 18:19:02.140742+00:00,241.637,0.595,0.59,0.6,0.405,0.4,0.41,35.0,298.0,247.0,50.0,0.58,136.0,0.61,212.0,0.39,232.0,0.42,146.0
2026-01-06 18:19:01.902000+00:00,2026-01-06 18:19:02.411377+00:00,241.902,0.595,0.59,0.6,0.405,0.4,0.41,75.0,105.0,5.0,255.88,0.58,146.0,0.61,322.0,0.39,177.0,0.42,253.0
2026-01-06 18:19:02.645000+00:00,2026-01-06 18:19:03.146892+00:00,242.645,0.595,0.59,0.6,0.4,0.39,0.41,305.88,5.0,105.0,173.88,0.58,564.0,0.61,105.0,0.38,806.0,0.42,443.0
2026-01-06 18:19:02.859000+00:00,2026-01-06 18:19:03.426743+00:00,242.859,0.6,0.59,0.61,0.395,0.39,0.4,173.88,110.0,105.0,166.0,0.58,443.0,0.62,806.0,0.38,292.0,0.41,128.88
2026-01-06 18:19:03.650000+00:00,2026-01-06 18:19:04.162892+00:00,243.65,0.605,0.6,0.61,0.395,0.39,0.4,324.0,105.0,130.0,294.0,0.59,203.88,0.62,92.0,0.38,92.0,0.41,208.88
2026-01-06 18:19:03.939000+00:00,2026-01-06 18:19:04.446968+00:00,243.939,0.605,0.6,0.61,0.395,0.39,0.4,259.0,356.83,946.83,259.0,0.59,61.0,0.62,418.98,0.38,448.98,0.41,61.0
2026-01-06 18:19:04.622000+00:00,2026-01-06 18:19:05.184943+00:00,244.622,0.575,0.57,0.58,0.425,0.42,0.43,43.77,183.97,188.97,48.77,0.56,108.88,0.59,313.0,0.41,313.0,0.44,15.0
2026-01-06 18:19:04.941000+00:00,2026-01-06 18:19:05.446053+00:00,244.941,0.565,0.56,0.57,0.435,0.43,0.44,5.0,103.0,139.0,18.88,0.55,543.99,0.58,257.0,0.42,282.0,0.45,563.99
2026-01-06 18:19:05.689000+00:00,2026-01-06 18:19:06.196403+00:00,245.689,0.565,0.56,0.57,0.435,0.43,0.44,5.0,321.0,346.0,5.0,0.55,94.99,0.58,240.98,0.42,240.98,0.45,94.99
2026-01-06 18:19:05.956000+00:00,2026-01-06 18:19:06.461226+00:00,245.956,0.56,0.55,0.57,0.445,0.44,0.45,84.99,356.0,36.0,84.99,0.54,313.0,0.58,240.98,0.43,326.0,0.46,313.0
2026-01-06 18:19:06.702000+00:00,2026-01-06 18:19:07.202739+00:00,246.702,0.545,0.54,0.55,0.455,0.45,0.46,213.0,319.0,370.0,30.0,0.53,369.0,0.56,289.98,0.44,299.98,0.47,80.0
2026-01-06 18:19:06.931000+00:00,2026-01-06 18:19:07.467165+00:00,246.931,0.545,0.54,0.55,0.455,0.45,0.46,30.0,363.83,414.83,30.0,0.53,80.0,0.56,299.98,0.44,346.0,0.47,80.0
2026-01-06 18:19:07.699000+00:00,2026-01-06 18:19:08.205237+00:00,247.699,0.545,0.54,0.55,0.455,0.45,0.46,103.88,52.61,52.61,103.88,0.53,311.39,0.56,536.0,0.44,536.0,0.47,357.39
2026-01-06 18:19:07.986000+00:00,2026-01-06 18:19:08.486404+00:00,247.986,0.545,0.54,0.55,0.455,0.45,0.46,103.88,52.61,52.61,103.88,0.53,357.39,0.56,536.0,0.44,536.0,0.47,357.39
2026-01-06 18:19:08.654000+00:00,2026-01-06 18:19:09.220476+00:00,248.654,0.545,0.54,0.55,0.455,0.45,0.46,103.88,52.61,52.61,103.88,0.53,357.39,0.56,353.0,0.44,335.0,0.47,357.39
2026-01-06 18:19:08.976000+00:00,2026-01-06 18:19:09.484760+00:00,248.976,0.545,0.54,0.55,0.455,0.45,0.46,103.88,52.61,32.61,158.88,0.53,357.39,0.56,353.0,0.44,258.0,0.47,357.39
2026-01-06 18:19:09.710000+00:00,2026-01-06 18:19:10.218586+00:00,249.71,0.5700000000000001,0.56,0.58,0.425,0.42,0.43,245.88,100.0,100.0,157.0,0.55,323.0,0.59,147.0,0.41,182.0,0.44,255.88
2026-01-06 18:19:09.955000+00:00,2026-01-06 18:19:10.490786+00:00,249.955,0.575,0.57,0.58,0.425,0.42,0.43,157.0,100.0,100.0,218.0,0.56,255.88,0.59,187.0,0.41,187.0,0.44,316.88
2026-01-06 18:19:10.697000+00:00,2026-01-06 18:19:11.226422+00:00,250.697,0.575,0.57,0.58,0.425,0.42,0.43,218.0,115.0,115.0,218.0,0.56,336.88,0.59,197.0,0.41,319.0,0.44,336.88
2026-01-06 18:19:10.845000+00:00,2026-01-06 18:19:11.498452+00:00,250.845,0.575,0.57,0.58,0.425,0.42,0.43,218.0,115.0,115.0,35.0,0.56,336.88,0.59,319.0,0.41,380.0,0.44,153.88
2026-01-06 18:19:11.654000+00:00,2026-01-06 18:19:12.240706+00:00,251.654,0.575,0.57,0.58,0.435,0.42,0.45,35.0,133.0,133.0,151.88,0.56,153.88,0.59,347.0,0.41,347.0,0.46,967.0
2026-01-06 18:19:11.997000+00:00,2026-01-06 18:19:12.499785+00:00,251.997,0.565,0.56,0.57,0.435,0.43,0.44,80.0,5.0,5.0,80.0,0.55,151.88,0.58,158.0,0.42,283.0,0.45,186.88
2026-01-06 18:19:12.668000+00:00,2026-01-06 18:19:13.246231+00:00,252.668,0.565,0.56,0.57,0.435,0.43,0.44,90.0,5.0,5.0,90.0,0.55,231.88,0.58,150.0,0.42,150.0,0.45,231.88
2026-01-06 18:19:12.794000+00:00,2026-01-06 18:19:13.515376+00:00,252.794,0.565,0.56,0.57,0.43,0.42,0.44,90.0,5.0,150.0,68.63,0.55,231.88,0.58,150.0,0.41,317.0,0.45,231.88
2026-01-06 18:19:13.442000+00:00,2026-01-06 18:19:14.244951+00:00,253.442,0.5700000000000001,0.56,0.58,0.43,0.42,0.44,190.63,263.0,257.82,251.63,0.55,311.88,0.59,335.0,0.41,152.0,0.45,311.88
2026-01-06 18:19:13.803000+00:00,2026-01-06 18:19:14.509921+00:00,253.803,0.5700000000000001,0.56,0.58,0.43,0.42,0.44,251.63,257.82,257.82,251.63,0.55,311.88,0.59,152.0,0.41,152.0,0.45,311.88
2026-01-06 18:19:14.706000+00:00,2026-01-06 18:19:15.244960+00:00,254.706,0.5700000000000001,0.56,0.58,0.43,0.42,0.44,261.63,257.82,257.82,261.63,0.55,311.88,0.59,152.0,0.41,152.0,0.45,311.88
2026-01-06 18:19:14.934000+00:00,2026-01-06 18:19:15.516985+00:00,254.934,0.5700000000000001,0.56,0.58,0.43,0.42,0.44,251.63,257.82,257.82,251.63,0.55,311.88,0.59,152.0,0.41,152.0,0.45,311.88
2026-01-06 18:19:15.761000+00:00,2026-01-06 18:19:16.260088+00:00,255.761,0.565,0.56,0.57,0.445,0.44,0.45,7.0,447.0,80.0,5.17,0.55,5.17,0.58,423.82,0.43,448.0,0.47,45.0
2026-01-06 18:19:16.631000+00:00,2026-01-06 18:19:17.275528+00:00,256.631,0.54,0.53,0.55,0.45999999999999996,0.45,0.47,23.67,252.0,252.0,23.67,0.52,293.0,0.56,381.0,0.44,381.0,0.48,293.0
2026-01-06 18:19:16.936000+00:00,2026-01-06 18:19:17.540957+00:00,256.936,0.54,0.53,0.55,0.45999999999999996,0.45,0.47,23.67,252.0,252.0,23.67,0.52,293.0,0.56,381.0,0.44,381.0,0.48,293.0
2026-01-06 18:19:17.781000+00:00,2026-01-06 18:19:18.296710+00:00,257.781,0.54,0.53,0.55,0.45999999999999996,0.45,0.47,23.67,252.0,252.0,23.67,0.52,293.0,0.56,381.0,0.44,381.0,0.48,293.0
2026-01-06 18:19:17.915000+00:00,2026-01-06 18:19:18.535405+00:00,257.915,0.54,0.53,0.55,0.45999999999999996,0.45,0.47,23.67,252.0,252.0,23.67,0.52,293.0,0.56,381.0,0.44,381.0,0.48,293.0
2026-01-06 18:19:18.789000+00:00,2026-01-06 18:19:19.295462+00:00,258.789,0.525,0.52,0.53,0.485,0.48,0.49,30.0,285.84,15.0,17.6,0.51,28.87,0.54,191.98,0.47,356.84,0.5,849.26
2026-01-06 18:19:19.029000+00:00,2026-01-06 18:19:19.545661+00:00,259.029,0.515,0.51,0.52,0.49,0.48,0.5,17.6,245.0,447.0,849.26,0.5,849.26,0.53,338.0,0.47,338.0,0.51,185.74
2026-01-06 18:19:19.801000+00:00,2026-01-06 18:19:20.302500+00:00,259.801,0.505,0.5,0.51,0.495,0.49,0.5,769.26,374.0,343.01,769.26,0.49,175.74,0.52,499.0,0.48,499.0,0.51,175.74
2026-01-06 18:19:20.037000+00:00,2026-01-06 18:19:20.551079+00:00,260.037,0.505,0.5,0.51,0.495,0.49,0.5,756.26,348.01,353.01,531.34,0.49,175.74,0.52,499.0,0.48,579.0,0.51,175.74
2026-01-06 18:19:20.776000+00:00,2026-01-06 18:19:21.310143+00:00,260.776,0.505,0.5,0.51,0.495,0.49,0.5,197.35,373.01,373.01,197.35,0.49,175.74,0.52,948.0,0.48,948.0,0.51,175.74
2026-01-06 18:19:21.063000+00:00,2026-01-06 18:19:21.550978+00:00,261.063,0.505,0.5,0.51,0.495,0.49,0.5,176.55,373.01,373.01,176.55,0.49,175.74,0.52,948.0,0.48,948.0,0.51,190.74
2026-01-06 18:19:21.814000+00:00,2026-01-06 18:19:22.325877+00:00,261.814,0.505,0.5,0.51,0.495,0.49,0.5,181.55,545.01,545.01,181.55,0.49,175.74,0.52,463.0,0.48,463.0,0.51,175.74
2026-01-06 18:19:22.001000+00:00,2026-01-06 18:19:22.573304+00:00,262.001,0.505,0.5,0.51,0.5,0.49,0.51,163.17,545.01,545.01,127.91,0.49,175.74,0.52,462.0,0.48,462.0,0.52,153.0
2026-01-06 18:19:22.815000+00:00,2026-01-06 18:19:23.333500+00:00,262.815,0.495,0.49,0.5,0.505,0.5,0.51,66.91,155.0,155.0,66.91,0.48,20.0,0.51,254.01,0.49,254.01,0.52,20.0
2026-01-06 18:19:23.070000+00:00,2026-01-06 18:19:23.583237+00:00,263.07,0.495,0.49,0.5,0.505,0.5,0.51,66.91,155.0,282.0,48.91,0.48,20.0,0.51,254.01,0.49,370.01,0.52,20.0
2026-01-06 18:19:23.710000+00:00,2026-01-06 18:19:24.335806+00:00,263.71,0.485,0.48,0.49,0.525,0.52,0.53,20.0,161.0,96.0,8.0,0.47,13.0,0.5,238.0,0.51,111.0,0.54,650.63
2026-01-06 18:19:24.148000+00:00,2026-01-06 18:19:24.593507+00:00,264.148,0.475,0.47,0.48,0.525,0.52,0.53,13.0,131.0,156.0,93.0,0.46,645.63,0.49,121.0,0.51,129.0,0.54,627.63
2026-01-06 18:19:24.840000+00:00,2026-01-06 18:19:25.350086+00:00,264.84,0.475,0.47,0.48,0.525,0.52,0.53,93.0,136.0,147.0,93.0,0.46,751.63,0.49,129.0,0.51,129.0,0.54,769.63
2026-01-06 18:19:25.080000+00:00,2026-01-06 18:19:25.612342+00:00,265.08,0.475,0.47,0.48,0.525,0.52,0.53,93.0,147.0,274.0,8.0,0.46,787.63,0.49,111.0,0.51,681.0,0.54,667.63
2026-01-06 18:19:25.748000+00:00,2026-01-06 18:19:26.355261+00:00,265.748,0.475,0.47,0.48,0.525,0.52,0.53,13.0,325.0,300.0,31.0,0.46,705.63,0.49,681.0,0.51,681.0,0.54,687.63
2026-01-06 18:19:26.091000+00:00,2026-01-06 18:19:26.631123+00:00,266.091,0.475,0.47,0.48,0.525,0.52,0.53,31.0,315.0,315.0,31.0,0.46,616.63,0.49,681.0,0.51,681.0,0.54,616.63
2026-01-06 18:19:26.609000+00:00,2026-01-06 18:19:27.363039+00:00,266.609,0.475,0.47,0.48,0.525,0.52,0.53,31.0,132.0,132.0,31.0,0.46,611.63,0.49,560.0,0.51,560.0,0.54,611.63
2026-01-06 18:19:27.002000+00:00,2026-01-06 18:19:27.645466+00:00,267.002,0.475,0.47,0.48,0.525,0.52,0.53,31.0,81.0,81.0,31.0,0.46,611.63,0.49,489.0,0.51,489.0,0.54,611.63
2026-01-06 18:19:27.834000+00:00,2026-01-06 18:19:28.372347+00:00,267.834,0.475,0.47,0.48,0.525,0.52,0.53,8.0,91.0,71.0,8.0,0.46,562.63,0.49,613.0,0.51,613.0,0.54,562.63
2026-01-06 18:19:28.137000+00:00,2026-01-06 18:19:28.647141+00:00,268.137,0.475,0.47,0.48,0.525,0.52,0.53,8.0,71.0,5.0,346.0,0.46,562.63,0.49,613.0,0.51,494.0,0.54,628.62
2026-01-06 18:19:28.860000+00:00,2026-01-06 18:19:29.363762+00:00,268.86,0.495,0.49,0.5,0.505,0.5,0.51,215.99,20.0,20.0,303.99,0.48,426.0,0.51,119.13,0.49,74.13,0.52,429.0
2026-01-06 18:19:29.145000+00:00,2026-01-06 18:19:29.656650+00:00,269.145,0.495,0.49,0.5,0.505,0.5,0.51,337.99,20.0,30.0,301.99,0.48,447.0,0.51,114.13,0.49,114.13,0.52,414.0
2026-01-06 18:19:29.765000+00:00,2026-01-06 18:19:30.375004+00:00,269.765,0.505,0.5,0.51,0.5,0.49,0.51,5.0,129.13,129.13,203.99,0.49,353.99,0.52,509.0,0.48,504.0,0.52,465.0
2026-01-06 18:19:30.124000+00:00,2026-01-06 18:19:30.673441+00:00,270.124,0.505,0.5,0.51,0.495,0.49,0.5,5.0,139.13,139.13,5.0,0.49,325.99,0.52,509.0,0.48,509.0,0.51,325.99
2026-01-06 18:19:30.877000+00:00,2026-01-06 18:19:31.371691+00:00,270.877,0.505,0.5,0.51,0.485,0.48,0.49,396.96,29.13,15.0,133.0,0.49,424.98,0.52,15.0,0.47,112.01,0.5,382.98
2026-01-06 18:19:31.168000+00:00,2026-01-06 18:19:31.669294+00:00,271.168,0.515,0.51,0.52,0.485,0.48,0.49,210.0,15.0,15.0,220.0,0.5,367.98,0.53,132.01,0.47,132.01,0.5,367.98
2026-01-06 18:19:31.871000+00:00,2026-01-06 18:19:32.373373+00:00,271.871,0.515,0.51,0.52,0.485,0.48,0.49,397.0,15.0,15.0,397.0,0.5,522.98,0.53,20.0,0.47,20.0,0.5,522.98
2026-01-06 18:19:32.176000+00:00,2026-01-06 18:19:32.676696+00:00,272.176,0.515,0.51,0.52,0.475,0.47,0.48,376.0,20.0,105.0,175.0,0.5,594.98,0.53,105.0,0.46,121.0,0.49,346.0
2026-01-06 18:19:32.906000+00:00,2026-01-06 18:19:33.394402+00:00,272.906,0.525,0.52,0.53,0.475,0.47,0.48,218.0,105.0,130.0,218.0,0.51,202.0,0.54,108.0,0.46,108.0,0.49,202.0
2026-01-06 18:19:33.165000+00:00,2026-01-06 18:19:33.685187+00:00,273.165,0.525,0.52,0.53,0.475,0.47,0.48,218.0,130.0,130.0,218.0,0.51,202.0,0.54,108.0,0.46,108.0,0.49,202.0
2026-01-06 18:19:33.878000+00:00,2026-01-06 18:19:34.399548+00:00,273.878,0.515,0.51,0.52,0.485,0.48,0.49,61.0,85.0,125.0,61.0,0.5,221.0,0.53,349.0,0.47,380.0,0.5,150.0
2026-01-06 18:19:34.113000+00:00,2026-01-06 18:19:34.701569+00:00,274.113,0.515,0.51,0.52,0.485,0.48,0.49,61.0,182.0,182.0,61.0,0.5,150.0,0.53,380.0,0.47,380.0,0.5,155.0
2026-01-06 18:19:34.739000+00:00,2026-01-06 18:19:35.413551+00:00,274.739,0.515,0.51,0.52,0.485,0.48,0.49,61.0,110.0,338.0,61.0,0.5,40.0,0.53,416.0,0.47,461.0,0.5,5.0
2026-01-06 18:19:35.139000+00:00,2026-01-06 18:19:35.698423+00:00,275.139,0.505,0.5,0.51,0.495,0.49,0.5,5.0,15.0,105.0,5.0,0.49,233.99,0.52,338.0,0.48,324.0,0.51,233.99
2026-01-06 18:19:35.934000+00:00,2026-01-06 18:19:36.425562+00:00,275.934,0.5,0.49,0.51,0.5,0.49,0.51,95.0,45.0,140.0,210.0,0.48,782.98,0.52,162.0,0.48,172.0,0.52,299.0
2026-01-06 18:19:36.080000+00:00,2026-01-06 18:19:36.705796+00:00,276.08,0.5,0.49,0.51,0.5,0.49,0.51,210.0,140.0,140.0,210.0,0.48,299.0,0.52,172.0,0.48,172.0,0.52,299.0
2026-01-06 18:19:36.887000+00:00,2026-01-06 18:19:37.427867+00:00,276.887,0.5,0.49,0.51,0.5,0.49,0.51,210.0,135.0,135.0,210.0,0.48,299.0,0.52,190.0,0.48,190.0,0.52,299.0
2026-01-06 18:19:37.174000+00:00,2026-01-06 18:19:37.714185+00:00,277.174,0.5,0.49,0.51,0.5,0.49,0.51,205.0,135.0,135.0,205.0,0.48,304.0,0.52,190.0,0.48,190.0,0.52,384.0
2026-01-06 18:19:37.885000+00:00,2026-01-06 18:19:38.432312+00:00,277.885,0.5,0.49,0.51,0.5,0.49,0.51,156.59,135.0,135.0,161.59,0.48,415.0,0.52,244.0,0.48,173.0,0.52,415.0
2026-01-06 18:19:38.218000+00:00,2026-01-06 18:19:38.728612+00:00,278.218,0.495,0.49,0.5,0.51,0.5,0.52,46.59,110.0,133.0,467.0,0.48,485.0,0.51,80.0,0.49,192.0,0.53,522.0
2026-01-06 18:19:38.937000+00:00,2026-01-06 18:19:39.430300+00:00,278.937,0.495,0.49,0.5,0.495,0.49,0.5,15.0,50.0,196.0,5.0,0.48,276.0,0.51,202.0,0.48,658.0,0.51,245.0
2026-01-06 18:19:39.174000+00:00,2026-01-06 18:19:39.741452+00:00,279.174,0.505,0.5,0.51,0.495,0.49,0.5,5.0,196.0,111.0,85.0,0.49,245.0,0.52,658.0,0.48,588.0,0.51,161.0
2026-01-06 18:19:39.938000+00:00,2026-01-06 18:19:40.433344+00:00,279.938,0.5,0.49,0.51,0.5,0.49,0.51,441.0,196.0,196.0,319.0,0.48,589.0,0.52,598.0,0.48,598.0,0.52,468.0
2026-01-06 18:19:40.079000+00:00,2026-01-06 18:19:40.745377+00:00,280.079,0.5,0.49,0.51,0.5,0.49,0.51,319.0,196.0,196.0,319.0,0.48,468.0,0.52,598.0,0.48,598.0,0.52,468.0
2026-01-06 18:19:40.937000+00:00,2026-01-06 18:19:41.448751+00:00,280.937,0.505,0.5,0.51,0.495,0.49,0.5,230.0,76.0,76.0,240.0,0.49,316.0,0.52,645.0,0.48,660.0,0.51,316.0
2026-01-06 18:19:41.169000+00:00,2026-01-06 18:19:41.744222+00:00,281.169,0.505,0.5,0.51,0.495,0.49,0.5,240.0,76.0,35.0,250.0,0.49,316.0,0.52,660.0,0.48,660.0,0.51,316.0
2026-01-06 18:19:41.785000+00:00,2026-01-06 18:19:42.448207+00:00,281.785,0.505,0.5,0.51,0.485,0.48,0.49,372.0,35.0,96.0,145.0,0.49,316.0,0.52,660.0,0.47,288.0,0.5,303.0
2026-01-06 18:19:42.251000+00:00,2026-01-06 18:19:42.760843+00:00,282.251,0.515,0.51,0.52,0.485,0.48,0.49,10.0,176.0,180.8,5.0,0.5,369.0,0.53,108.0,0.47,162.0,0.5,449.0
2026-01-06 18:19:42.918000+00:00,2026-01-06 18:19:43.447509+00:00,282.918,0.51,0.5,0.52,0.495,0.49,0.5,411.78,175.8,55.0,313.0,0.49,583.0,0.53,139.0,0.48,67.8,0.51,547.0
2026-01-06 18:19:43.250000+00:00,2026-01-06 18:19:43.754077+00:00,283.25,0.505,0.5,0.51,0.495,0.49,0.5,183.0,331.0,402.0,183.0,0.49,253.0,0.52,256.8,0.48,705.8,0.51,253.0
2026-01-06 18:19:43.931000+00:00,2026-01-06 18:19:44.459093+00:00,283.931,0.495,0.49,0.5,0.505,0.5,0.51,393.0,5.0,5.0,358.0,0.48,458.99,0.51,259.0,0.49,156.0,0.52,501.99
2026-01-06 18:19:44.246000+00:00,2026-01-06 18:19:44.748426+00:00,284.246,0.495,0.49,0.5,0.505,0.5,0.51,58.0,97.01,86.0,171.48,0.48,440.99,0.51,146.0,0.49,246.0,0.52,334.0
2026-01-06 18:19:44.967000+00:00,2026-01-06 18:19:45.484639+00:00,284.967,0.495,0.49,0.5,0.505,0.5,0.51,113.48,90.0,90.0,113.48,0.48,102.0,0.51,342.0,0.49,403.0,0.52,102.0
2026-01-06 18:19:45.252000+00:00,2026-01-06 18:19:45.753400+00:00,285.252,0.49,0.48,0.5,0.525,0.52,0.53,93.99,297.0,89.01,13.0,0.47,43.0,0.51,363.0,0.51,316.0,0.54,740.11
2026-01-06 18:19:45.992000+00:00,2026-01-06 18:19:46.499496+00:00,285.992,0.46499999999999997,0.46,0.47,0.535,0.53,0.54,396.11,65.0,35.0,396.11,0.45,130.0,0.48,353.67,0.52,327.67,0.55,130.0
2026-01-06 18:19:46.176000+00:00,2026-01-06 18:19:46.760819+00:00,286.176,0.46499999999999997,0.46,0.47,0.535,0.53,0.54,396.11,40.0,165.0,282.63,0.45,130.0,0.48,322.67,0.52,282.67,0.55,215.0
2026-01-06 18:19:47.242000+00:00,2026-01-06 18:19:47.775404+00:00,287.242,0.46499999999999997,0.46,0.47,0.535,0.53,0.54,382.63,135.0,140.0,282.63,0.45,215.0,0.48,318.67,0.52,318.67,0.55,215.0
2026-01-06 18:19:47.951000+00:00,2026-01-06 18:19:48.526701+00:00,287.951,0.46499999999999997,0.46,0.47,0.535,0.53,0.54,396.11,55.0,50.0,396.11,0.45,130.0,0.48,358.67,0.52,358.67,0.55,130.0
2026-01-06 18:19:48.217000+00:00,2026-01-06 18:19:48.790246+00:00,288.217,0.46499999999999997,0.46,0.47,0.535,0.53,0.54,396.11,40.0,60.0,282.63,0.45,130.0,0.48,358.67,0.52,318.67,0.55,215.0
2026-01-06 18:19:49.252000+00:00,2026-01-06 18:19:49.796553+00:00,289.252,0.46499999999999997,0.46,0.47,0.535,0.53,0.54,297.61,115.0,125.0,362.63,0.45,160.0,0.48,338.67,0.52,257.67,0.55,295.0
2026-01-06 18:19:49.989000+00:00,2026-01-06 18:19:50.546596+00:00,289.989,0.46499999999999997,0.46,0.47,0.535,0.53,0.54,282.63,131.06,136.06,282.63,0.45,363.5,0.48,495.67,0.52,495.67,0.55,363.5
2026-01-06 18:19:50.251000+00:00,2026-01-06 18:19:50.812902+00:00,290.251,0.46499999999999997,0.46,0.47,0.535,0.53,0.54,282.63,136.06,136.06,282.63,0.45,363.5,0.48,495.67,0.52,495.67,0.55,363.5
2026-01-06 18:19:51.018000+00:00,2026-01-06 18:19:51.563749+00:00,291.018,0.46499999999999997,0.46,0.47,0.535,0.53,0.54,282.63,324.06,314.06,282.63,0.45,213.5,0.48,953.27,0.52,953.27,0.55,213.5
2026-01-06 18:19:51.185000+00:00,2026-01-06 18:19:51.833220+00:00,291.185,0.46499999999999997,0.46,0.47,0.535,0.53,0.54,282.63,314.06,314.06,282.63,0.45,213.5,0.48,953.27,0.52,953.27,0.55,213.5
2026-01-06 18:19:52.064000+00:00,2026-01-06 18:19:52.567086+00:00,292.064,0.46499999999999997,0.46,0.47,0.535,0.53,0.54,297.63,336.12,936.12,282.63,0.44,714.98,0.48,492.01,0.52,492.01,0.56,714.98
2026-01-06 18:19:52.347000+00:00,2026-01-06 18:19:52.850087+00:00,292.347,0.445,0.44,0.45,0.555,0.55,0.56,700.0,45.0,95.0,697.96,0.43,283.51,0.46,80.07,0.54,162.07,0.57,299.99
2026-01-06 18:19:53.062000+00:00,2026-01-06 18:19:53.569786+00:00,293.062,0.445,0.44,0.45,0.555,0.55,0.56,702.87,176.0,186.0,580.87,0.43,193.96,0.46,249.07,0.54,285.07,0.57,193.96
2026-01-06 18:19:53.341000+00:00,2026-01-06 18:19:53.846915+00:00,293.341,0.445,0.44,0.45,0.555,0.55,0.56,570.87,151.0,156.0,570.87,0.43,193.96,0.46,210.07,0.54,223.07,0.57,85.0
