timestamp,collected_at,seconds,mid,bid,ask,asset
2026-01-06 13:30:00+00:00,2026-01-06 13:31:08.440398+00:00,0.0,139.064,139.05,139.07,SOL
2026-01-06 13:30:01+00:00,2026-01-06 13:31:09.445494+00:00,1.0,139.064,139.05,139.08,SOL
2026-01-06 13:30:02+00:00,2026-01-06 13:31:10.439711+00:00,2.0,139.064,139.05,139.07,SOL
2026-01-06 13:30:03+00:00,2026-01-06 13:31:11.448530+00:00,3.0,139.064,139.05,139.07,SOL
2026-01-06 13:30:04+00:00,2026-01-06 13:31:12.470941+00:00,4.0,139.054,139.04,139.06,SOL
2026-01-06 13:30:05+00:00,2026-01-06 13:32:13.978365+00:00,5.0,139.044,139.03,139.06,SOL
2026-01-06 13:30:06+00:00,2026-01-06 13:32:14.978072+00:00,6.0,139.054,139.03,139.07,SOL
2026-01-06 13:30:07+00:00,2026-01-06 13:32:15.965062+00:00,7.0,139.064,139.04,139.08,SOL
2026-01-06 13:30:08+00:00,2026-01-06 13:32:16.982242+00:00,8.0,139.074,139.06,139.1,SOL
2026-01-06 13:30:09+00:00,2026-01-06 13:32:17.998688+00:00,9.0,139.094,139.08,139.1,SOL
2026-01-06 13:30:10+00:00,2026-01-06 13:32:18.995465+00:00,10.0,139.094,139.08,139.1,SOL
2026-01-06 13:30:11+00:00,2026-01-06 13:32:20.002204+00:00,11.0,139.094,139.08,139.1,SOL
2026-01-06 13:30:12+00:00,2026-01-06 13:32:21.009472+00:00,12.0,139.094,139.08,139.1,SOL
2026-01-06 13:30:13+00:00,2026-01-06 13:32:22.018913+00:00,13.0,139.094,139.08,139.1,SOL
2026-01-06 13:30:14+00:00,2026-01-06 13:32:23.044518+00:00,14.0,139.094,139.08,139.1,SOL
2026-01-06 13:30:15+00:00,2026-01-06 13:32:24.037487+00:00,15.0,139.094,139.08,139.1,SOL
2026-01-06 13:30:16+00:00,2026-01-06 13:32:25.047951+00:00,16.0,139.094,139.08,139.11,SOL
2026-01-06 13:30:17+00:00,2026-01-06 13:32:26.055663+00:00,17.0,139.094,139.08,139.1,SOL
2026-01-06 13:30:18+00:00,2026-01-06 13:32:27.067775+00:00,18.0,139.094,139.08,139.1,SOL
2026-01-06 13:30:19+00:00,2026-01-06 13:32:28.088462+00:00,19.0,139.094,139.08,139.1,SOL
2026-01-06 13:30:20+00:00,2026-01-06 13:32:29.101252+00:00,20.0,139.094,139.08,139.1,SOL
2026-01-06 13:30:21+00:00,2026-01-06 13:32:30.116506+00:00,21.0,139.074,139.06,139.09,SOL
2026-01-06 13:30:22+00:00,2026-01-06 13:32:31.117491+00:00,22.0,139.054,139.04,139.07,SOL
2026-01-06 13:30:23+00:00,2026-01-06 13:32:32.130170+00:00,23.0,139.044,139.04,139.05,SOL
2026-01-06 13:30:24+00:00,2026-01-06 13:32:33.126344+00:00,24.0,139.044,139.03,139.04,SOL
2026-01-06 13:30:25+00:00,2026-01-06 13:32:34.130257+00:00,25.0,139.034,139.03,139.04,SOL
2026-01-06 13:30:26+00:00,2026-01-06 13:32:35.134800+00:00,26.0,139.044,139.03,139.04,SOL
2026-01-06 13:30:27+00:00,2026-01-06 13:32:36.147571+00:00,27.0,139.044,139.03,139.04,SOL
2026-01-06 13:30:28+00:00,2026-01-06 13:32:37.151592+00:00,28.0,139.044,139.03,139.05,SOL
2026-01-06 13:30:29+00:00,2026-01-06 13:32:38.163225+00:00,29.0,139.044,139.03,139.05,SOL
2026-01-06 13:30:30+00:00,2026-01-06 13:32:39.148719+00:00,30.0,139.044,139.03,139.05,SOL
2026-01-06 13:30:31+00:00,2026-01-06 13:32:40.157058+00:00,31.0,139.044,139.03,139.06,SOL
2026-01-06 13:30:32+00:00,2026-01-06 13:32:41.148938+00:00,32.0,139.054,139.03,139.06,SOL
2026-01-06 13:30:33+00:00,2026-01-06 13:32:42.144803+00:00,33.0,139.064,139.04,139.08,SOL
2026-01-06 13:30:34+00:00,2026-01-06 13:32:43.155915+00:00,34.0,139.064,139.06,139.08,SOL
2026-01-06 13:30:35+00:00,2026-01-06 13:32:44.167015+00:00,35.0,139.084,139.07,139.1,SOL
2026-01-06 13:30:36+00:00,2026-01-06 13:32:45.186492+00:00,36.0,139.094,139.07,139.1,SOL
2026-01-06 13:30:37+00:00,2026-01-06 13:32:46.189828+00:00,37.0,139.094,139.07,139.1,SOL
2026-01-06 13:30:38+00:00,2026-01-06 13:32:47.197701+00:00,38.0,139.094,139.08,139.11,SOL
2026-01-06 13:30:39+00:00,2026-01-06 13:32:48.195294+00:00,39.0,139.104,139.08,139.11,SOL
2026-01-06 13:30:40+00:00,2026-01-06 13:32:49.219696+00:00,40.0,139.104,139.08,139.11,SOL
2026-01-06 13:30:41+00:00,2026-01-06 13:32:50.231296+00:00,41.0,139.104,139.09,139.12,SOL
2026-01-06 13:30:42+00:00,2026-01-06 13:32:51.235195+00:00,42.0,139.104,139.09,139.12,SOL
2026-01-06 13:30:43+00:00,2026-01-06 13:32:52.294662+00:00,43.0,139.114,139.09,139.12,SOL
2026-01-06 13:30:44+00:00,2026-01-06 13:32:53.272586+00:00,44.0,139.114,139.09,139.12,SOL
2026-01-06 13:30:45+00:00,2026-01-06 13:32:54.275107+00:00,45.0,139.114,139.09,139.13,SOL
2026-01-06 13:30:46+00:00,2026-01-06 13:32:55.298118+00:00,46.0,139.114,139.1,139.12,SOL
2026-01-06 13:30:47+00:00,2026-01-06 13:32:56.309502+00:00,47.0,139.114,139.1,139.12,SOL
2026-01-06 13:30:48+00:00,2026-01-06 13:32:57.317271+00:00,48.0,139.114,139.1,139.13,SOL
2026-01-06 13:30:49+00:00,2026-01-06 13:32:58.315875+00:00,49.0,139.114,139.1,139.13,SOL
2026-01-06 13:30:50+00:00,2026-01-06 13:32:59.306982+00:00,50.0,139.124,139.1,139.13,SOL
2026-01-06 13:30:51+00:00,2026-01-06 13:33:00.354275+00:00,51.0,139.134,139.11,139.14,SOL
2026-01-06 13:30:52+00:00,2026-01-06 13:33:01.373883+00:00,52.0,139.134,139.11,139.14,SOL
2026-01-06 13:30:53+00:00,2026-01-06 13:33:02.394930+00:00,53.0,139.134,139.11,139.14,SOL
2026-01-06 13:30:54+00:00,2026-01-06 13:33:03.400327+00:00,54.0,139.134,139.11,139.14,SOL
2026-01-06 13:30:55+00:00,2026-01-06 13:33:04.416895+00:00,55.0,139.124,139.11,139.14,SOL
2026-01-06 13:30:56+00:00,2026-01-06 13:33:05.432264+00:00,56.0,139.134,139.11,139.14,SOL
2026-01-06 13:30:57+00:00,2026-01-06 13:33:06.431598+00:00,57.0,139.134,139.11,139.14,SOL
2026-01-06 13:30:58+00:00,2026-01-06 13:33:07.451100+00:00,58.0,139.134,139.11,139.14,SOL
2026-01-06 13:30:59+00:00,2026-01-06 13:33:08.442883+00:00,59.0,139.124,139.11,139.14,SOL
2026-01-06 13:31:00+00:00,2026-01-06 13:33:09.448660+00:00,60.0,139.124,139.11,139.14,SOL
2026-01-06 13:31:01+00:00,2026-01-06 13:33:10.468962+00:00,61.0,139.124,139.11,139.14,SOL
2026-01-06 13:31:02+00:00,2026-01-06 13:33:11.469214+00:00,62.0,139.124,139.11,139.14,SOL
2026-01-06 13:31:03+00:00,2026-01-06 13:33:12.460798+00:00,63.0,139.124,139.11,139.14,SOL
2026-01-06 13:31:04+00:00,2026-01-06 13:33:13.458453+00:00,64.0,139.124,139.11,139.14,SOL
2026-01-06 13:31:05+00:00,2026-01-06 13:33:14.445295+00:00,65.0,139.124,139.11,139.14,SOL
2026-01-06 13:31:06+00:00,2026-01-06 13:33:15.440489+00:00,66.0,139.114,139.1,139.13,SOL
2026-01-06 13:31:07+00:00,2026-01-06 13:33:16.447197+00:00,67.0,139.094,139.09,139.1,SOL
2026-01-06 13:31:08+00:00,2026-01-06 13:33:17.445306+00:00,68.0,139.084,139.07,139.09,SOL
2026-01-06 13:31:09+00:00,2026-01-06 13:33:18.452033+00:00,69.0,139.084,139.07,139.09,SOL
2026-01-06 13:31:10+00:00,2026-01-06 13:33:19.447708+00:00,70.0,139.084,139.07,139.09,SOL
2026-01-06 13:31:11+00:00,2026-01-06 13:33:20.468569+00:00,71.0,139.084,139.07,139.09,SOL
2026-01-06 13:31:12+00:00,2026-01-06 13:33:21.459751+00:00,72.0,139.084,139.07,139.09,SOL
2026-01-06 13:31:13+00:00,2026-01-06 13:33:22.463186+00:00,73.0,139.094,139.07,139.09,SOL
2026-01-06 13:31:14+00:00,2026-01-06 13:33:23.481402+00:00,74.0,139.094,139.07,139.09,SOL
2026-01-06 13:31:15+00:00,2026-01-06 13:33:24.500070+00:00,75.0,139.094,139.08,139.1,SOL
2026-01-06 13:31:16+00:00,2026-01-06 13:33:25.532464+00:00,76.0,139.104,139.08,139.11,SOL
2026-01-06 13:31:17+00:00,2026-01-06 13:33:26.529344+00:00,77.0,139.104,139.09,139.11,SOL
2026-01-06 13:31:18+00:00,2026-01-06 13:33:27.543309+00:00,78.0,139.104,139.09,139.11,SOL
2026-01-06 13:31:19+00:00,2026-01-06 13:33:28.543905+00:00,79.0,139.104,139.09,139.11,SOL
2026-01-06 13:31:20+00:00,2026-01-06 13:33:29.550219+00:00,80.0,139.104,139.09,139.11,SOL
2026-01-06 13:31:21+00:00,2026-01-06 13:33:30.562308+00:00,81.0,139.104,139.09,139.11,SOL
2026-01-06 13:31:22+00:00,2026-01-06 13:33:31.557904+00:00,82.0,139.104,139.09,139.11,SOL
2026-01-06 13:31:23+00:00,2026-01-06 13:33:32.571494+00:00,83.0,139.104,139.09,139.11,SOL
2026-01-06 13:31:24+00:00,2026-01-06 13:33:33.602916+00:00,84.0,139.104,139.09,139.11,SOL
2026-01-06 13:31:25+00:00,2026-01-06 13:33:34.620250+00:00,85.0,139.104,139.09,139.11,SOL
2026-01-06 13:31:26+00:00,2026-01-06 13:33:35.633408+00:00,86.0,139.104,139.09,139.11,SOL
2026-01-06 13:31:27+00:00,2026-01-06 13:33:36.631018+00:00,87.0,139.104,139.09,139.11,SOL
2026-01-06 13:31:28+00:00,2026-01-06 13:33:37.623935+00:00,88.0,139.104,139.09,139.11,SOL
2026-01-06 13:31:29+00:00,2026-01-06 13:33:38.629893+00:00,89.0,139.104,139.09,139.11,SOL
2026-01-06 13:31:30+00:00,2026-01-06 13:33:39.628009+00:00,90.0,139.104,139.09,139.11,SOL
2026-01-06 13:31:31+00:00,2026-01-06 13:33:40.630627+00:00,91.0,139.104,139.09,139.11,SOL
2026-01-06 13:31:32+00:00,2026-01-06 13:33:41.631884+00:00,92.0,139.104,139.09,139.11,SOL
2026-01-06 13:31:33+00:00,2026-01-06 13:33:42.639991+00:00,93.0,139.104,139.09,139.11,SOL
2026-01-06 13:31:34+00:00,2026-01-06 13:33:43.650044+00:00,94.0,139.104,139.09,139.11,SOL
2026-01-06 13:31:35+00:00,2026-01-06 13:33:44.657100+00:00,95.0,139.104,139.09,139.11,SOL
2026-01-06 13:31:36+00:00,2026-01-06 13:33:45.718083+00:00,96.0,139.104,139.09,139.11,SOL
2026-01-06 13:31:37+00:00,2026-01-06 13:33:46.709206+00:00,97.0,139.104,139.08,139.1,SOL
2026-01-06 13:31:38+00:00,2026-01-06 13:33:47.710696+00:00,98.0,139.094,139.08,139.1,SOL
2026-01-06 13:31:39+00:00,2026-01-06 13:33:48.709710+00:00,99.0,139.094,139.08,139.1,SOL
2026-01-06 13:31:40+00:00,2026-01-06 13:33:49.706338+00:00,100.0,139.094,139.07,139.1,SOL
2026-01-06 13:31:41+00:00,2026-01-06 13:33:50.720534+00:00,101.0,139.094,139.07,139.09,SOL
2026-01-06 13:31:42+00:00,2026-01-06 13:33:51.728019+00:00,102.0,139.094,139.07,139.09,SOL
2026-01-06 13:31:43+00:00,2026-01-06 13:33:52.725310+00:00,103.0,139.094,139.07,139.1,SOL
2026-01-06 13:31:44+00:00,2026-01-06 13:33:53.727885+00:00,104.0,139.094,139.07,139.1,SOL
2026-01-06 13:31:45+00:00,2026-01-06 13:33:54.744324+00:00,105.0,139.094,139.07,139.1,SOL
2026-01-06 13:31:46+00:00,2026-01-06 13:33:55.748390+00:00,106.0,139.094,139.07,139.1,SOL
2026-01-06 13:31:47+00:00,2026-01-06 13:33:56.753978+00:00,107.0,139.094,139.07,139.1,SOL
2026-01-06 13:31:48+00:00,2026-01-06 13:33:57.775559+00:00,108.0,139.094,139.07,139.1,SOL
2026-01-06 13:31:49+00:00,2026-01-06 13:33:58.790620+00:00,109.0,139.094,139.07,139.1,SOL
2026-01-06 13:31:50+00:00,2026-01-06 13:33:59.796497+00:00,110.0,139.094,139.07,139.1,SOL
2026-01-06 13:31:51+00:00,2026-01-06 13:34:00.802518+00:00,111.0,139.094,139.07,139.1,SOL
2026-01-06 13:31:52+00:00,2026-01-06 13:34:01.802670+00:00,112.0,139.094,139.07,139.09,SOL
2026-01-06 13:31:53+00:00,2026-01-06 13:34:02.812680+00:00,113.0,139.094,139.07,139.09,SOL
2026-01-06 13:31:54+00:00,2026-01-06 13:34:03.814054+00:00,114.0,139.094,139.07,139.09,SOL
2026-01-06 13:31:55+00:00,2026-01-06 13:34:04.834260+00:00,115.0,139.094,139.07,139.09,SOL
2026-01-06 13:31:56+00:00,2026-01-06 13:34:05.831259+00:00,116.0,139.094,139.07,139.09,SOL
2026-01-06 13:31:57+00:00,2026-01-06 13:34:06.828128+00:00,117.0,139.094,139.07,139.09,SOL
2026-01-06 13:31:58+00:00,2026-01-06 13:34:07.853335+00:00,118.0,139.074,139.06,139.07,SOL
2026-01-06 13:31:59+00:00,2026-01-06 13:34:08.851369+00:00,119.0,139.064,139.05,139.07,SOL
2026-01-06 13:32:00+00:00,2026-01-06 13:34:09.842550+00:00,120.0,139.064,139.05,139.07,SOL
2026-01-06 13:32:01+00:00,2026-01-06 13:34:10.874606+00:00,121.0,139.064,139.05,139.06,SOL
2026-01-06 13:32:02+00:00,2026-01-06 13:34:11.895852+00:00,122.0,139.054,139.04,139.06,SOL
2026-01-06 13:32:03+00:00,2026-01-06 13:34:12.894776+00:00,123.0,139.054,139.04,139.06,SOL
2026-01-06 13:32:04+00:00,2026-01-06 13:34:13.899775+00:00,124.0,139.054,139.04,139.06,SOL
2026-01-06 13:32:05+00:00,2026-01-06 13:34:14.910795+00:00,125.0,139.024,139.01,139.04,SOL
2026-01-06 13:32:06+00:00,2026-01-06 13:34:15.908623+00:00,126.0,139.014,139.01,139.03,SOL
2026-01-06 13:32:07+00:00,2026-01-06 13:34:16.926695+00:00,127.0,139.014,139.0,139.02,SOL
2026-01-06 13:32:08+00:00,2026-01-06 13:34:17.931679+00:00,128.0,139.014,139.0,139.02,SOL
2026-01-06 13:32:09+00:00,2026-01-06 13:34:18.939975+00:00,129.0,139.014,139.0,139.02,SOL
2026-01-06 13:32:10+00:00,2026-01-06 13:34:20.942939+00:00,130.0,139.014,139.0,139.02,SOL
2026-01-06 13:32:11+00:00,2026-01-06 13:34:21.950002+00:00,131.0,139.014,139.0,139.02,SOL
2026-01-06 13:32:12+00:00,2026-01-06 13:34:22.964953+00:00,132.0,139.004,139.0,139.01,SOL
2026-01-06 13:32:13+00:00,2026-01-06 13:34:23.989121+00:00,133.0,138.994,138.99,139.0,SOL
2026-01-06 13:32:14+00:00,2026-01-06 13:34:24.974845+00:00,134.0,138.994,138.98,139.0,SOL
2026-01-06 13:32:15+00:00,2026-01-06 13:34:25.976077+00:00,135.0,138.984,138.98,138.99,SOL
2026-01-06 13:32:16+00:00,2026-01-06 13:34:26.962124+00:00,136.0,138.984,138.97,138.99,SOL
2026-01-06 13:32:17+00:00,2026-01-06 13:34:27.975067+00:00,137.0,138.984,138.97,138.99,SOL
2026-01-06 13:32:18+00:00,2026-01-06 13:34:28.974126+00:00,138.0,138.984,138.97,138.99,SOL
2026-01-06 13:32:19+00:00,2026-01-06 13:34:29.975469+00:00,139.0,138.984,138.97,138.99,SOL
2026-01-06 13:32:20+00:00,2026-01-06 13:34:31.017770+00:00,140.0,138.974,138.96,138.98,SOL
2026-01-06 13:32:21+00:00,2026-01-06 13:34:32.018776+00:00,141.0,138.964,138.95,138.97,SOL
2026-01-06 13:32:22+00:00,2026-01-06 13:34:33.025136+00:00,142.0,138.964,138.95,138.97,SOL
2026-01-06 13:32:23+00:00,2026-01-06 13:34:34.075501+00:00,143.0,138.964,138.95,138.98,SOL
2026-01-06 13:32:24+00:00,2026-01-06 13:34:35.088337+00:00,144.0,138.963,138.95,138.98,SOL
2026-01-06 13:32:25+00:00,2026-01-06 13:34:36.113243+00:00,145.0,138.964,138.95,138.98,SOL
2026-01-06 13:32:26+00:00,2026-01-06 13:34:37.115277+00:00,146.0,138.964,138.95,138.97,SOL
2026-01-06 13:32:27+00:00,2026-01-06 13:34:38.124132+00:00,147.0,138.963,138.95,138.97,SOL
2026-01-06 13:32:28+00:00,2026-01-06 13:34:39.139999+00:00,148.0,138.963,138.95,138.97,SOL
2026-01-06 13:32:29+00:00,2026-01-06 13:34:40.150044+00:00,149.0,138.963,138.95,138.97,SOL
2026-01-06 13:32:31+00:00,2026-01-06 13:34:41.196198+00:00,151.0,138.953,138.95,138.97,SOL
2026-01-06 13:32:32+00:00,2026-01-06 13:34:42.211299+00:00,152.0,138.953,138.95,138.97,SOL
2026-01-06 13:32:33+00:00,2026-01-06 13:34:43.219726+00:00,153.0,138.953,138.95,138.97,SOL
2026-01-06 13:32:34+00:00,2026-01-06 13:34:44.191254+00:00,154.0,138.953,138.95,138.97,SOL
2026-01-06 13:32:35+00:00,2026-01-06 13:34:46.163775+00:00,155.0,138.953,138.95,138.97,SOL
2026-01-06 13:32:36+00:00,2026-01-06 13:34:47.191513+00:00,156.0,138.953,138.95,138.97,SOL
2026-01-06 13:32:37+00:00,2026-01-06 13:34:48.193460+00:00,157.0,138.953,138.95,138.97,SOL
2026-01-06 13:32:38+00:00,2026-01-06 13:34:49.196126+00:00,158.0,138.963,138.95,138.97,SOL
2026-01-06 13:32:40+00:00,2026-01-06 13:34:50.268787+00:00,160.0,138.933,138.92,138.94,SOL
2026-01-06 13:32:41+00:00,2026-01-06 13:34:51.268015+00:00,161.0,138.923,138.91,138.94,SOL
2026-01-06 13:32:42+00:00,2026-01-06 13:34:52.290148+00:00,162.0,138.923,138.91,138.94,SOL
2026-01-06 13:32:43+00:00,2026-01-06 13:34:53.267070+00:00,163.0,138.923,138.91,138.94,SOL
2026-01-06 13:32:44+00:00,2026-01-06 13:34:54.293904+00:00,164.0,138.923,138.91,138.94,SOL
2026-01-06 13:32:45+00:00,2026-01-06 13:34:55.282329+00:00,165.0,138.923,138.91,138.93,SOL
2026-01-06 13:32:46+00:00,2026-01-06 13:34:56.275504+00:00,166.0,138.923,138.91,138.94,SOL
2026-01-06 13:32:47+00:00,2026-01-06 13:34:57.282915+00:00,167.0,138.923,138.91,138.93,SOL
2026-01-06 13:32:48+00:00,2026-01-06 13:34:58.285959+00:00,168.0,138.923,138.91,138.93,SOL
2026-01-06 13:32:49+00:00,2026-01-06 13:34:59.294244+00:00,169.0,138.923,138.91,138.93,SOL
2026-01-06 13:32:50+00:00,2026-01-06 13:35:00.302236+00:00,170.0,138.923,138.91,138.93,SOL
2026-01-06 13:32:51+00:00,2026-01-06 13:35:01.293066+00:00,171.0,138.923,138.91,138.92,SOL
2026-01-06 13:32:52+00:00,2026-01-06 13:35:02.310062+00:00,172.0,138.923,138.91,138.94,SOL
2026-01-06 13:32:53+00:00,2026-01-06 13:35:03.305340+00:00,173.0,138.923,138.91,138.93,SOL
2026-01-06 13:32:54+00:00,2026-01-06 13:35:04.304202+00:00,174.0,138.923,138.91,138.93,SOL
2026-01-06 13:32:55+00:00,2026-01-06 13:35:05.306636+00:00,175.0,138.923,138.91,138.93,SOL
2026-01-06 13:32:56+00:00,2026-01-06 13:35:06.322628+00:00,176.0,138.923,138.91,138.93,SOL
2026-01-06 13:32:57+00:00,2026-01-06 13:35:07.345963+00:00,177.0,138.923,138.91,138.93,SOL
2026-01-06 13:32:58+00:00,2026-01-06 13:35:09.340779+00:00,178.0,138.923,138.91,138.93,SOL
2026-01-06 13:32:59+00:00,2026-01-06 13:35:10.360234+00:00,179.0,138.923,138.91,138.93,SOL
2026-01-06 13:33:00+00:00,2026-01-06 13:35:11.377515+00:00,180.0,138.933,138.91,138.94,SOL
2026-01-06 13:33:01+00:00,2026-01-06 13:35:12.377845+00:00,181.0,138.943,138.93,138.96,SOL
2026-01-06 13:33:02+00:00,2026-01-06 13:35:13.386823+00:00,182.0,138.953,138.94,138.96,SOL
2026-01-06 13:33:03+00:00,2026-01-06 13:35:14.413602+00:00,183.0,138.953,138.94,138.97,SOL
2026-01-06 13:33:04+00:00,2026-01-06 13:35:15.405316+00:00,184.0,138.953,138.95,138.97,SOL
2026-01-06 13:33:05+00:00,2026-01-06 13:35:16.422296+00:00,185.0,138.964,138.95,138.98,SOL
2026-01-06 13:33:06+00:00,2026-01-06 13:35:17.445717+00:00,186.0,138.974,138.96,138.98,SOL
2026-01-06 13:33:07+00:00,2026-01-06 13:35:18.447127+00:00,187.0,138.974,138.96,138.99,SOL
2026-01-06 13:33:08+00:00,2026-01-06 13:35:19.456934+00:00,188.0,138.984,138.97,139.0,SOL
2026-01-06 13:33:09+00:00,2026-01-06 13:35:20.458846+00:00,189.0,138.994,138.97,139.0,SOL
2026-01-06 13:33:10+00:00,2026-01-06 13:35:21.474615+00:00,190.0,138.984,138.97,139.0,SOL
2026-01-06 13:33:11+00:00,2026-01-06 13:35:22.481138+00:00,191.0,138.984,138.97,139.0,SOL
2026-01-06 13:33:12+00:00,2026-01-06 13:35:23.509447+00:00,192.0,138.984,138.97,138.99,SOL
2026-01-06 13:33:13+00:00,2026-01-06 13:35:24.515347+00:00,193.0,138.984,138.97,138.99,SOL
2026-01-06 13:33:14+00:00,2026-01-06 13:35:25.527458+00:00,194.0,138.984,138.97,138.99,SOL
2026-01-06 13:33:15+00:00,2026-01-06 13:35:26.574171+00:00,195.0,138.984,138.97,138.99,SOL
2026-01-06 13:33:16+00:00,2026-01-06 13:35:27.564249+00:00,196.0,138.984,138.97,138.99,SOL
2026-01-06 13:33:17+00:00,2026-01-06 13:35:28.573684+00:00,197.0,138.984,138.97,138.99,SOL
2026-01-06 13:33:18+00:00,2026-01-06 13:35:29.592814+00:00,198.0,138.984,138.97,138.99,SOL
2026-01-06 13:33:19+00:00,2026-01-06 13:35:30.604722+00:00,199.0,138.984,138.97,138.99,SOL
2026-01-06 13:33:20+00:00,2026-01-06 13:35:31.622721+00:00,200.0,138.984,138.97,138.99,SOL
2026-01-06 13:33:21+00:00,2026-01-06 13:35:32.628456+00:00,201.0,138.974,138.97,138.98,SOL
2026-01-06 13:33:22+00:00,2026-01-06 13:35:33.636209+00:00,202.0,138.974,138.96,138.98,SOL
2026-01-06 13:33:23+00:00,2026-01-06 13:35:34.653609+00:00,203.0,138.953,138.94,138.97,SOL
2026-01-06 13:33:24+00:00,2026-01-06 13:35:35.689911+00:00,204.0,138.943,138.93,138.95,SOL
2026-01-06 13:33:25+00:00,2026-01-06 13:35:36.687109+00:00,205.0,138.943,138.93,138.94,SOL
2026-01-06 13:33:26+00:00,2026-01-06 13:35:37.719517+00:00,206.0,138.943,138.93,138.95,SOL
2026-01-06 13:33:27+00:00,2026-01-06 13:35:38.704691+00:00,207.0,138.943,138.93,138.95,SOL
2026-01-06 13:33:28+00:00,2026-01-06 13:35:39.705152+00:00,208.0,138.943,138.93,138.95,SOL
2026-01-06 13:33:29+00:00,2026-01-06 13:35:40.728113+00:00,209.0,138.943,138.93,138.95,SOL
2026-01-06 13:33:30+00:00,2026-01-06 13:35:41.740299+00:00,210.0,138.943,138.94,138.95,SOL
2026-01-06 13:33:31+00:00,2026-01-06 13:35:42.733700+00:00,211.0,138.953,138.94,138.96,SOL
2026-01-06 13:33:32+00:00,2026-01-06 13:35:43.756063+00:00,212.0,138.953,138.94,138.96,SOL
2026-01-06 13:33:33+00:00,2026-01-06 13:35:44.767014+00:00,213.0,138.953,138.94,138.96,SOL
2026-01-06 13:33:34+00:00,2026-01-06 13:35:45.767670+00:00,214.0,138.953,138.94,138.96,SOL
2026-01-06 13:33:35+00:00,2026-01-06 13:35:46.776829+00:00,215.0,138.953,138.94,138.96,SOL
2026-01-06 13:33:36+00:00,2026-01-06 13:35:47.789016+00:00,216.0,138.953,138.94,138.96,SOL
2026-01-06 13:33:37+00:00,2026-01-06 13:35:48.811708+00:00,217.0,138.953,138.94,138.96,SOL
2026-01-06 13:33:38+00:00,2026-01-06 13:35:49.830070+00:00,218.0,138.953,138.94,138.95,SOL
2026-01-06 13:33:39+00:00,2026-01-06 13:35:50.895267+00:00,219.0,138.943,138.93,138.95,SOL
2026-01-06 13:33:40+00:00,2026-01-06 13:35:51.843540+00:00,220.0,138.943,138.93,138.95,SOL
2026-01-06 13:33:41+00:00,2026-01-06 13:35:52.867341+00:00,221.0,138.943,138.93,138.95,SOL
2026-01-06 13:33:42+00:00,2026-01-06 13:35:53.877792+00:00,222.0,138.933,138.93,138.94,SOL
2026-01-06 13:33:43+00:00,2026-01-06 13:35:54.873601+00:00,223.0,138.933,138.93,138.94,SOL
2026-01-06 13:33:44+00:00,2026-01-06 13:35:55.890029+00:00,224.0,138.933,138.93,138.94,SOL
2026-01-06 13:33:45+00:00,2026-01-06 13:35:56.906081+00:00,225.0,138.933,138.93,138.94,SOL
2026-01-06 13:33:46+00:00,2026-01-06 13:35:57.891175+00:00,226.0,138.933,138.92,138.94,SOL
2026-01-06 13:33:47+00:00,2026-01-06 13:35:58.904474+00:00,227.0,138.933,138.92,138.94,SOL
2026-01-06 13:33:48+00:00,2026-01-06 13:35:59.910040+00:00,228.0,138.933,138.92,138.94,SOL
2026-01-06 13:33:49+00:00,2026-01-06 13:36:00.895321+00:00,229.0,138.933,138.92,138.93,SOL
2026-01-06 13:33:50+00:00,2026-01-06 13:36:01.915016+00:00,230.0,138.933,138.92,138.93,SOL
2026-01-06 13:33:51+00:00,2026-01-06 13:36:02.927990+00:00,231.0,138.933,138.92,138.93,SOL
2026-01-06 13:33:52+00:00,2026-01-06 13:36:03.931857+00:00,232.0,138.933,138.92,138.93,SOL
2026-01-06 13:33:53+00:00,2026-01-06 13:36:04.959198+00:00,233.0,138.933,138.92,138.94,SOL
2026-01-06 13:33:54+00:00,2026-01-06 13:36:05.956524+00:00,234.0,138.933,138.92,138.94,SOL
2026-01-06 13:33:55+00:00,2026-01-06 13:36:06.969553+00:00,235.0,138.933,138.92,138.94,SOL
2026-01-06 13:33:56+00:00,2026-01-06 13:36:07.971560+00:00,236.0,138.933,138.92,138.94,SOL
2026-01-06 13:33:57+00:00,2026-01-06 13:36:08.971218+00:00,237.0,138.933,138.92,138.94,SOL
2026-01-06 13:33:58+00:00,2026-01-06 13:36:09.990921+00:00,238.0,138.933,138.92,138.94,SOL
2026-01-06 13:33:59+00:00,2026-01-06 13:36:10.977163+00:00,239.0,138.933,138.92,138.94,SOL
2026-01-06 13:34:00+00:00,2026-01-06 13:36:11.988897+00:00,240.0,138.923,138.91,138.93,SOL
2026-01-06 13:34:01+00:00,2026-01-06 13:36:13.009660+00:00,241.0,138.923,138.91,138.93,SOL
2026-01-06 13:34:02+00:00,2026-01-06 13:36:14.011278+00:00,242.0,138.903,138.9,138.92,SOL
2026-01-06 13:34:03+00:00,2026-01-06 13:36:15.018571+00:00,243.0,138.903,138.89,138.92,SOL
2026-01-06 13:34:04+00:00,2026-01-06 13:36:16.020909+00:00,244.0,138.903,138.89,138.92,SOL
2026-01-06 13:34:05+00:00,2026-01-06 13:36:17.029805+00:00,245.0,138.903,138.89,138.92,SOL
2026-01-06 13:34:06+00:00,2026-01-06 13:36:18.037531+00:00,246.0,138.883,138.87,138.9,SOL
2026-01-06 13:34:07+00:00,2026-01-06 13:36:19.035378+00:00,247.0,138.883,138.87,138.9,SOL
2026-01-06 13:34:08+00:00,2026-01-06 13:36:20.043839+00:00,248.0,138.883,138.87,138.9,SOL
2026-01-06 13:34:09+00:00,2026-01-06 13:36:21.055322+00:00,249.0,138.873,138.86,138.89,SOL
2026-01-06 13:34:10+00:00,2026-01-06 13:36:22.069905+00:00,250.0,138.863,138.86,138.89,SOL
2026-01-06 13:34:11+00:00,2026-01-06 13:36:23.066228+00:00,251.0,138.863,138.86,138.89,SOL
2026-01-06 13:34:12+00:00,2026-01-06 13:36:24.069727+00:00,252.0,138.863,138.86,138.89,SOL
2026-01-06 13:34:13+00:00,2026-01-06 13:36:25.077484+00:00,253.0,138.863,138.86,138.89,SOL
2026-01-06 13:34:14+00:00,2026-01-06 13:36:26.086872+00:00,254.0,138.863,138.85,138.88,SOL
2026-01-06 13:34:15+00:00,2026-01-06 13:36:27.089773+00:00,255.0,138.863,138.86,138.88,SOL
2026-01-06 13:34:16+00:00,2026-01-06 13:36:28.097900+00:00,256.0,138.863,138.86,138.88,SOL
2026-01-06 13:34:17+00:00,2026-01-06 13:36:29.101079+00:00,257.0,138.863,138.86,138.88,SOL
2026-01-06 13:34:18+00:00,2026-01-06 13:36:30.088320+00:00,258.0,138.873,138.86,138.88,SOL
2026-01-06 13:34:19+00:00,2026-01-06 13:36:31.106120+00:00,259.0,138.863,138.86,138.88,SOL
2026-01-06 13:34:20+00:00,2026-01-06 13:36:32.119981+00:00,260.0,138.863,138.86,138.88,SOL
2026-01-06 13:34:21+00:00,2026-01-06 13:36:33.138152+00:00,261.0,138.863,138.86,138.88,SOL
2026-01-06 13:34:22+00:00,2026-01-06 13:36:34.156064+00:00,262.0,138.863,138.86,138.88,SOL
2026-01-06 13:34:23+00:00,2026-01-06 13:36:35.165963+00:00,263.0,138.863,138.86,138.88,SOL
2026-01-06 13:34:24+00:00,2026-01-06 13:36:36.171571+00:00,264.0,138.863,138.86,138.88,SOL
2026-01-06 13:34:25+00:00,2026-01-06 13:36:37.174887+00:00,265.0,138.863,138.86,138.88,SOL
2026-01-06 13:34:26+00:00,2026-01-06 13:36:38.176918+00:00,266.0,138.863,138.85,138.88,SOL
2026-01-06 13:34:27+00:00,2026-01-06 13:36:39.170374+00:00,267.0,138.863,138.85,138.88,SOL
2026-01-06 13:34:28+00:00,2026-01-06 13:36:40.185049+00:00,268.0,138.863,138.85,138.88,SOL
2026-01-06 13:34:29+00:00,2026-01-06 13:36:41.201752+00:00,269.0,138.863,138.86,138.89,SOL
2026-01-06 13:34:30+00:00,2026-01-06 13:36:42.248026+00:00,270.0,138.873,138.86,138.88,SOL
2026-01-06 13:34:31+00:00,2026-01-06 13:36:43.252371+00:00,271.0,138.873,138.86,138.88,SOL
2026-01-06 13:34:32+00:00,2026-01-06 13:36:44.252618+00:00,272.0,138.873,138.86,138.88,SOL
2026-01-06 13:34:33+00:00,2026-01-06 13:36:45.252224+00:00,273.0,138.873,138.86,138.89,SOL
2026-01-06 13:34:34+00:00,2026-01-06 13:36:46.267744+00:00,274.0,138.873,138.86,138.89,SOL
2026-01-06 13:34:35+00:00,2026-01-06 13:36:47.251516+00:00,275.0,138.873,138.87,138.89,SOL
2026-01-06 13:34:36+00:00,2026-01-06 13:36:48.273264+00:00,276.0,138.873,138.87,138.89,SOL
2026-01-06 13:34:37+00:00,2026-01-06 13:36:49.284085+00:00,277.0,138.883,138.87,138.89,SOL
2026-01-06 13:34:38+00:00,2026-01-06 13:36:50.333781+00:00,278.0,138.883,138.87,138.89,SOL
2026-01-06 13:34:39+00:00,2026-01-06 13:36:51.350431+00:00,279.0,138.873,138.86,138.88,SOL
2026-01-06 13:34:40+00:00,2026-01-06 13:36:52.339512+00:00,280.0,138.853,138.84,138.87,SOL
2026-01-06 13:34:41+00:00,2026-01-06 13:36:53.337363+00:00,281.0,138.853,138.83,138.86,SOL
2026-01-06 13:34:42+00:00,2026-01-06 13:36:54.340756+00:00,282.0,138.853,138.84,138.86,SOL
2026-01-06 13:34:43+00:00,2026-01-06 13:36:55.336865+00:00,283.0,138.853,138.84,138.87,SOL
2026-01-06 13:34:44+00:00,2026-01-06 13:36:56.351574+00:00,284.0,138.863,138.85,138.88,SOL
2026-01-06 13:34:45+00:00,2026-01-06 13:36:57.372148+00:00,285.0,138.883,138.87,138.89,SOL
2026-01-06 13:34:46+00:00,2026-01-06 13:36:58.381150+00:00,286.0,138.883,138.87,138.89,SOL
2026-01-06 13:34:47+00:00,2026-01-06 13:36:59.370547+00:00,287.0,138.883,138.87,138.89,SOL
2026-01-06 13:34:48+00:00,2026-01-06 13:37:00.368062+00:00,288.0,138.883,138.87,138.89,SOL
2026-01-06 13:34:49+00:00,2026-01-06 13:37:01.367642+00:00,289.0,138.883,138.87,138.89,SOL
2026-01-06 13:34:50+00:00,2026-01-06 13:37:02.369935+00:00,290.0,138.883,138.87,138.89,SOL
2026-01-06 13:34:51+00:00,2026-01-06 13:37:03.384625+00:00,291.0,138.883,138.87,138.89,SOL
2026-01-06 13:34:52+00:00,2026-01-06 13:37:04.409101+00:00,292.0,138.883,138.87,138.89,SOL
2026-01-06 13:34:53+00:00,2026-01-06 13:37:05.403271+00:00,293.0,138.883,138.87,138.89,SOL
2026-01-06 13:34:54+00:00,2026-01-06 13:37:06.416362+00:00,294.0,138.883,138.87,138.9,SOL
2026-01-06 13:34:55+00:00,2026-01-06 13:37:07.470915+00:00,295.0,138.873,138.86,138.89,SOL
2026-01-06 13:34:56+00:00,2026-01-06 13:37:08.487099+00:00,296.0,138.863,138.86,138.88,SOL
2026-01-06 13:34:57+00:00,2026-01-06 13:37:09.487537+00:00,297.0,138.873,138.86,138.88,SOL
2026-01-06 13:34:58+00:00,2026-01-06 13:37:10.506746+00:00,298.0,138.873,138.86,138.88,SOL
2026-01-06 13:34:59+00:00,2026-01-06 13:37:11.501441+00:00,299.0,138.873,138.86,138.88,SOL
2026-01-06 13:35:00+00:00,2026-01-06 13:37:12.519112+00:00,300.0,138.873,138.86,138.88,SOL
2026-01-06 13:35:01+00:00,2026-01-06 13:37:13.519314+00:00,301.0,138.863,138.86,138.88,SOL
2026-01-06 13:35:02+00:00,2026-01-06 13:37:14.539044+00:00,302.0,138.903,138.89,138.91,SOL
2026-01-06 13:35:03+00:00,2026-01-06 13:37:15.544606+00:00,303.0,138.903,138.89,138.92,SOL
2026-01-06 13:35:04+00:00,2026-01-06 13:37:16.545839+00:00,304.0,138.903,138.89,138.91,SOL
2026-01-06 13:35:05+00:00,2026-01-06 13:37:17.572092+00:00,305.0,138.893,138.88,138.9,SOL
2026-01-06 13:35:06+00:00,2026-01-06 13:37:18.591947+00:00,306.0,138.893,138.88,138.9,SOL
2026-01-06 13:35:07+00:00,2026-01-06 13:37:19.597847+00:00,307.0,138.893,138.88,138.9,SOL
2026-01-06 13:35:08+00:00,2026-01-06 13:37:20.604438+00:00,308.0,138.893,138.88,138.9,SOL
2026-01-06 13:35:09+00:00,2026-01-06 13:37:21.631746+00:00,309.0,138.883,138.87,138.9,SOL
2026-01-06 13:35:10+00:00,2026-01-06 13:37:22.630104+00:00,310.0,138.883,138.87,138.9,SOL
2026-01-06 13:35:11+00:00,2026-01-06 13:37:23.634847+00:00,311.0,138.893,138.87,138.89,SOL
2026-01-06 13:35:12+00:00,2026-01-06 13:37:24.647849+00:00,312.0,138.893,138.87,138.9,SOL
2026-01-06 13:35:13+00:00,2026-01-06 13:37:25.650384+00:00,313.0,138.883,138.87,138.9,SOL
2026-01-06 13:35:14+00:00,2026-01-06 13:37:26.703665+00:00,314.0,138.883,138.87,138.89,SOL
2026-01-06 13:35:15+00:00,2026-01-06 13:37:27.706860+00:00,315.0,138.883,138.87,138.89,SOL
2026-01-06 13:35:16+00:00,2026-01-06 13:37:28.716286+00:00,316.0,138.883,138.87,138.89,SOL
2026-01-06 13:35:17+00:00,2026-01-06 13:37:29.705394+00:00,317.0,138.883,138.87,138.89,SOL
2026-01-06 13:35:18+00:00,2026-01-06 13:37:30.711335+00:00,318.0,138.883,138.87,138.89,SOL
2026-01-06 13:35:19+00:00,2026-01-06 13:37:31.706579+00:00,319.0,138.883,138.87,138.89,SOL
2026-01-06 13:35:20+00:00,2026-01-06 13:37:32.723373+00:00,320.0,138.883,138.87,138.89,SOL
2026-01-06 13:35:21+00:00,2026-01-06 13:37:33.733237+00:00,321.0,138.863,138.85,138.88,SOL
2026-01-06 13:35:22+00:00,2026-01-06 13:37:34.767062+00:00,322.0,138.853,138.85,138.87,SOL
2026-01-06 13:35:23+00:00,2026-01-06 13:37:35.750757+00:00,323.0,138.863,138.85,138.87,SOL
2026-01-06 13:35:24+00:00,2026-01-06 13:37:36.767447+00:00,324.0,138.863,138.85,138.87,SOL
2026-01-06 13:35:25+00:00,2026-01-06 13:37:37.767060+00:00,325.0,138.863,138.85,138.87,SOL
2026-01-06 13:35:26+00:00,2026-01-06 13:37:38.783026+00:00,326.0,138.853,138.85,138.87,SOL
2026-01-06 13:35:27+00:00,2026-01-06 13:37:39.784313+00:00,327.0,138.853,138.85,138.87,SOL
2026-01-06 13:35:28+00:00,2026-01-06 13:37:40.782593+00:00,328.0,138.843,138.83,138.85,SOL
2026-01-06 13:35:29+00:00,2026-01-06 13:37:41.784224+00:00,329.0,138.843,138.83,138.85,SOL
2026-01-06 13:35:30+00:00,2026-01-06 13:37:42.785207+00:00,330.0,138.833,138.83,138.85,SOL
2026-01-06 13:35:31+00:00,2026-01-06 13:37:43.806603+00:00,331.0,138.833,138.83,138.85,SOL
2026-01-06 13:35:32+00:00,2026-01-06 13:37:44.808398+00:00,332.0,138.833,138.82,138.84,SOL
2026-01-06 13:35:33+00:00,2026-01-06 13:37:45.843629+00:00,333.0,138.833,138.81,138.84,SOL
2026-01-06 13:35:34+00:00,2026-01-06 13:37:46.833696+00:00,334.0,138.833,138.81,138.84,SOL
2026-01-06 13:35:35+00:00,2026-01-06 13:37:47.834014+00:00,335.0,138.823,138.81,138.84,SOL
2026-01-06 13:35:36+00:00,2026-01-06 13:37:48.850131+00:00,336.0,138.823,138.81,138.84,SOL
2026-01-06 13:35:37+00:00,2026-01-06 13:37:49.851494+00:00,337.0,138.823,138.81,138.84,SOL
2026-01-06 13:35:38+00:00,2026-01-06 13:37:50.874468+00:00,338.0,138.823,138.81,138.84,SOL
2026-01-06 13:35:39+00:00,2026-01-06 13:37:51.873839+00:00,339.0,138.823,138.81,138.84,SOL
2026-01-06 13:35:40+00:00,2026-01-06 13:37:52.906899+00:00,340.0,138.823,138.81,138.83,SOL
2026-01-06 13:35:41+00:00,2026-01-06 13:37:53.925033+00:00,341.0,138.823,138.81,138.84,SOL
2026-01-06 13:35:42+00:00,2026-01-06 13:37:54.915021+00:00,342.0,138.823,138.81,138.84,SOL
2026-01-06 13:35:43+00:00,2026-01-06 13:37:55.915653+00:00,343.0,138.823,138.81,138.84,SOL
2026-01-06 13:35:44+00:00,2026-01-06 13:37:56.942307+00:00,344.0,138.823,138.81,138.84,SOL
2026-01-06 13:35:45+00:00,2026-01-06 13:37:57.959931+00:00,345.0,138.823,138.81,138.84,SOL
2026-01-06 13:35:46+00:00,2026-01-06 13:37:58.949921+00:00,346.0,138.823,138.81,138.84,SOL
2026-01-06 13:35:47+00:00,2026-01-06 13:37:59.951021+00:00,347.0,138.823,138.81,138.84,SOL
2026-01-06 13:35:48+00:00,2026-01-06 13:38:00.966434+00:00,348.0,138.823,138.81,138.84,SOL
2026-01-06 13:35:49+00:00,2026-01-06 13:38:01.975019+00:00,349.0,138.823,138.81,138.84,SOL
2026-01-06 13:35:50+00:00,2026-01-06 13:38:02.966264+00:00,350.0,138.823,138.81,138.84,SOL
2026-01-06 13:35:51+00:00,2026-01-06 13:38:03.967713+00:00,351.0,138.823,138.81,138.84,SOL
2026-01-06 13:35:52+00:00,2026-01-06 13:38:04.993094+00:00,352.0,138.823,138.81,138.84,SOL
2026-01-06 13:35:53+00:00,2026-01-06 13:38:05.981212+00:00,353.0,138.823,138.81,138.84,SOL
2026-01-06 13:35:54+00:00,2026-01-06 13:38:06.982216+00:00,354.0,138.823,138.81,138.83,SOL
2026-01-06 13:35:55+00:00,2026-01-06 13:38:08.001302+00:00,355.0,138.823,138.81,138.84,SOL
2026-01-06 13:35:56+00:00,2026-01-06 13:38:09.000935+00:00,356.0,138.823,138.81,138.84,SOL
2026-01-06 13:35:57+00:00,2026-01-06 13:38:10.004106+00:00,357.0,138.823,138.81,138.84,SOL
2026-01-06 13:35:58+00:00,2026-01-06 13:38:11.031689+00:00,358.0,138.833,138.82,138.84,SOL
2026-01-06 13:35:59+00:00,2026-01-06 13:38:12.016948+00:00,359.0,138.843,138.83,138.85,SOL
2026-01-06 13:36:00+00:00,2026-01-06 13:38:13.021291+00:00,360.0,138.843,138.83,138.85,SOL
2026-01-06 13:36:01+00:00,2026-01-06 13:38:14.036479+00:00,361.0,138.843,138.83,138.85,SOL
2026-01-06 13:36:02+00:00,2026-01-06 13:38:15.034650+00:00,362.0,138.853,138.84,138.86,SOL
2026-01-06 13:36:03+00:00,2026-01-06 13:38:16.065481+00:00,363.0,138.863,138.84,138.87,SOL
2026-01-06 13:36:04+00:00,2026-01-06 13:38:17.068244+00:00,364.0,138.863,138.85,138.87,SOL
2026-01-06 13:36:05+00:00,2026-01-06 13:38:18.068278+00:00,365.0,138.873,138.86,138.88,SOL
2026-01-06 13:36:06+00:00,2026-01-06 13:38:19.068581+00:00,366.0,138.873,138.86,138.88,SOL
2026-01-06 13:36:07+00:00,2026-01-06 13:38:20.086957+00:00,367.0,138.883,138.87,138.89,SOL
2026-01-06 13:36:08+00:00,2026-01-06 13:38:21.097112+00:00,368.0,138.893,138.87,138.9,SOL
2026-01-06 13:36:09+00:00,2026-01-06 13:38:22.120100+00:00,369.0,138.893,138.88,138.9,SOL
2026-01-06 13:36:10+00:00,2026-01-06 13:38:23.132983+00:00,370.0,138.893,138.89,138.9,SOL
2026-01-06 13:36:11+00:00,2026-01-06 13:38:24.152176+00:00,371.0,138.893,138.89,138.9,SOL
2026-01-06 13:36:12+00:00,2026-01-06 13:38:25.157517+00:00,372.0,138.893,138.89,138.91,SOL
2026-01-06 13:36:13+00:00,2026-01-06 13:38:26.180540+00:00,373.0,138.893,138.89,138.9,SOL
2026-01-06 13:36:14+00:00,2026-01-06 13:38:27.181220+00:00,374.0,138.893,138.89,138.9,SOL
2026-01-06 13:36:15+00:00,2026-01-06 13:38:28.239312+00:00,375.0,138.893,138.89,138.9,SOL
2026-01-06 13:36:16+00:00,2026-01-06 13:38:29.245003+00:00,376.0,138.893,138.89,138.91,SOL
2026-01-06 13:36:17+00:00,2026-01-06 13:38:30.240942+00:00,377.0,138.893,138.89,138.9,SOL
2026-01-06 13:36:18+00:00,2026-01-06 13:38:31.237060+00:00,378.0,138.893,138.89,138.9,SOL
2026-01-06 13:36:19+00:00,2026-01-06 13:38:32.260866+00:00,379.0,138.893,138.89,138.91,SOL
2026-01-06 13:36:20+00:00,2026-01-06 13:38:33.258632+00:00,380.0,138.893,138.88,138.9,SOL
2026-01-06 13:36:21+00:00,2026-01-06 13:38:34.266671+00:00,381.0,138.893,138.88,138.9,SOL
2026-01-06 13:36:22+00:00,2026-01-06 13:38:35.282629+00:00,382.0,138.893,138.88,138.9,SOL
2026-01-06 13:36:23+00:00,2026-01-06 13:38:36.286646+00:00,383.0,138.883,138.87,138.89,SOL
2026-01-06 13:36:24+00:00,2026-01-06 13:38:37.289664+00:00,384.0,138.883,138.87,138.89,SOL
2026-01-06 13:36:25+00:00,2026-01-06 13:38:38.300371+00:00,385.0,138.883,138.87,138.89,SOL
2026-01-06 13:36:26+00:00,2026-01-06 13:38:39.313946+00:00,386.0,138.883,138.87,138.89,SOL
2026-01-06 13:36:27+00:00,2026-01-06 13:38:40.312512+00:00,387.0,138.883,138.87,138.89,SOL
2026-01-06 13:36:28+00:00,2026-01-06 13:38:41.334990+00:00,388.0,138.883,138.87,138.88,SOL
2026-01-06 13:36:29+00:00,2026-01-06 13:38:42.334803+00:00,389.0,138.883,138.87,138.89,SOL
2026-01-06 13:36:30+00:00,2026-01-06 13:38:43.357996+00:00,390.0,138.883,138.87,138.88,SOL
2026-01-06 13:36:31+00:00,2026-01-06 13:38:44.355055+00:00,391.0,138.883,138.87,138.88,SOL
2026-01-06 13:36:32+00:00,2026-01-06 13:38:45.710165+00:00,392.0,138.883,138.87,138.88,SOL
2026-01-06 13:36:33+00:00,2026-01-06 13:38:46.694875+00:00,393.0,138.883,138.87,138.88,SOL
2026-01-06 13:36:34+00:00,2026-01-06 13:38:47.680175+00:00,394.0,138.883,138.87,138.88,SOL
2026-01-06 13:36:35+00:00,2026-01-06 13:38:48.679155+00:00,395.0,138.883,138.86,138.88,SOL
2026-01-06 13:36:36+00:00,2026-01-06 13:38:49.694498+00:00,396.0,138.883,138.87,138.89,SOL
2026-01-06 13:36:37+00:00,2026-01-06 13:38:50.767692+00:00,397.0,138.883,138.87,138.89,SOL
2026-01-06 13:36:38+00:00,2026-01-06 13:38:52.665231+00:00,398.0,138.883,138.87,138.89,SOL
2026-01-06 13:36:39+00:00,2026-01-06 13:38:53.678118+00:00,399.0,138.893,138.87,138.89,SOL
2026-01-06 13:36:41+00:00,2026-01-06 13:38:54.721128+00:00,401.0,138.893,138.87,138.89,SOL
2026-01-06 13:36:42+00:00,2026-01-06 13:38:55.745172+00:00,402.0,138.893,138.87,138.89,SOL
2026-01-06 13:36:43+00:00,2026-01-06 13:38:56.715846+00:00,403.0,138.893,138.87,138.89,SOL
2026-01-06 13:36:44+00:00,2026-01-06 13:38:57.732891+00:00,404.0,138.893,138.87,138.89,SOL
2026-01-06 13:36:45+00:00,2026-01-06 13:38:58.748475+00:00,405.0,138.893,138.87,138.9,SOL
2026-01-06 13:36:46+00:00,2026-01-06 13:38:59.742422+00:00,406.0,138.893,138.87,138.9,SOL
2026-01-06 13:36:47+00:00,2026-01-06 13:39:00.775458+00:00,407.0,138.893,138.87,138.9,SOL
2026-01-06 13:36:48+00:00,2026-01-06 13:39:01.788686+00:00,408.0,138.883,138.87,138.9,SOL
2026-01-06 13:36:49+00:00,2026-01-06 13:39:02.804224+00:00,409.0,138.883,138.87,138.88,SOL
2026-01-06 13:36:50+00:00,2026-01-06 13:39:03.817393+00:00,410.0,138.873,138.86,138.88,SOL
2026-01-06 13:36:51+00:00,2026-01-06 13:39:04.813343+00:00,411.0,138.873,138.86,138.88,SOL
2026-01-06 13:36:52+00:00,2026-01-06 13:39:05.838539+00:00,412.0,138.873,138.86,138.88,SOL
2026-01-06 13:36:53+00:00,2026-01-06 13:39:06.848002+00:00,413.0,138.873,138.85,138.88,SOL
2026-01-06 13:36:54+00:00,2026-01-06 13:39:07.847916+00:00,414.0,138.873,138.86,138.88,SOL
2026-01-06 13:36:55+00:00,2026-01-06 13:39:08.853269+00:00,415.0,138.873,138.86,138.88,SOL
2026-01-06 13:36:56+00:00,2026-01-06 13:39:09.863595+00:00,416.0,138.873,138.86,138.89,SOL
2026-01-06 13:36:57+00:00,2026-01-06 13:39:10.878646+00:00,417.0,138.873,138.86,138.89,SOL
2026-01-06 13:36:58+00:00,2026-01-06 13:39:11.877196+00:00,418.0,138.873,138.86,138.89,SOL
2026-01-06 13:36:59+00:00,2026-01-06 13:39:12.896389+00:00,419.0,138.883,138.87,138.89,SOL
2026-01-06 13:37:00+00:00,2026-01-06 13:39:13.917705+00:00,420.0,138.883,138.87,138.89,SOL
2026-01-06 13:37:01+00:00,2026-01-06 13:39:14.957836+00:00,421.0,138.883,138.87,138.9,SOL
2026-01-06 13:37:02+00:00,2026-01-06 13:39:16.934198+00:00,422.0,138.893,138.88,138.9,SOL
2026-01-06 13:37:03+00:00,2026-01-06 13:39:17.948667+00:00,423.0,138.893,138.88,138.9,SOL
2026-01-06 13:37:04+00:00,2026-01-06 13:39:18.980349+00:00,424.0,138.893,138.88,138.9,SOL
2026-01-06 13:37:05+00:00,2026-01-06 13:39:19.981808+00:00,425.0,138.893,138.88,138.9,SOL
2026-01-06 13:37:06+00:00,2026-01-06 13:39:20.985547+00:00,426.0,138.893,138.88,138.9,SOL
2026-01-06 13:37:07+00:00,2026-01-06 13:39:21.979212+00:00,427.0,138.903,138.89,138.91,SOL
2026-01-06 13:37:08+00:00,2026-01-06 13:39:22.997825+00:00,428.0,138.903,138.89,138.91,SOL
2026-01-06 13:37:09+00:00,2026-01-06 13:39:24.014321+00:00,429.0,138.903,138.89,138.91,SOL
2026-01-06 13:37:10+00:00,2026-01-06 13:39:25.023458+00:00,430.0,138.903,138.89,138.91,SOL
2026-01-06 13:37:11+00:00,2026-01-06 13:39:26.013724+00:00,431.0,138.903,138.89,138.91,SOL
2026-01-06 13:37:12+00:00,2026-01-06 13:39:27.012207+00:00,432.0,138.903,138.89,138.91,SOL
2026-01-06 13:37:13+00:00,2026-01-06 13:39:28.033071+00:00,433.0,138.903,138.89,138.91,SOL
2026-01-06 13:37:14+00:00,2026-01-06 13:39:29.046163+00:00,434.0,138.903,138.89,138.91,SOL
2026-01-06 13:37:15+00:00,2026-01-06 13:39:30.047761+00:00,435.0,138.903,138.89,138.91,SOL
2026-01-06 13:37:16+00:00,2026-01-06 13:39:31.064029+00:00,436.0,138.903,138.89,138.92,SOL
2026-01-06 13:37:17+00:00,2026-01-06 13:39:32.063341+00:00,437.0,138.913,138.89,138.92,SOL
2026-01-06 13:37:19+00:00,2026-01-06 13:39:33.320680+00:00,439.0,138.913,138.9,138.92,SOL
2026-01-06 13:37:20+00:00,2026-01-06 13:39:34.344058+00:00,440.0,138.913,138.9,138.92,SOL
2026-01-06 13:37:21+00:00,2026-01-06 13:39:35.350167+00:00,441.0,138.913,138.9,138.92,SOL
2026-01-06 13:37:22+00:00,2026-01-06 13:39:36.409364+00:00,442.0,138.913,138.9,138.91,SOL
2026-01-06 13:37:23+00:00,2026-01-06 13:39:37.408766+00:00,443.0,138.903,138.89,138.91,SOL
2026-01-06 13:37:24+00:00,2026-01-06 13:39:38.380221+00:00,444.0,138.903,138.88,138.91,SOL
2026-01-06 13:37:25+00:00,2026-01-06 13:39:39.419321+00:00,445.0,138.903,138.89,138.9,SOL
2026-01-06 13:37:26+00:00,2026-01-06 13:39:40.502221+00:00,446.0,138.903,138.89,138.9,SOL
2026-01-06 13:37:27+00:00,2026-01-06 13:39:41.464346+00:00,447.0,138.903,138.89,138.91,SOL
2026-01-06 13:37:28+00:00,2026-01-06 13:39:42.459541+00:00,448.0,138.903,138.89,138.91,SOL
2026-01-06 13:37:29+00:00,2026-01-06 13:39:43.463032+00:00,449.0,138.903,138.89,138.91,SOL
2026-01-06 13:37:30+00:00,2026-01-06 13:39:44.501456+00:00,450.0,138.903,138.89,138.91,SOL
2026-01-06 13:37:31+00:00,2026-01-06 13:39:45.518417+00:00,451.0,138.903,138.89,138.91,SOL
2026-01-06 13:37:32+00:00,2026-01-06 13:39:46.518066+00:00,452.0,138.903,138.89,138.91,SOL
2026-01-06 13:37:33+00:00,2026-01-06 13:39:47.541328+00:00,453.0,138.903,138.89,138.91,SOL
2026-01-06 13:37:34+00:00,2026-01-06 13:39:48.547103+00:00,454.0,138.903,138.89,138.91,SOL
2026-01-06 13:37:35+00:00,2026-01-06 13:39:49.553401+00:00,455.0,138.903,138.89,138.91,SOL
2026-01-06 13:37:36+00:00,2026-01-06 13:39:50.580460+00:00,456.0,138.903,138.89,138.91,SOL
2026-01-06 13:37:37+00:00,2026-01-06 13:39:51.568306+00:00,457.0,138.903,138.89,138.91,SOL
2026-01-06 13:37:38+00:00,2026-01-06 13:39:52.579956+00:00,458.0,138.903,138.89,138.9,SOL
2026-01-06 13:37:39+00:00,2026-01-06 13:39:53.598872+00:00,459.0,138.903,138.88,138.91,SOL
2026-01-06 13:37:40+00:00,2026-01-06 13:39:54.593592+00:00,460.0,138.893,138.88,138.9,SOL
2026-01-06 13:37:41+00:00,2026-01-06 13:39:55.629843+00:00,461.0,138.893,138.86,138.9,SOL
2026-01-06 13:37:42+00:00,2026-01-06 13:39:56.646083+00:00,462.0,138.873,138.86,138.88,SOL
2026-01-06 13:37:43+00:00,2026-01-06 13:39:57.655965+00:00,463.0,138.873,138.86,138.87,SOL
2026-01-06 13:37:44+00:00,2026-01-06 13:39:58.658386+00:00,464.0,138.873,138.86,138.88,SOL
2026-01-06 13:37:45+00:00,2026-01-06 13:39:59.679526+00:00,465.0,138.873,138.86,138.88,SOL
2026-01-06 13:37:46+00:00,2026-01-06 13:40:00.678053+00:00,466.0,138.873,138.86,138.88,SOL
2026-01-06 13:37:47+00:00,2026-01-06 13:40:01.677965+00:00,467.0,138.873,138.86,138.87,SOL
2026-01-06 13:37:48+00:00,2026-01-06 13:40:02.696419+00:00,468.0,138.873,138.85,138.87,SOL
2026-01-06 13:37:49+00:00,2026-01-06 13:40:03.712144+00:00,469.0,138.863,138.85,138.87,SOL
2026-01-06 13:37:50+00:00,2026-01-06 13:40:04.729229+00:00,470.0,138.853,138.85,138.87,SOL
2026-01-06 13:37:51+00:00,2026-01-06 13:40:05.743492+00:00,471.0,138.853,138.85,138.87,SOL
2026-01-06 13:37:52+00:00,2026-01-06 13:40:06.742854+00:00,472.0,138.853,138.85,138.87,SOL
2026-01-06 13:37:53+00:00,2026-01-06 13:40:07.746510+00:00,473.0,138.853,138.85,138.87,SOL
2026-01-06 13:37:54+00:00,2026-01-06 13:40:08.750894+00:00,474.0,138.853,138.85,138.87,SOL
2026-01-06 13:37:55+00:00,2026-01-06 13:40:09.809988+00:00,475.0,138.853,138.85,138.87,SOL
2026-01-06 13:37:56+00:00,2026-01-06 13:40:10.818414+00:00,476.0,138.853,138.85,138.87,SOL
2026-01-06 13:37:57+00:00,2026-01-06 13:40:11.836027+00:00,477.0,138.853,138.85,138.87,SOL
2026-01-06 13:37:58+00:00,2026-01-06 13:40:12.853445+00:00,478.0,138.853,138.85,138.87,SOL
2026-01-06 13:37:59+00:00,2026-01-06 13:40:13.843392+00:00,479.0,138.853,138.85,138.87,SOL
2026-01-06 13:38:00+00:00,2026-01-06 13:40:14.852194+00:00,480.0,138.853,138.85,138.87,SOL
2026-01-06 13:38:01+00:00,2026-01-06 13:40:15.864426+00:00,481.0,138.853,138.85,138.87,SOL
2026-01-06 13:38:02+00:00,2026-01-06 13:40:16.871980+00:00,482.0,138.853,138.85,138.87,SOL
2026-01-06 13:38:03+00:00,2026-01-06 13:40:17.862798+00:00,483.0,138.853,138.85,138.87,SOL
2026-01-06 13:38:04+00:00,2026-01-06 13:40:18.880204+00:00,484.0,138.853,138.85,138.87,SOL
2026-01-06 13:38:05+00:00,2026-01-06 13:40:19.888805+00:00,485.0,138.853,138.85,138.86,SOL
2026-01-06 13:38:06+00:00,2026-01-06 13:40:20.901207+00:00,486.0,138.853,138.85,138.86,SOL
2026-01-06 13:38:07+00:00,2026-01-06 13:40:21.880467+00:00,487.0,138.853,138.85,138.86,SOL
2026-01-06 13:38:08+00:00,2026-01-06 13:40:22.931958+00:00,488.0,138.853,138.84,138.86,SOL
2026-01-06 13:38:09+00:00,2026-01-06 13:40:23.926539+00:00,489.0,138.853,138.84,138.86,SOL
2026-01-06 13:38:10+00:00,2026-01-06 13:40:24.930333+00:00,490.0,138.853,138.84,138.86,SOL
2026-01-06 13:38:11+00:00,2026-01-06 13:40:25.930815+00:00,491.0,138.853,138.84,138.86,SOL
2026-01-06 13:38:12+00:00,2026-01-06 13:40:26.949825+00:00,492.0,138.853,138.84,138.87,SOL
2026-01-06 13:38:13+00:00,2026-01-06 13:40:27.961531+00:00,493.0,138.853,138.84,138.86,SOL
2026-01-06 13:38:14+00:00,2026-01-06 13:40:28.979187+00:00,494.0,138.853,138.84,138.86,SOL
2026-01-06 13:38:15+00:00,2026-01-06 13:40:29.994063+00:00,495.0,138.863,138.86,138.88,SOL
2026-01-06 13:38:16+00:00,2026-01-06 13:40:31.027846+00:00,496.0,138.873,138.86,138.88,SOL
2026-01-06 13:38:17+00:00,2026-01-06 13:40:32.017640+00:00,497.0,138.873,138.86,138.88,SOL
2026-01-06 13:38:18+00:00,2026-01-06 13:40:33.020538+00:00,498.0,138.873,138.86,138.89,SOL
2026-01-06 13:38:19+00:00,2026-01-06 13:40:34.017418+00:00,499.0,138.873,138.86,138.88,SOL
2026-01-06 13:38:20+00:00,2026-01-06 13:40:35.035014+00:00,500.0,138.873,138.86,138.88,SOL
2026-01-06 13:38:21+00:00,2026-01-06 13:40:36.036628+00:00,501.0,138.863,138.86,138.87,SOL
2026-01-06 13:38:22+00:00,2026-01-06 13:40:37.045390+00:00,502.0,138.863,138.85,138.87,SOL
2026-01-06 13:38:23+00:00,2026-01-06 13:40:38.062039+00:00,503.0,138.863,138.85,138.88,SOL
2026-01-06 13:38:24+00:00,2026-01-06 13:40:39.075176+00:00,504.0,138.863,138.85,138.87,SOL
2026-01-06 13:38:25+00:00,2026-01-06 13:40:40.067265+00:00,505.0,138.863,138.85,138.88,SOL
2026-01-06 13:38:26+00:00,2026-01-06 13:40:41.063892+00:00,506.0,138.863,138.85,138.88,SOL
2026-01-06 13:38:27+00:00,2026-01-06 13:40:42.080786+00:00,507.0,138.873,138.85,138.88,SOL
2026-01-06 13:38:28+00:00,2026-01-06 13:40:43.080517+00:00,508.0,138.873,138.85,138.87,SOL
2026-01-06 13:38:29+00:00,2026-01-06 13:40:44.081290+00:00,509.0,138.873,138.85,138.87,SOL
2026-01-06 13:38:30+00:00,2026-01-06 13:40:45.096566+00:00,510.0,138.863,138.85,138.87,SOL
2026-01-06 13:38:31+00:00,2026-01-06 13:40:46.111278+00:00,511.0,138.873,138.86,138.88,SOL
2026-01-06 13:38:32+00:00,2026-01-06 13:40:47.114677+00:00,512.0,138.873,138.86,138.89,SOL
2026-01-06 13:38:33+00:00,2026-01-06 13:40:48.128913+00:00,513.0,138.873,138.86,138.89,SOL
2026-01-06 13:38:34+00:00,2026-01-06 13:40:49.134990+00:00,514.0,138.873,138.86,138.88,SOL
2026-01-06 13:38:35+00:00,2026-01-06 13:40:50.141503+00:00,515.0,138.873,138.86,138.88,SOL
2026-01-06 13:38:36+00:00,2026-01-06 13:40:51.148155+00:00,516.0,138.873,138.86,138.88,SOL
2026-01-06 13:38:37+00:00,2026-01-06 13:40:52.126025+00:00,517.0,138.873,138.86,138.88,SOL
2026-01-06 13:38:38+00:00,2026-01-06 13:40:53.152445+00:00,518.0,138.873,138.86,138.88,SOL
2026-01-06 13:38:39+00:00,2026-01-06 13:40:55.158286+00:00,519.0,138.873,138.86,138.88,SOL
2026-01-06 13:38:41+00:00,2026-01-06 13:40:56.201539+00:00,521.0,138.873,138.86,138.88,SOL
2026-01-06 13:38:42+00:00,2026-01-06 13:40:57.200304+00:00,522.0,138.873,138.86,138.88,SOL
2026-01-06 13:38:43+00:00,2026-01-06 13:40:58.210476+00:00,523.0,138.863,138.85,138.87,SOL
2026-01-06 13:38:44+00:00,2026-01-06 13:40:59.188723+00:00,524.0,138.863,138.85,138.87,SOL
2026-01-06 13:38:45+00:00,2026-01-06 13:41:00.220815+00:00,525.0,138.863,138.85,138.87,SOL
2026-01-06 13:38:46+00:00,2026-01-06 13:41:01.234774+00:00,526.0,138.863,138.85,138.87,SOL
2026-01-06 13:38:47+00:00,2026-01-06 13:41:02.218069+00:00,527.0,138.863,138.85,138.87,SOL
2026-01-06 13:38:48+00:00,2026-01-06 13:41:03.207227+00:00,528.0,138.863,138.85,138.87,SOL
2026-01-06 13:38:49+00:00,2026-01-06 13:41:04.204680+00:00,529.0,138.873,138.86,138.88,SOL
2026-01-06 13:38:50+00:00,2026-01-06 13:41:05.223663+00:00,530.0,138.873,138.86,138.88,SOL
2026-01-06 13:38:51+00:00,2026-01-06 13:41:06.209803+00:00,531.0,138.873,138.86,138.88,SOL
2026-01-06 13:38:52+00:00,2026-01-06 13:41:07.237381+00:00,532.0,138.873,138.86,138.88,SOL
2026-01-06 13:38:53+00:00,2026-01-06 13:41:08.214377+00:00,533.0,138.873,138.86,138.88,SOL
2026-01-06 13:38:54+00:00,2026-01-06 13:41:09.215438+00:00,534.0,138.873,138.86,138.88,SOL
2026-01-06 13:38:55+00:00,2026-01-06 13:41:10.220431+00:00,535.0,138.873,138.86,138.89,SOL
2026-01-06 13:38:56+00:00,2026-01-06 13:41:11.220959+00:00,536.0,138.873,138.86,138.89,SOL
2026-01-06 13:38:57+00:00,2026-01-06 13:41:12.232325+00:00,537.0,138.873,138.86,138.88,SOL
2026-01-06 13:38:58+00:00,2026-01-06 13:41:13.223991+00:00,538.0,138.883,138.86,138.89,SOL
2026-01-06 13:38:59+00:00,2026-01-06 13:41:14.240211+00:00,539.0,138.893,138.87,138.9,SOL
2026-01-06 13:39:00+00:00,2026-01-06 13:41:15.250441+00:00,540.0,138.893,138.88,138.9,SOL
2026-01-06 13:39:01+00:00,2026-01-06 13:41:16.242775+00:00,541.0,138.893,138.88,138.9,SOL
2026-01-06 13:39:02+00:00,2026-01-06 13:41:18.259878+00:00,542.0,138.893,138.89,138.9,SOL
2026-01-06 13:39:03+00:00,2026-01-06 13:41:19.283862+00:00,543.0,138.903,138.89,138.9,SOL
2026-01-06 13:39:04+00:00,2026-01-06 13:41:20.273341+00:00,544.0,138.903,138.89,138.91,SOL
2026-01-06 13:39:05+00:00,2026-01-06 13:41:21.276220+00:00,545.0,138.903,138.89,138.91,SOL
2026-01-06 13:39:06+00:00,2026-01-06 13:41:22.296094+00:00,546.0,138.893,138.89,138.9,SOL
2026-01-06 13:39:07+00:00,2026-01-06 13:41:23.312641+00:00,547.0,138.903,138.89,138.9,SOL
2026-01-06 13:39:08+00:00,2026-01-06 13:41:24.331511+00:00,548.0,138.903,138.89,138.9,SOL
2026-01-06 13:39:09+00:00,2026-01-06 13:41:25.325706+00:00,549.0,138.893,138.89,138.9,SOL
2026-01-06 13:39:10+00:00,2026-01-06 13:41:26.348099+00:00,550.0,138.893,138.89,138.9,SOL
2026-01-06 13:39:11+00:00,2026-01-06 13:41:27.329564+00:00,551.0,138.893,138.88,138.9,SOL
2026-01-06 13:39:12+00:00,2026-01-06 13:41:28.351874+00:00,552.0,138.893,138.88,138.9,SOL
2026-01-06 13:39:13+00:00,2026-01-06 13:41:29.359419+00:00,553.0,138.893,138.88,138.9,SOL
2026-01-06 13:39:14+00:00,2026-01-06 13:41:30.394648+00:00,554.0,138.893,138.88,138.9,SOL
2026-01-06 13:39:15+00:00,2026-01-06 13:41:31.392898+00:00,555.0,138.893,138.88,138.9,SOL
2026-01-06 13:39:16+00:00,2026-01-06 13:41:32.393648+00:00,556.0,138.893,138.88,138.9,SOL
2026-01-06 13:39:17+00:00,2026-01-06 13:41:33.449198+00:00,557.0,138.893,138.88,138.9,SOL
2026-01-06 13:39:18+00:00,2026-01-06 13:41:34.412877+00:00,558.0,138.893,138.88,138.9,SOL
2026-01-06 13:39:19+00:00,2026-01-06 13:41:35.421415+00:00,559.0,138.893,138.88,138.9,SOL
2026-01-06 13:39:20+00:00,2026-01-06 13:41:36.476884+00:00,560.0,138.893,138.88,138.9,SOL
2026-01-06 13:39:21+00:00,2026-01-06 13:41:37.492556+00:00,561.0,138.893,138.88,138.9,SOL
2026-01-06 13:39:22+00:00,2026-01-06 13:41:38.494445+00:00,562.0,138.903,138.88,138.91,SOL
2026-01-06 13:39:23+00:00,2026-01-06 13:41:39.508995+00:00,563.0,138.893,138.88,138.9,SOL
2026-01-06 13:39:24+00:00,2026-01-06 13:41:40.525657+00:00,564.0,138.893,138.88,138.9,SOL
2026-01-06 13:39:25+00:00,2026-01-06 13:41:41.540007+00:00,565.0,138.883,138.88,138.89,SOL
2026-01-06 13:39:26+00:00,2026-01-06 13:41:42.537874+00:00,566.0,138.883,138.88,138.89,SOL
2026-01-06 13:39:27+00:00,2026-01-06 13:41:43.550478+00:00,567.0,138.883,138.87,138.89,SOL
2026-01-06 13:39:28+00:00,2026-01-06 13:41:44.557287+00:00,568.0,138.883,138.87,138.89,SOL
2026-01-06 13:39:29+00:00,2026-01-06 13:41:45.561307+00:00,569.0,138.883,138.87,138.89,SOL
2026-01-06 13:39:30+00:00,2026-01-06 13:41:46.556951+00:00,570.0,138.883,138.87,138.89,SOL
2026-01-06 13:39:31+00:00,2026-01-06 13:41:47.573241+00:00,571.0,138.883,138.87,138.89,SOL
2026-01-06 13:39:32+00:00,2026-01-06 13:41:48.591791+00:00,572.0,138.883,138.87,138.89,SOL
2026-01-06 13:39:33+00:00,2026-01-06 13:41:49.585102+00:00,573.0,138.883,138.87,138.89,SOL
2026-01-06 13:39:34+00:00,2026-01-06 13:41:50.593923+00:00,574.0,138.883,138.87,138.89,SOL
2026-01-06 13:39:35+00:00,2026-01-06 13:41:51.595705+00:00,575.0,138.883,138.87,138.89,SOL
2026-01-06 13:39:36+00:00,2026-01-06 13:41:52.603387+00:00,576.0,138.883,138.87,138.89,SOL
2026-01-06 13:39:37+00:00,2026-01-06 13:41:53.610572+00:00,577.0,138.883,138.87,138.89,SOL
2026-01-06 13:39:38+00:00,2026-01-06 13:41:54.608520+00:00,578.0,138.883,138.84,138.88,SOL
2026-01-06 13:39:39+00:00,2026-01-06 13:41:55.610545+00:00,579.0,138.843,138.82,138.86,SOL
2026-01-06 13:39:40+00:00,2026-01-06 13:41:56.623747+00:00,580.0,138.833,138.82,138.84,SOL
2026-01-06 13:39:41+00:00,2026-01-06 13:41:57.631077+00:00,581.0,138.833,138.82,138.84,SOL
2026-01-06 13:39:42+00:00,2026-01-06 13:41:58.624661+00:00,582.0,138.833,138.82,138.84,SOL
2026-01-06 13:39:43+00:00,2026-01-06 13:41:59.621827+00:00,583.0,138.843,138.83,138.84,SOL
2026-01-06 13:39:44+00:00,2026-01-06 13:42:00.646944+00:00,584.0,138.843,138.83,138.84,SOL
2026-01-06 13:39:45+00:00,2026-01-06 13:42:01.697467+00:00,585.0,138.843,138.83,138.85,SOL
2026-01-06 13:39:46+00:00,2026-01-06 13:42:02.711499+00:00,586.0,138.843,138.83,138.84,SOL
2026-01-06 13:39:47+00:00,2026-01-06 13:42:03.709186+00:00,587.0,138.843,138.83,138.84,SOL
2026-01-06 13:39:48+00:00,2026-01-06 13:42:04.709864+00:00,588.0,138.843,138.83,138.84,SOL
2026-01-06 13:39:49+00:00,2026-01-06 13:42:05.702424+00:00,589.0,138.843,138.83,138.84,SOL
2026-01-06 13:39:50+00:00,2026-01-06 13:42:06.720851+00:00,590.0,138.843,138.83,138.84,SOL
2026-01-06 13:39:51+00:00,2026-01-06 13:42:07.728997+00:00,591.0,138.843,138.83,138.84,SOL
2026-01-06 13:39:52+00:00,2026-01-06 13:42:08.743073+00:00,592.0,138.843,138.83,138.87,SOL
2026-01-06 13:39:53+00:00,2026-01-06 13:42:09.757019+00:00,593.0,138.863,138.84,138.87,SOL
2026-01-06 13:39:54+00:00,2026-01-06 13:42:10.758170+00:00,594.0,138.863,138.86,138.87,SOL
2026-01-06 13:39:55+00:00,2026-01-06 13:42:11.757194+00:00,595.0,138.863,138.85,138.87,SOL
2026-01-06 13:39:56+00:00,2026-01-06 13:42:12.755659+00:00,596.0,138.863,138.85,138.87,SOL
2026-01-06 13:39:57+00:00,2026-01-06 13:42:13.755404+00:00,597.0,138.863,138.85,138.87,SOL
2026-01-06 13:39:58+00:00,2026-01-06 13:42:14.763546+00:00,598.0,138.863,138.85,138.87,SOL
2026-01-06 13:39:59+00:00,2026-01-06 13:42:15.756918+00:00,599.0,138.863,138.85,138.87,SOL
2026-01-06 13:40:00+00:00,2026-01-06 13:42:16.774744+00:00,600.0,138.853,138.85,138.86,SOL
2026-01-06 13:40:01+00:00,2026-01-06 13:42:17.796479+00:00,601.0,138.853,138.85,138.86,SOL
2026-01-06 13:40:02+00:00,2026-01-06 13:42:18.816744+00:00,602.0,138.853,138.85,138.87,SOL
2026-01-06 13:40:03+00:00,2026-01-06 13:42:19.814557+00:00,603.0,138.863,138.85,138.87,SOL
2026-01-06 13:40:04+00:00,2026-01-06 13:42:20.808740+00:00,604.0,138.863,138.85,138.87,SOL
2026-01-06 13:40:05+00:00,2026-01-06 13:42:21.824327+00:00,605.0,138.863,138.85,138.87,SOL
2026-01-06 13:40:06+00:00,2026-01-06 13:42:22.825776+00:00,606.0,138.873,138.86,138.87,SOL
2026-01-06 13:40:07+00:00,2026-01-06 13:42:23.828752+00:00,607.0,138.863,138.86,138.87,SOL
2026-01-06 13:40:08+00:00,2026-01-06 13:42:24.843537+00:00,608.0,138.883,138.87,138.89,SOL
2026-01-06 13:40:09+00:00,2026-01-06 13:42:25.858447+00:00,609.0,138.883,138.87,138.9,SOL
2026-01-06 13:40:10+00:00,2026-01-06 13:42:26.857870+00:00,610.0,138.893,138.88,138.9,SOL
2026-01-06 13:40:11+00:00,2026-01-06 13:42:27.877629+00:00,611.0,138.893,138.88,138.89,SOL
2026-01-06 13:40:12+00:00,2026-01-06 13:42:28.885479+00:00,612.0,138.893,138.87,138.89,SOL
2026-01-06 13:40:13+00:00,2026-01-06 13:42:29.871781+00:00,613.0,138.883,138.87,138.89,SOL
2026-01-06 13:40:14+00:00,2026-01-06 13:42:30.873437+00:00,614.0,138.883,138.87,138.89,SOL
2026-01-06 13:40:15+00:00,2026-01-06 13:42:32.891574+00:00,615.0,138.883,138.87,138.89,SOL
2026-01-06 13:40:16+00:00,2026-01-06 13:42:33.892815+00:00,616.0,138.883,138.87,138.89,SOL
2026-01-06 13:40:17+00:00,2026-01-06 13:42:34.893030+00:00,617.0,138.873,138.86,138.88,SOL
2026-01-06 13:40:18+00:00,2026-01-06 13:42:35.896976+00:00,618.0,138.873,138.86,138.88,SOL
2026-01-06 13:40:19+00:00,2026-01-06 13:42:36.942810+00:00,619.0,138.873,138.86,138.87,SOL
2026-01-06 13:40:20+00:00,2026-01-06 13:42:37.923959+00:00,620.0,138.863,138.86,138.88,SOL
2026-01-06 13:40:21+00:00,2026-01-06 13:42:38.942773+00:00,621.0,138.873,138.86,138.89,SOL
2026-01-06 13:40:22+00:00,2026-01-06 13:42:39.943484+00:00,622.0,138.883,138.87,138.9,SOL
2026-01-06 13:40:23+00:00,2026-01-06 13:42:40.958418+00:00,623.0,138.883,138.87,138.9,SOL
2026-01-06 13:40:24+00:00,2026-01-06 13:42:42.007851+00:00,624.0,138.873,138.86,138.89,SOL
2026-01-06 13:40:25+00:00,2026-01-06 13:42:43.003746+00:00,625.0,138.863,138.85,138.87,SOL
2026-01-06 13:40:26+00:00,2026-01-06 13:42:44.008917+00:00,626.0,138.863,138.84,138.87,SOL
2026-01-06 13:40:27+00:00,2026-01-06 13:42:45.045065+00:00,627.0,138.863,138.85,138.87,SOL
2026-01-06 13:40:28+00:00,2026-01-06 13:42:46.041582+00:00,628.0,138.863,138.85,138.87,SOL
2026-01-06 13:40:29+00:00,2026-01-06 13:42:47.057043+00:00,629.0,138.863,138.85,138.87,SOL
2026-01-06 13:40:30+00:00,2026-01-06 13:42:48.073069+00:00,630.0,138.863,138.85,138.87,SOL
2026-01-06 13:40:31+00:00,2026-01-06 13:42:49.082187+00:00,631.0,138.863,138.84,138.87,SOL
2026-01-06 13:40:32+00:00,2026-01-06 13:42:50.097215+00:00,632.0,138.863,138.85,138.87,SOL
2026-01-06 13:40:33+00:00,2026-01-06 13:42:51.123254+00:00,633.0,138.863,138.85,138.87,SOL
2026-01-06 13:40:34+00:00,2026-01-06 13:42:52.134353+00:00,634.0,138.863,138.85,138.87,SOL
2026-01-06 13:40:35+00:00,2026-01-06 13:42:53.159218+00:00,635.0,138.863,138.85,138.87,SOL
2026-01-06 13:40:36+00:00,2026-01-06 13:42:54.153753+00:00,636.0,138.863,138.85,138.87,SOL
2026-01-06 13:40:37+00:00,2026-01-06 13:42:55.156612+00:00,637.0,138.863,138.85,138.87,SOL
2026-01-06 13:40:38+00:00,2026-01-06 13:42:56.149334+00:00,638.0,138.873,138.85,138.88,SOL
2026-01-06 13:40:39+00:00,2026-01-06 13:42:57.163544+00:00,639.0,138.873,138.86,138.88,SOL
2026-01-06 13:40:40+00:00,2026-01-06 13:42:58.200232+00:00,640.0,138.883,138.87,138.88,SOL
2026-01-06 13:40:41+00:00,2026-01-06 13:42:59.185878+00:00,641.0,138.873,138.87,138.88,SOL
2026-01-06 13:40:42+00:00,2026-01-06 13:43:00.193587+00:00,642.0,138.873,138.86,138.88,SOL
2026-01-06 13:40:43+00:00,2026-01-06 13:43:01.215316+00:00,643.0,138.873,138.86,138.88,SOL
2026-01-06 13:40:44+00:00,2026-01-06 13:43:02.194259+00:00,644.0,138.873,138.86,138.88,SOL
2026-01-06 13:40:45+00:00,2026-01-06 13:43:03.184651+00:00,645.0,138.873,138.86,138.88,SOL
2026-01-06 13:40:46+00:00,2026-01-06 13:43:04.196723+00:00,646.0,138.873,138.86,138.89,SOL
2026-01-06 13:40:47+00:00,2026-01-06 13:43:05.199072+00:00,647.0,138.873,138.87,138.89,SOL
2026-01-06 13:40:48+00:00,2026-01-06 13:43:06.202997+00:00,648.0,138.873,138.87,138.89,SOL
2026-01-06 13:40:49+00:00,2026-01-06 13:43:07.207547+00:00,649.0,138.873,138.87,138.89,SOL
2026-01-06 13:40:50+00:00,2026-01-06 13:43:08.204738+00:00,650.0,138.873,138.87,138.88,SOL
2026-01-06 13:40:51+00:00,2026-01-06 13:43:09.210246+00:00,651.0,138.873,138.87,138.88,SOL
2026-01-06 13:40:52+00:00,2026-01-06 13:43:10.219983+00:00,652.0,138.873,138.87,138.88,SOL
2026-01-06 13:40:53+00:00,2026-01-06 13:43:11.228060+00:00,653.0,138.873,138.87,138.88,SOL
2026-01-06 13:40:54+00:00,2026-01-06 13:43:12.234236+00:00,654.0,138.873,138.87,138.88,SOL
2026-01-06 13:40:55+00:00,2026-01-06 13:43:13.252357+00:00,655.0,138.873,138.87,138.88,SOL
2026-01-06 13:40:56+00:00,2026-01-06 13:43:14.269459+00:00,656.0,138.873,138.87,138.88,SOL
2026-01-06 13:40:57+00:00,2026-01-06 13:43:15.291573+00:00,657.0,138.873,138.87,138.88,SOL
2026-01-06 13:40:58+00:00,2026-01-06 13:43:16.299680+00:00,658.0,138.873,138.87,138.89,SOL
2026-01-06 13:40:59+00:00,2026-01-06 13:43:17.293500+00:00,659.0,138.873,138.87,138.89,SOL
2026-01-06 13:41:00+00:00,2026-01-06 13:43:18.312568+00:00,660.0,138.883,138.87,138.89,SOL
2026-01-06 13:41:01+00:00,2026-01-06 13:43:19.306650+00:00,661.0,138.893,138.88,138.9,SOL
2026-01-06 13:41:02+00:00,2026-01-06 13:43:20.324345+00:00,662.0,138.913,138.89,138.92,SOL
2026-01-06 13:41:03+00:00,2026-01-06 13:43:21.323026+00:00,663.0,138.913,138.89,138.92,SOL
2026-01-06 13:41:04+00:00,2026-01-06 13:43:22.327305+00:00,664.0,138.923,138.9,138.93,SOL
2026-01-06 13:41:05+00:00,2026-01-06 13:43:23.325795+00:00,665.0,138.923,138.9,138.93,SOL
2026-01-06 13:41:06+00:00,2026-01-06 13:43:24.338684+00:00,666.0,138.923,138.9,138.93,SOL
2026-01-06 13:41:07+00:00,2026-01-06 13:43:25.342549+00:00,667.0,138.923,138.9,138.93,SOL
2026-01-06 13:41:08+00:00,2026-01-06 13:43:26.343786+00:00,668.0,138.923,138.9,138.93,SOL
2026-01-06 13:41:09+00:00,2026-01-06 13:43:27.355871+00:00,669.0,138.913,138.9,138.92,SOL
2026-01-06 13:41:10+00:00,2026-01-06 13:43:28.372578+00:00,670.0,138.913,138.9,138.92,SOL
2026-01-06 13:41:11+00:00,2026-01-06 13:43:29.389226+00:00,671.0,138.903,138.9,138.91,SOL
2026-01-06 13:41:12+00:00,2026-01-06 13:43:30.411947+00:00,672.0,138.903,138.89,138.91,SOL
2026-01-06 13:41:13+00:00,2026-01-06 13:43:31.407902+00:00,673.0,138.903,138.89,138.91,SOL
2026-01-06 13:41:14+00:00,2026-01-06 13:43:32.403875+00:00,674.0,138.903,138.89,138.91,SOL
2026-01-06 13:41:15+00:00,2026-01-06 13:43:33.429800+00:00,675.0,138.903,138.89,138.91,SOL
2026-01-06 13:41:16+00:00,2026-01-06 13:43:34.406863+00:00,676.0,138.903,138.89,138.91,SOL
2026-01-06 13:41:17+00:00,2026-01-06 13:43:35.410455+00:00,677.0,138.903,138.89,138.91,SOL
2026-01-06 13:41:18+00:00,2026-01-06 13:43:36.414143+00:00,678.0,138.903,138.89,138.91,SOL
2026-01-06 13:41:19+00:00,2026-01-06 13:43:37.423770+00:00,679.0,138.903,138.9,138.91,SOL
2026-01-06 13:41:20+00:00,2026-01-06 13:43:38.453748+00:00,680.0,138.903,138.9,138.91,SOL
2026-01-06 13:41:21+00:00,2026-01-06 13:43:39.473537+00:00,681.0,138.903,138.9,138.91,SOL
2026-01-06 13:41:22+00:00,2026-01-06 13:43:40.465579+00:00,682.0,138.913,138.9,138.92,SOL
2026-01-06 13:41:23+00:00,2026-01-06 13:43:41.471098+00:00,683.0,138.913,138.9,138.92,SOL
2026-01-06 13:41:24+00:00,2026-01-06 13:43:42.492769+00:00,684.0,138.913,138.9,138.91,SOL
2026-01-06 13:41:25+00:00,2026-01-06 13:43:43.488440+00:00,685.0,138.913,138.9,138.91,SOL
2026-01-06 13:41:26+00:00,2026-01-06 13:43:44.507976+00:00,686.0,138.913,138.9,138.91,SOL
2026-01-06 13:41:27+00:00,2026-01-06 13:43:45.529378+00:00,687.0,138.913,138.9,138.91,SOL
2026-01-06 13:41:28+00:00,2026-01-06 13:43:46.536773+00:00,688.0,138.913,138.9,138.91,SOL
2026-01-06 13:41:29+00:00,2026-01-06 13:43:47.537228+00:00,689.0,138.913,138.9,138.91,SOL
2026-01-06 13:41:30+00:00,2026-01-06 13:43:48.539873+00:00,690.0,138.913,138.9,138.92,SOL
2026-01-06 13:41:31+00:00,2026-01-06 13:43:49.537905+00:00,691.0,138.913,138.9,138.92,SOL
2026-01-06 13:41:32+00:00,2026-01-06 13:43:50.574922+00:00,692.0,138.913,138.9,138.91,SOL
2026-01-06 13:41:33+00:00,2026-01-06 13:43:51.556049+00:00,693.0,138.903,138.9,138.91,SOL
2026-01-06 13:41:34+00:00,2026-01-06 13:43:52.554421+00:00,694.0,138.903,138.9,138.91,SOL
2026-01-06 13:41:35+00:00,2026-01-06 13:43:53.555663+00:00,695.0,138.903,138.9,138.91,SOL
2026-01-06 13:41:36+00:00,2026-01-06 13:43:54.555920+00:00,696.0,138.903,138.9,138.91,SOL
2026-01-06 13:41:37+00:00,2026-01-06 13:43:55.555799+00:00,697.0,138.893,138.88,138.9,SOL
2026-01-06 13:41:38+00:00,2026-01-06 13:43:56.553786+00:00,698.0,138.893,138.88,138.9,SOL
2026-01-06 13:41:39+00:00,2026-01-06 13:43:57.591307+00:00,699.0,138.893,138.88,138.9,SOL
2026-01-06 13:41:40+00:00,2026-01-06 13:43:58.586901+00:00,700.0,138.893,138.88,138.9,SOL
2026-01-06 13:41:41+00:00,2026-01-06 13:43:59.588777+00:00,701.0,138.893,138.88,138.91,SOL
2026-01-06 13:41:42+00:00,2026-01-06 13:44:00.599118+00:00,702.0,138.893,138.88,138.9,SOL
2026-01-06 13:41:43+00:00,2026-01-06 13:44:01.598729+00:00,703.0,138.893,138.88,138.91,SOL
2026-01-06 13:41:44+00:00,2026-01-06 13:44:02.586353+00:00,704.0,138.893,138.88,138.91,SOL
2026-01-06 13:41:45+00:00,2026-01-06 13:44:03.644710+00:00,705.0,138.893,138.88,138.9,SOL
2026-01-06 13:41:46+00:00,2026-01-06 13:44:04.635965+00:00,706.0,138.903,138.88,138.91,SOL
2026-01-06 13:41:47+00:00,2026-01-06 13:44:05.651617+00:00,707.0,138.903,138.88,138.91,SOL
2026-01-06 13:41:48+00:00,2026-01-06 13:44:06.669420+00:00,708.0,138.903,138.88,138.9,SOL
2026-01-06 13:41:49+00:00,2026-01-06 13:44:07.688478+00:00,709.0,138.893,138.89,138.9,SOL
2026-01-06 13:41:50+00:00,2026-01-06 13:44:08.691432+00:00,710.0,138.893,138.89,138.9,SOL
2026-01-06 13:41:51+00:00,2026-01-06 13:44:09.720561+00:00,711.0,138.903,138.89,138.9,SOL
2026-01-06 13:41:52+00:00,2026-01-06 13:44:10.733727+00:00,712.0,138.903,138.89,138.9,SOL
2026-01-06 13:41:53+00:00,2026-01-06 13:44:11.712497+00:00,713.0,138.903,138.89,138.9,SOL
2026-01-06 13:41:54+00:00,2026-01-06 13:44:12.713479+00:00,714.0,138.903,138.89,138.9,SOL
2026-01-06 13:41:55+00:00,2026-01-06 13:44:13.734347+00:00,715.0,138.903,138.89,138.9,SOL
2026-01-06 13:41:56+00:00,2026-01-06 13:44:14.752024+00:00,716.0,138.903,138.89,138.9,SOL
2026-01-06 13:41:57+00:00,2026-01-06 13:44:15.751111+00:00,717.0,138.893,138.89,138.9,SOL
2026-01-06 13:41:58+00:00,2026-01-06 13:44:16.748577+00:00,718.0,138.893,138.88,138.9,SOL
2026-01-06 13:41:59+00:00,2026-01-06 13:44:17.768276+00:00,719.0,138.893,138.88,138.9,SOL
2026-01-06 13:42:00+00:00,2026-01-06 13:44:18.769812+00:00,720.0,138.883,138.86,138.89,SOL
2026-01-06 13:42:01+00:00,2026-01-06 13:44:19.788231+00:00,721.0,138.873,138.85,138.88,SOL
2026-01-06 13:42:02+00:00,2026-01-06 13:44:20.785476+00:00,722.0,138.863,138.86,138.88,SOL
2026-01-06 13:42:03+00:00,2026-01-06 13:44:21.766852+00:00,723.0,138.873,138.86,138.87,SOL
2026-01-06 13:42:04+00:00,2026-01-06 13:44:22.784450+00:00,724.0,138.873,138.86,138.88,SOL
2026-01-06 13:42:05+00:00,2026-01-06 13:44:23.802448+00:00,725.0,138.863,138.86,138.87,SOL
2026-01-06 13:42:06+00:00,2026-01-06 13:44:24.803563+00:00,726.0,138.873,138.86,138.87,SOL
2026-01-06 13:42:07+00:00,2026-01-06 13:44:25.806961+00:00,727.0,138.873,138.86,138.87,SOL
2026-01-06 13:42:08+00:00,2026-01-06 13:44:26.812509+00:00,728.0,138.873,138.86,138.88,SOL
2026-01-06 13:42:09+00:00,2026-01-06 13:44:27.804820+00:00,729.0,138.873,138.86,138.88,SOL
2026-01-06 13:42:10+00:00,2026-01-06 13:44:28.820326+00:00,730.0,138.873,138.86,138.88,SOL
2026-01-06 13:42:11+00:00,2026-01-06 13:44:29.843201+00:00,731.0,138.873,138.86,138.88,SOL
2026-01-06 13:42:12+00:00,2026-01-06 13:44:30.893322+00:00,732.0,138.873,138.86,138.88,SOL
2026-01-06 13:42:13+00:00,2026-01-06 13:44:31.833807+00:00,733.0,138.873,138.86,138.88,SOL
2026-01-06 13:42:14+00:00,2026-01-06 13:44:32.842729+00:00,734.0,138.873,138.86,138.88,SOL
2026-01-06 13:42:15+00:00,2026-01-06 13:44:33.852099+00:00,735.0,138.873,138.86,138.88,SOL
2026-01-06 13:42:16+00:00,2026-01-06 13:44:35.866860+00:00,736.0,138.873,138.85,138.87,SOL
2026-01-06 13:42:17+00:00,2026-01-06 13:44:36.874039+00:00,737.0,138.863,138.85,138.87,SOL
2026-01-06 13:42:18+00:00,2026-01-06 13:44:37.889967+00:00,738.0,138.863,138.85,138.87,SOL
2026-01-06 13:42:19+00:00,2026-01-06 13:44:38.898488+00:00,739.0,138.863,138.85,138.87,SOL
2026-01-06 13:42:20+00:00,2026-01-06 13:44:39.935075+00:00,740.0,138.863,138.85,138.88,SOL
2026-01-06 13:42:21+00:00,2026-01-06 13:44:40.945411+00:00,741.0,138.863,138.85,138.88,SOL
2026-01-06 13:42:22+00:00,2026-01-06 13:44:41.951839+00:00,742.0,138.863,138.85,138.87,SOL
2026-01-06 13:42:23+00:00,2026-01-06 13:44:42.951882+00:00,743.0,138.863,138.86,138.87,SOL
2026-01-06 13:42:24+00:00,2026-01-06 13:44:43.999255+00:00,744.0,138.863,138.86,138.87,SOL
2026-01-06 13:42:25+00:00,2026-01-06 13:44:45.005365+00:00,745.0,138.873,138.86,138.88,SOL
2026-01-06 13:42:26+00:00,2026-01-06 13:44:46.026109+00:00,746.0,138.863,138.86,138.88,SOL
2026-01-06 13:42:27+00:00,2026-01-06 13:44:47.036532+00:00,747.0,138.863,138.86,138.88,SOL
2026-01-06 13:42:28+00:00,2026-01-06 13:44:48.046648+00:00,748.0,138.863,138.86,138.87,SOL
2026-01-06 13:42:29+00:00,2026-01-06 13:44:49.052681+00:00,749.0,138.863,138.86,138.87,SOL
2026-01-06 13:42:30+00:00,2026-01-06 13:44:50.052479+00:00,750.0,138.863,138.86,138.87,SOL
2026-01-06 13:42:31+00:00,2026-01-06 13:44:51.069617+00:00,751.0,138.863,138.85,138.87,SOL
2026-01-06 13:42:32+00:00,2026-01-06 13:44:52.069467+00:00,752.0,138.863,138.85,138.87,SOL
2026-01-06 13:42:33+00:00,2026-01-06 13:44:53.067182+00:00,753.0,138.863,138.86,138.87,SOL
2026-01-06 13:42:34+00:00,2026-01-06 13:44:54.066318+00:00,754.0,138.863,138.86,138.87,SOL
2026-01-06 13:42:35+00:00,2026-01-06 13:44:55.071295+00:00,755.0,138.863,138.86,138.87,SOL
2026-01-06 13:42:36+00:00,2026-01-06 13:44:56.084868+00:00,756.0,138.873,138.86,138.87,SOL
2026-01-06 13:42:37+00:00,2026-01-06 13:44:57.087043+00:00,757.0,138.863,138.86,138.88,SOL
2026-01-06 13:42:38+00:00,2026-01-06 13:44:58.066755+00:00,758.0,138.863,138.86,138.88,SOL
2026-01-06 13:42:39+00:00,2026-01-06 13:44:59.081965+00:00,759.0,138.863,138.86,138.88,SOL
2026-01-06 13:42:40+00:00,2026-01-06 13:45:00.082384+00:00,760.0,138.873,138.86,138.88,SOL
2026-01-06 13:42:41+00:00,2026-01-06 13:45:01.086277+00:00,761.0,138.873,138.86,138.88,SOL
2026-01-06 13:42:42+00:00,2026-01-06 13:45:02.099345+00:00,762.0,138.873,138.86,138.88,SOL
2026-01-06 13:42:43+00:00,2026-01-06 13:45:03.100680+00:00,763.0,138.873,138.86,138.88,SOL
2026-01-06 13:42:44+00:00,2026-01-06 13:45:04.105870+00:00,764.0,138.873,138.86,138.88,SOL
2026-01-06 13:42:45+00:00,2026-01-06 13:45:05.103373+00:00,765.0,138.873,138.86,138.88,SOL
2026-01-06 13:42:46+00:00,2026-01-06 13:45:06.114523+00:00,766.0,138.873,138.86,138.88,SOL
2026-01-06 13:42:47+00:00,2026-01-06 13:45:07.109835+00:00,767.0,138.873,138.87,138.88,SOL
2026-01-06 13:42:48+00:00,2026-01-06 13:45:08.106387+00:00,768.0,138.883,138.87,138.89,SOL
2026-01-06 13:42:49+00:00,2026-01-06 13:45:09.118626+00:00,769.0,138.883,138.87,138.89,SOL
2026-01-06 13:42:50+00:00,2026-01-06 13:45:10.136216+00:00,770.0,138.883,138.87,138.89,SOL
2026-01-06 13:42:51+00:00,2026-01-06 13:45:11.134452+00:00,771.0,138.883,138.87,138.89,SOL
2026-01-06 13:42:52+00:00,2026-01-06 13:45:12.196956+00:00,772.0,138.883,138.87,138.88,SOL
2026-01-06 13:42:53+00:00,2026-01-06 13:45:13.164047+00:00,773.0,138.883,138.87,138.88,SOL
2026-01-06 13:42:54+00:00,2026-01-06 13:45:14.146449+00:00,774.0,138.883,138.87,138.89,SOL
2026-01-06 13:42:55+00:00,2026-01-06 13:45:15.153526+00:00,775.0,138.883,138.87,138.89,SOL
2026-01-06 13:42:56+00:00,2026-01-06 13:45:16.167878+00:00,776.0,138.883,138.87,138.89,SOL
2026-01-06 13:42:57+00:00,2026-01-06 13:45:17.178674+00:00,777.0,138.883,138.87,138.89,SOL
2026-01-06 13:42:58+00:00,2026-01-06 13:45:18.196462+00:00,778.0,138.883,138.87,138.89,SOL
2026-01-06 13:43:00+00:00,2026-01-06 13:45:19.239711+00:00,780.0,138.883,138.87,138.89,SOL
2026-01-06 13:43:01+00:00,2026-01-06 13:45:20.271674+00:00,781.0,138.883,138.87,138.89,SOL
2026-01-06 13:43:02+00:00,2026-01-06 13:45:21.254430+00:00,782.0,138.883,138.87,138.89,SOL
2026-01-06 13:43:03+00:00,2026-01-06 13:45:22.269176+00:00,783.0,138.883,138.87,138.88,SOL
2026-01-06 13:43:04+00:00,2026-01-06 13:45:23.262551+00:00,784.0,138.883,138.87,138.88,SOL
2026-01-06 13:43:05+00:00,2026-01-06 13:45:25.269159+00:00,785.0,138.873,138.87,138.88,SOL
2026-01-06 13:43:06+00:00,2026-01-06 13:45:26.264481+00:00,786.0,138.873,138.87,138.88,SOL
2026-01-06 13:43:07+00:00,2026-01-06 13:45:27.285165+00:00,787.0,138.873,138.87,138.89,SOL
2026-01-06 13:43:08+00:00,2026-01-06 13:45:28.283957+00:00,788.0,138.873,138.87,138.89,SOL
2026-01-06 13:43:09+00:00,2026-01-06 13:45:29.278940+00:00,789.0,138.873,138.87,138.88,SOL
2026-01-06 13:43:11+00:00,2026-01-06 13:45:30.377266+00:00,791.0,138.873,138.86,138.88,SOL
2026-01-06 13:43:12+00:00,2026-01-06 13:45:32.308847+00:00,792.0,138.873,138.86,138.88,SOL
2026-01-06 13:43:13+00:00,2026-01-06 13:45:33.311897+00:00,793.0,138.873,138.86,138.88,SOL
2026-01-06 13:43:15+00:00,2026-01-06 13:45:34.366772+00:00,795.0,138.873,138.86,138.87,SOL
2026-01-06 13:43:16+00:00,2026-01-06 13:45:35.377055+00:00,796.0,138.863,138.86,138.87,SOL
2026-01-06 13:43:17+00:00,2026-01-06 13:45:36.430963+00:00,797.0,138.863,138.86,138.88,SOL
2026-01-06 13:43:18+00:00,2026-01-06 13:45:37.376204+00:00,798.0,138.863,138.86,138.87,SOL
2026-01-06 13:43:19+00:00,2026-01-06 13:45:38.419655+00:00,799.0,138.863,138.86,138.88,SOL
2026-01-06 13:43:20+00:00,2026-01-06 13:45:39.454605+00:00,800.0,138.863,138.86,138.88,SOL
2026-01-06 13:43:21+00:00,2026-01-06 13:45:40.454907+00:00,801.0,138.873,138.86,138.88,SOL
2026-01-06 13:43:22+00:00,2026-01-06 13:45:41.473155+00:00,802.0,138.873,138.86,138.88,SOL
2026-01-06 13:43:23+00:00,2026-01-06 13:45:42.473441+00:00,803.0,138.873,138.86,138.88,SOL
2026-01-06 13:43:24+00:00,2026-01-06 13:45:43.465801+00:00,804.0,138.873,138.86,138.87,SOL
2026-01-06 13:43:25+00:00,2026-01-06 13:45:44.465921+00:00,805.0,138.873,138.86,138.87,SOL
2026-01-06 13:43:26+00:00,2026-01-06 13:45:45.480425+00:00,806.0,138.873,138.86,138.87,SOL
2026-01-06 13:43:27+00:00,2026-01-06 13:45:46.472706+00:00,807.0,138.873,138.86,138.87,SOL
2026-01-06 13:43:28+00:00,2026-01-06 13:45:48.540894+00:00,808.0,138.863,138.86,138.87,SOL
2026-01-06 13:43:29+00:00,2026-01-06 13:45:49.538956+00:00,809.0,138.863,138.86,138.87,SOL
2026-01-06 13:43:30+00:00,2026-01-06 13:45:50.550660+00:00,810.0,138.873,138.86,138.87,SOL
2026-01-06 13:43:31+00:00,2026-01-06 13:45:51.553004+00:00,811.0,138.873,138.86,138.88,SOL
2026-01-06 13:43:32+00:00,2026-01-06 13:45:52.557803+00:00,812.0,138.873,138.86,138.88,SOL
2026-01-06 13:43:33+00:00,2026-01-06 13:45:53.565440+00:00,813.0,138.873,138.86,138.88,SOL
2026-01-06 13:43:34+00:00,2026-01-06 13:45:54.562472+00:00,814.0,138.873,138.86,138.88,SOL
2026-01-06 13:43:35+00:00,2026-01-06 13:45:55.570198+00:00,815.0,138.873,138.86,138.88,SOL
2026-01-06 13:43:36+00:00,2026-01-06 13:45:56.586539+00:00,816.0,138.863,138.86,138.88,SOL
2026-01-06 13:43:37+00:00,2026-01-06 13:45:57.585270+00:00,817.0,138.863,138.86,138.87,SOL
2026-01-06 13:43:38+00:00,2026-01-06 13:45:58.589933+00:00,818.0,138.873,138.86,138.87,SOL
2026-01-06 13:43:39+00:00,2026-01-06 13:45:59.608533+00:00,819.0,138.873,138.85,138.88,SOL
2026-01-06 13:43:40+00:00,2026-01-06 13:46:00.618202+00:00,820.0,138.873,138.86,138.88,SOL
2026-01-06 13:43:41+00:00,2026-01-06 13:46:01.633184+00:00,821.0,138.873,138.86,138.88,SOL
2026-01-06 13:43:42+00:00,2026-01-06 13:46:02.634920+00:00,822.0,138.873,138.86,138.88,SOL
2026-01-06 13:43:43+00:00,2026-01-06 13:46:03.972409+00:00,823.0,138.873,138.86,138.88,SOL
2026-01-06 13:43:44+00:00,2026-01-06 13:46:04.948758+00:00,824.0,138.873,138.86,138.88,SOL
2026-01-06 13:43:45+00:00,2026-01-06 13:46:06.003939+00:00,825.0,138.873,138.86,138.88,SOL
2026-01-06 13:43:47+00:00,2026-01-06 13:46:06.983802+00:00,827.0,138.873,138.86,138.88,SOL
2026-01-06 13:43:48+00:00,2026-01-06 13:46:08.015690+00:00,828.0,138.873,138.86,138.88,SOL
2026-01-06 13:43:49+00:00,2026-01-06 13:46:09.034090+00:00,829.0,138.873,138.86,138.88,SOL
2026-01-06 13:43:50+00:00,2026-01-06 13:46:10.031066+00:00,830.0,138.873,138.86,138.87,SOL
2026-01-06 13:43:51+00:00,2026-01-06 13:46:11.062586+00:00,831.0,138.873,138.86,138.87,SOL
2026-01-06 13:43:52+00:00,2026-01-06 13:46:12.093135+00:00,832.0,138.873,138.86,138.87,SOL
2026-01-06 13:43:53+00:00,2026-01-06 13:46:14.092162+00:00,833.0,138.873,138.86,138.88,SOL
2026-01-06 13:43:54+00:00,2026-01-06 13:46:15.103040+00:00,834.0,138.873,138.86,138.88,SOL
2026-01-06 13:43:55+00:00,2026-01-06 13:46:16.101813+00:00,835.0,138.873,138.86,138.88,SOL
2026-01-06 13:43:56+00:00,2026-01-06 13:46:17.098765+00:00,836.0,138.873,138.86,138.88,SOL
2026-01-06 13:43:57+00:00,2026-01-06 13:46:18.147724+00:00,837.0,138.873,138.86,138.88,SOL
2026-01-06 13:43:58+00:00,2026-01-06 13:46:19.150645+00:00,838.0,138.873,138.86,138.88,SOL
2026-01-06 13:43:59+00:00,2026-01-06 13:46:20.171452+00:00,839.0,138.873,138.86,138.88,SOL
2026-01-06 13:44:00+00:00,2026-01-06 13:46:21.179670+00:00,840.0,138.873,138.86,138.88,SOL
2026-01-06 13:44:01+00:00,2026-01-06 13:46:22.178030+00:00,841.0,138.873,138.86,138.88,SOL
2026-01-06 13:44:02+00:00,2026-01-06 13:46:23.186802+00:00,842.0,138.873,138.86,138.88,SOL
2026-01-06 13:44:03+00:00,2026-01-06 13:46:24.181636+00:00,843.0,138.853,138.85,138.86,SOL
2026-01-06 13:44:04+00:00,2026-01-06 13:46:25.208757+00:00,844.0,138.843,138.83,138.85,SOL
2026-01-06 13:44:05+00:00,2026-01-06 13:46:26.199969+00:00,845.0,138.843,138.83,138.85,SOL
2026-01-06 13:44:07+00:00,2026-01-06 13:46:27.254836+00:00,847.0,138.843,138.83,138.85,SOL
2026-01-06 13:44:08+00:00,2026-01-06 13:46:28.266797+00:00,848.0,138.843,138.83,138.85,SOL
2026-01-06 13:44:09+00:00,2026-01-06 13:46:29.258968+00:00,849.0,138.833,138.83,138.85,SOL
2026-01-06 13:44:10+00:00,2026-01-06 13:46:30.254331+00:00,850.0,138.843,138.83,138.85,SOL
2026-01-06 13:44:11+00:00,2026-01-06 13:46:31.268743+00:00,851.0,138.843,138.83,138.85,SOL
2026-01-06 13:44:12+00:00,2026-01-06 13:46:32.267564+00:00,852.0,138.843,138.83,138.85,SOL
2026-01-06 13:44:13+00:00,2026-01-06 13:46:33.240356+00:00,853.0,138.823,138.81,138.84,SOL
2026-01-06 13:44:14+00:00,2026-01-06 13:46:34.244344+00:00,854.0,138.823,138.81,138.83,SOL
2026-01-06 13:44:15+00:00,2026-01-06 13:46:35.263405+00:00,855.0,138.813,138.81,138.83,SOL
2026-01-06 13:44:16+00:00,2026-01-06 13:46:36.258684+00:00,856.0,138.823,138.81,138.83,SOL
2026-01-06 13:44:17+00:00,2026-01-06 13:46:38.278714+00:00,857.0,138.813,138.81,138.82,SOL
2026-01-06 13:44:18+00:00,2026-01-06 13:46:39.295344+00:00,858.0,138.813,138.8,138.82,SOL
2026-01-06 13:44:19+00:00,2026-01-06 13:46:40.298649+00:00,859.0,138.813,138.8,138.82,SOL
2026-01-06 13:44:20+00:00,2026-01-06 13:46:41.296506+00:00,860.0,138.813,138.8,138.82,SOL
2026-01-06 13:44:21+00:00,2026-01-06 13:46:42.297229+00:00,861.0,138.813,138.8,138.81,SOL
2026-01-06 13:44:22+00:00,2026-01-06 13:46:43.311100+00:00,862.0,138.813,138.8,138.82,SOL
2026-01-06 13:44:23+00:00,2026-01-06 13:46:44.302620+00:00,863.0,138.813,138.8,138.82,SOL
2026-01-06 13:44:24+00:00,2026-01-06 13:46:45.321490+00:00,864.0,138.813,138.8,138.82,SOL
2026-01-06 13:44:25+00:00,2026-01-06 13:46:46.331335+00:00,865.0,138.813,138.8,138.82,SOL
2026-01-06 13:44:26+00:00,2026-01-06 13:46:47.332744+00:00,866.0,138.813,138.8,138.82,SOL
2026-01-06 13:44:27+00:00,2026-01-06 13:46:48.355997+00:00,867.0,138.813,138.8,138.82,SOL
2026-01-06 13:44:28+00:00,2026-01-06 13:46:49.374234+00:00,868.0,138.813,138.8,138.82,SOL
2026-01-06 13:44:29+00:00,2026-01-06 13:46:50.371302+00:00,869.0,138.813,138.8,138.82,SOL
2026-01-06 13:44:30+00:00,2026-01-06 13:46:51.399814+00:00,870.0,138.803,138.8,138.81,SOL
2026-01-06 13:44:31+00:00,2026-01-06 13:46:52.443693+00:00,871.0,138.803,138.79,138.81,SOL
2026-01-06 13:44:32+00:00,2026-01-06 13:46:53.449922+00:00,872.0,138.803,138.79,138.8,SOL
2026-01-06 13:44:33+00:00,2026-01-06 13:46:54.445957+00:00,873.0,138.793,138.79,138.8,SOL
2026-01-06 13:44:34+00:00,2026-01-06 13:46:55.450859+00:00,874.0,138.793,138.79,138.8,SOL
2026-01-06 13:44:35+00:00,2026-01-06 13:46:56.457316+00:00,875.0,138.793,138.79,138.8,SOL
2026-01-06 13:44:36+00:00,2026-01-06 13:46:57.454343+00:00,876.0,138.793,138.78,138.8,SOL
2026-01-06 13:44:37+00:00,2026-01-06 13:46:58.444490+00:00,877.0,138.793,138.78,138.8,SOL
2026-01-06 13:44:38+00:00,2026-01-06 13:46:59.447942+00:00,878.0,138.793,138.78,138.8,SOL
2026-01-06 13:44:39+00:00,2026-01-06 13:47:00.472025+00:00,879.0,138.793,138.77,138.8,SOL
2026-01-06 13:44:40+00:00,2026-01-06 13:47:01.462550+00:00,880.0,138.783,138.77,138.79,SOL
2026-01-06 13:44:41+00:00,2026-01-06 13:47:02.479681+00:00,881.0,138.783,138.77,138.79,SOL
2026-01-06 13:44:42+00:00,2026-01-06 13:47:03.496301+00:00,882.0,138.783,138.77,138.79,SOL
2026-01-06 13:44:43+00:00,2026-01-06 13:47:04.513460+00:00,883.0,138.783,138.78,138.8,SOL
2026-01-06 13:44:44+00:00,2026-01-06 13:47:05.511550+00:00,884.0,138.793,138.78,138.8,SOL
2026-01-06 13:44:45+00:00,2026-01-06 13:47:06.532972+00:00,885.0,138.793,138.78,138.8,SOL
2026-01-06 13:44:46+00:00,2026-01-06 13:47:07.536458+00:00,886.0,138.793,138.78,138.81,SOL
2026-01-06 13:44:47+00:00,2026-01-06 13:47:08.534708+00:00,887.0,138.793,138.78,138.81,SOL
2026-01-06 13:44:48+00:00,2026-01-06 13:47:09.538749+00:00,888.0,138.793,138.78,138.81,SOL
2026-01-06 13:44:49+00:00,2026-01-06 13:47:10.528223+00:00,889.0,138.793,138.78,138.81,SOL
2026-01-06 13:44:50+00:00,2026-01-06 13:47:11.556132+00:00,890.0,138.793,138.78,138.8,SOL
2026-01-06 13:44:51+00:00,2026-01-06 13:47:12.576365+00:00,891.0,138.793,138.78,138.8,SOL
2026-01-06 13:44:52+00:00,2026-01-06 13:47:13.593827+00:00,892.0,138.793,138.78,138.8,SOL
2026-01-06 13:44:53+00:00,2026-01-06 13:47:14.577966+00:00,893.0,138.793,138.78,138.8,SOL
2026-01-06 13:44:54+00:00,2026-01-06 13:47:15.581000+00:00,894.0,138.783,138.78,138.8,SOL
2026-01-06 13:44:55+00:00,2026-01-06 13:47:16.584150+00:00,895.0,138.793,138.78,138.8,SOL
2026-01-06 13:44:56+00:00,2026-01-06 13:47:17.597177+00:00,896.0,138.793,138.78,138.8,SOL
2026-01-06 13:44:57+00:00,2026-01-06 13:47:18.593956+00:00,897.0,138.793,138.78,138.8,SOL
2026-01-06 13:44:58+00:00,2026-01-06 13:47:19.597035+00:00,898.0,138.793,138.78,138.8,SOL
2026-01-06 13:44:59+00:00,2026-01-06 13:47:20.614616+00:00,899.0,138.793,138.78,138.8,SOL
