timestamp,collected_at,seconds,up_mid,up_best_bid,up_best_ask,down_mid,down_best_bid,down_best_ask,up_best_bid_size,up_best_ask_size,down_best_bid_size,down_best_ask_size
2026-01-06 13:30:03.631000+00:00,2026-01-06 13:30:04.054451+00:00,3.631,0.51,0.5,0.52,0.49,0.48,0.5,,,,
2026-01-06 13:30:04.652000+00:00,2026-01-06 13:30:05.049533+00:00,4.652,0.505,0.5,0.51,0.495,0.49,0.5,,,,
2026-01-06 13:30:05.671000+00:00,2026-01-06 13:30:06.066609+00:00,5.671,0.485,0.48,0.49,0.515,0.51,0.52,,,,
2026-01-06 13:30:06.358000+00:00,2026-01-06 13:30:07.058606+00:00,6.358,0.485,0.48,0.49,0.515,0.51,0.52,,,,
2026-01-06 13:30:07.696000+00:00,2026-01-06 13:30:08.079723+00:00,7.696,0.485,0.48,0.49,0.515,0.51,0.52,,,,
2026-01-06 13:30:08.526000+00:00,2026-01-06 13:30:09.095514+00:00,8.526,0.485,0.48,0.49,0.52,0.51,0.53,,,,
2026-01-06 13:30:09.533000+00:00,2026-01-06 13:30:10.098660+00:00,9.533,0.49,0.48,0.5,0.51,0.5,0.52,,,,
2026-01-06 13:30:10.541000+00:00,2026-01-06 13:30:11.104786+00:00,10.541,0.49,0.48,0.5,0.525,0.52,0.53,,,,
2026-01-06 13:30:11.779000+00:00,2026-01-06 13:30:12.125847+00:00,11.779,0.47,0.46,0.48,0.53,0.52,0.54,,,,
2026-01-06 13:30:12.716000+00:00,2026-01-06 13:30:13.142059+00:00,12.716,0.47,0.46,0.48,0.53,0.52,0.54,,,,
2026-01-06 13:30:13.648000+00:00,2026-01-06 13:30:14.133835+00:00,13.648,0.47,0.46,0.48,0.53,0.52,0.54,,,,
2026-01-06 13:30:14.573000+00:00,2026-01-06 13:30:15.128719+00:00,14.573,0.4649999999999999,0.46,0.47,0.535,0.53,0.54,,,,
2026-01-06 13:30:15.766000+00:00,2026-01-06 13:30:16.128448+00:00,15.766,0.4649999999999999,0.46,0.47,0.535,0.53,0.54,,,,
2026-01-06 13:30:16.796000+00:00,2026-01-06 13:30:17.141567+00:00,16.796,0.4649999999999999,0.46,0.47,0.535,0.53,0.54,,,,
2026-01-06 13:30:17.673000+00:00,2026-01-06 13:30:18.167103+00:00,17.673,0.495,0.49,0.5,0.505,0.5,0.51,,,,
2026-01-06 13:30:18.732000+00:00,2026-01-06 13:30:19.183668+00:00,18.732,0.49,0.48,0.5,0.51,0.5,0.52,,,,
2026-01-06 13:30:19.811000+00:00,2026-01-06 13:30:20.190778+00:00,19.811,0.49,0.48,0.5,0.51,0.5,0.52,,,,
2026-01-06 13:30:20.534000+00:00,2026-01-06 13:30:21.194257+00:00,20.534,0.49,0.48,0.5,0.51,0.5,0.52,,,,
2026-01-06 13:30:21.732000+00:00,2026-01-06 13:30:22.208525+00:00,21.732,0.49,0.48,0.5,0.51,0.5,0.52,,,,
2026-01-06 13:30:22.823000+00:00,2026-01-06 13:30:23.207414+00:00,22.823,0.49,0.48,0.5,0.505,0.5,0.51,,,,
2026-01-06 13:30:23.374000+00:00,2026-01-06 13:30:24.224281+00:00,23.374,0.495,0.49,0.5,0.505,0.5,0.51,,,,
2026-01-06 13:30:24.811000+00:00,2026-01-06 13:30:25.225085+00:00,24.811,0.48,0.47,0.49,0.52,0.51,0.53,,,,
2026-01-06 13:30:25.692000+00:00,2026-01-06 13:30:26.226543+00:00,25.692,0.475,0.47,0.48,0.525,0.52,0.53,,,,
2026-01-06 13:30:26.750000+00:00,2026-01-06 13:30:27.243134+00:00,26.75,0.475,0.47,0.48,0.525,0.52,0.53,,,,
2026-01-06 13:30:27.598000+00:00,2026-01-06 13:30:28.246776+00:00,27.598,0.48,0.47,0.49,0.52,0.51,0.53,,,,
2026-01-06 13:30:28.885000+00:00,2026-01-06 13:30:29.264489+00:00,28.885,0.475,0.47,0.48,0.525,0.52,0.53,,,,
2026-01-06 13:30:29.709000+00:00,2026-01-06 13:30:30.274527+00:00,29.709,0.4599999999999999,0.45,0.47,0.54,0.53,0.55,,,,
2026-01-06 13:30:30.056000+00:00,2026-01-06 13:30:31.264943+00:00,30.056,0.4599999999999999,0.45,0.47,0.54,0.53,0.55,,,,
2026-01-06 13:30:31.590000+00:00,2026-01-06 13:30:32.281527+00:00,31.59,0.4599999999999999,0.45,0.47,0.54,0.53,0.55,,,,
2026-01-06 13:30:32.815000+00:00,2026-01-06 13:30:33.299328+00:00,32.815,0.4599999999999999,0.45,0.47,0.54,0.53,0.55,,,,
2026-01-06 13:30:33.694000+00:00,2026-01-06 13:30:35.323416+00:00,33.694,0.4599999999999999,0.45,0.47,0.54,0.53,0.55,,,,
2026-01-06 13:30:35+00:00,2026-01-06 13:30:36.323145+00:00,35.0,0.4599999999999999,0.45,0.47,0.54,0.53,0.55,,,,
2026-01-06 13:30:36.814000+00:00,2026-01-06 13:30:37.333571+00:00,36.814,0.4599999999999999,0.45,0.47,0.54,0.53,0.55,,,,
2026-01-06 13:30:37.856000+00:00,2026-01-06 13:30:38.346138+00:00,37.856,0.45,0.44,0.46,0.55,0.54,0.56,,,,
2026-01-06 13:30:38.586000+00:00,2026-01-06 13:30:39.338788+00:00,38.586,0.45,0.44,0.46,0.55,0.54,0.56,,,,
2026-01-06 13:30:39.836000+00:00,2026-01-06 13:30:40.347089+00:00,39.836,0.445,0.44,0.45,0.555,0.55,0.56,,,,
2026-01-06 13:30:40.743000+00:00,2026-01-06 13:30:41.348190+00:00,40.743,0.45,0.44,0.46,0.55,0.54,0.56,,,,
2026-01-06 13:30:41.863000+00:00,2026-01-06 13:30:43.382753+00:00,41.863,0.45,0.44,0.46,0.55,0.54,0.56,,,,
2026-01-06 13:30:44.005000+00:00,2026-01-06 13:30:44.394131+00:00,44.005,0.45,0.44,0.46,0.55,0.54,0.56,,,,
2026-01-06 13:30:45.053000+00:00,2026-01-06 13:30:45.406768+00:00,45.053,0.445,0.44,0.45,0.555,0.55,0.56,,,,
2026-01-06 13:30:46.007000+00:00,2026-01-06 13:30:46.398961+00:00,46.007,0.435,0.43,0.44,0.565,0.56,0.57,,,,
2026-01-06 13:30:47.004000+00:00,2026-01-06 13:30:48.422665+00:00,47.004,0.435,0.43,0.44,0.565,0.56,0.57,,,,
2026-01-06 13:30:49.054000+00:00,2026-01-06 13:30:49.422620+00:00,49.054,0.435,0.43,0.44,0.565,0.56,0.57,,,,
2026-01-06 13:30:50.774000+00:00,2026-01-06 13:30:51.445496+00:00,50.774,0.43,0.42,0.44,0.5700000000000001,0.56,0.58,,,,
2026-01-06 13:30:52.851000+00:00,2026-01-06 13:30:53.472117+00:00,52.851,0.43,0.42,0.44,0.5700000000000001,0.56,0.58,,,,
2026-01-06 13:30:53.910000+00:00,2026-01-06 13:30:54.471929+00:00,53.91,0.43,0.42,0.44,0.5700000000000001,0.56,0.58,,,,
2026-01-06 13:30:55.378000+00:00,2026-01-06 13:30:56.479002+00:00,55.378,0.42,0.41,0.43,0.58,0.57,0.59,,,,
2026-01-06 13:30:57.169000+00:00,2026-01-06 13:30:58.504041+00:00,57.169,0.41,0.4,0.42,0.59,0.58,0.6,,,,
2026-01-06 13:30:58.897000+00:00,2026-01-06 13:31:00.525229+00:00,58.897,0.41,0.4,0.42,0.59,0.58,0.6,,,,
2026-01-06 13:31:01.139000+00:00,2026-01-06 13:31:01.538572+00:00,61.139,0.41,0.4,0.42,0.58,0.57,0.59,,,,
2026-01-06 13:31:02.931000+00:00,2026-01-06 13:31:03.572255+00:00,62.931,0.4649999999999999,0.46,0.47,0.535,0.53,0.54,,,,
2026-01-06 13:31:04.220000+00:00,2026-01-06 13:31:04.590288+00:00,64.22,0.455,0.45,0.46,0.545,0.54,0.55,,,,
2026-01-06 13:31:05.233000+00:00,2026-01-06 13:31:05.611927+00:00,65.233,0.4649999999999999,0.46,0.47,0.535,0.53,0.54,,,,
2026-01-06 13:31:06.238000+00:00,2026-01-06 13:31:06.604238+00:00,66.238,0.485,0.48,0.49,0.505,0.5,0.51,,,,
2026-01-06 13:31:07.121000+00:00,2026-01-06 13:31:07.607146+00:00,67.121,0.495,0.49,0.5,0.505,0.5,0.51,,,,
2026-01-06 13:31:08.249000+00:00,2026-01-06 13:31:08.622042+00:00,68.249,0.515,0.51,0.52,0.4649999999999999,0.46,0.47,,,,
2026-01-06 13:31:09.117000+00:00,2026-01-06 13:31:09.638254+00:00,69.117,0.515,0.51,0.52,0.485,0.48,0.49,,,,
2026-01-06 13:31:10.176000+00:00,2026-01-06 13:31:10.656416+00:00,70.176,0.52,0.51,0.53,0.48,0.47,0.49,,,,
2026-01-06 13:31:11.991000+00:00,2026-01-06 13:31:12.664775+00:00,71.991,0.52,0.51,0.53,0.48,0.47,0.49,,,,
2026-01-06 13:31:13.992000+00:00,2026-01-06 13:31:15.703912+00:00,73.992,0.52,0.51,0.53,0.48,0.47,0.49,,,,
2026-01-06 13:31:16.431000+00:00,2026-01-06 13:31:17.703641+00:00,76.431,0.52,0.51,0.53,0.48,0.47,0.49,,,,
2026-01-06 13:31:17.875000+00:00,2026-01-06 13:31:18.709485+00:00,77.875,0.51,0.5,0.52,0.49,0.48,0.5,,,,
2026-01-06 13:31:18.713000+00:00,2026-01-06 13:31:19.696796+00:00,78.713,0.51,0.5,0.52,0.49,0.48,0.5,,,,
2026-01-06 13:31:20.078000+00:00,2026-01-06 13:31:20.719931+00:00,80.078,0.51,0.5,0.52,0.49,0.48,0.5,,,,
2026-01-06 13:31:21.304000+00:00,2026-01-06 13:31:21.719617+00:00,81.304,0.505,0.5,0.51,0.52,0.51,0.53,,,,
2026-01-06 13:31:22.081000+00:00,2026-01-06 13:31:22.738083+00:00,82.081,0.48,0.47,0.49,0.52,0.51,0.53,,,,
2026-01-06 13:31:23.243000+00:00,2026-01-06 13:31:23.737813+00:00,83.243,0.475,0.47,0.48,0.535,0.52,0.55,,,,
2026-01-06 13:31:24.799000+00:00,2026-01-06 13:31:25.752967+00:00,84.799,0.47,0.46,0.48,0.53,0.52,0.54,,,,
2026-01-06 13:31:25.668000+00:00,2026-01-06 13:31:26.744507+00:00,85.668,0.47,0.46,0.48,0.53,0.52,0.54,,,,
2026-01-06 13:31:27.357000+00:00,2026-01-06 13:31:27.741953+00:00,87.357,0.4649999999999999,0.46,0.47,0.53,0.52,0.54,,,,
2026-01-06 13:31:28.303000+00:00,2026-01-06 13:31:28.738403+00:00,88.303,0.485,0.48,0.49,0.515,0.51,0.52,,,,
2026-01-06 13:31:29.130000+00:00,2026-01-06 13:31:29.753969+00:00,89.13,0.48,0.47,0.49,0.52,0.51,0.53,,,,
2026-01-06 13:31:30.392000+00:00,2026-01-06 13:31:30.754654+00:00,90.392,0.48,0.47,0.49,0.52,0.51,0.53,,,,
2026-01-06 13:31:31.385000+00:00,2026-01-06 13:31:31.771072+00:00,91.385,0.495,0.49,0.5,0.505,0.5,0.51,,,,
2026-01-06 13:31:32.395000+00:00,2026-01-06 13:31:32.788180+00:00,92.395,0.5,0.49,0.51,0.5,0.49,0.51,,,,
2026-01-06 13:31:33.411000+00:00,2026-01-06 13:31:33.803164+00:00,93.411,0.52,0.51,0.53,0.48,0.47,0.49,,,,
2026-01-06 13:31:34.454000+00:00,2026-01-06 13:31:34.803791+00:00,94.454,0.53,0.52,0.54,0.47,0.46,0.48,,,,
2026-01-06 13:31:35.364000+00:00,2026-01-06 13:31:35.818442+00:00,95.364,0.53,0.52,0.54,0.47,0.46,0.48,,,,
2026-01-06 13:31:36.362000+00:00,2026-01-06 13:31:36.836214+00:00,96.362,0.53,0.52,0.54,0.47,0.46,0.48,,,,
2026-01-06 13:31:37.305000+00:00,2026-01-06 13:31:37.838585+00:00,97.305,0.535,0.53,0.54,0.4649999999999999,0.46,0.47,,,,
2026-01-06 13:31:38.485000+00:00,2026-01-06 13:31:38.861839+00:00,98.485,0.545,0.54,0.55,0.455,0.45,0.46,,,,
2026-01-06 13:31:39.550000+00:00,2026-01-06 13:31:39.865606+00:00,99.55,0.545,0.54,0.55,0.455,0.45,0.46,,,,
2026-01-06 13:31:40.346000+00:00,2026-01-06 13:31:40.868643+00:00,100.346,0.54,0.53,0.55,0.4599999999999999,0.45,0.47,,,,
2026-01-06 13:31:41.622000+00:00,2026-01-06 13:31:42.883031+00:00,101.622,0.54,0.53,0.55,0.4599999999999999,0.45,0.47,,,,
2026-01-06 13:31:43.455000+00:00,2026-01-06 13:31:43.891822+00:00,103.455,0.545,0.54,0.55,0.455,0.45,0.46,,,,
2026-01-06 13:31:44.410000+00:00,2026-01-06 13:31:44.892922+00:00,104.41,0.55,0.54,0.56,0.45,0.44,0.46,,,,
2026-01-06 13:31:45.236000+00:00,2026-01-06 13:31:45.887508+00:00,105.236,0.55,0.54,0.56,0.45,0.44,0.46,,,,
2026-01-06 13:31:46.523000+00:00,2026-01-06 13:31:46.889796+00:00,106.523,0.55,0.54,0.56,0.45,0.44,0.46,,,,
2026-01-06 13:31:47.276000+00:00,2026-01-06 13:31:48.924135+00:00,107.276,0.55,0.54,0.56,0.45,0.44,0.46,,,,
2026-01-06 13:31:49.449000+00:00,2026-01-06 13:31:49.938994+00:00,109.449,0.55,0.54,0.56,0.45,0.44,0.46,,,,
2026-01-06 13:31:50.610000+00:00,2026-01-06 13:31:50.955419+00:00,110.61,0.545,0.54,0.55,0.44,0.43,0.45,,,,
2026-01-06 13:31:51.320000+00:00,2026-01-06 13:31:51.960102+00:00,111.32,0.5700000000000001,0.56,0.58,0.43,0.42,0.44,,,,
2026-01-06 13:31:52.510000+00:00,2026-01-06 13:31:52.970339+00:00,112.51,0.5700000000000001,0.56,0.58,0.43,0.42,0.44,,,,
2026-01-06 13:31:53.613000+00:00,2026-01-06 13:31:53.980231+00:00,113.613,0.56,0.55,0.57,0.445,0.44,0.45,,,,
2026-01-06 13:31:54.550000+00:00,2026-01-06 13:31:54.991336+00:00,114.55,0.555,0.55,0.56,0.445,0.44,0.45,,,,
2026-01-06 13:31:55.368000+00:00,2026-01-06 13:31:55.996674+00:00,115.368,0.555,0.55,0.56,0.445,0.44,0.45,,,,
2026-01-06 13:31:56.579000+00:00,2026-01-06 13:31:56.993580+00:00,116.579,0.555,0.55,0.56,0.43,0.42,0.44,,,,
2026-01-06 13:31:57.663000+00:00,2026-01-06 13:31:58.009379+00:00,117.663,0.5700000000000001,0.56,0.58,0.43,0.42,0.44,,,,
2026-01-06 13:31:58.536000+00:00,2026-01-06 13:31:59.004553+00:00,118.536,0.5700000000000001,0.56,0.58,0.43,0.42,0.44,,,,
2026-01-06 13:31:59.265000+00:00,2026-01-06 13:32:00.015237+00:00,119.265,0.56,0.55,0.57,0.44,0.43,0.45,,,,
2026-01-06 13:32:00.004000+00:00,2026-01-06 13:32:01.009691+00:00,120.004,0.56,0.55,0.57,0.44,0.43,0.45,,,,
2026-01-06 13:32:01.171000+00:00,2026-01-06 13:32:02.025215+00:00,121.171,0.56,0.55,0.57,0.44,0.43,0.45,,,,
2026-01-06 13:32:02.872000+00:00,2026-01-06 13:32:04.029748+00:00,122.872,0.56,0.55,0.57,0.44,0.43,0.45,,,,
2026-01-06 13:32:04.680000+00:00,2026-01-06 13:32:05.043434+00:00,124.68,0.555,0.55,0.56,0.445,0.44,0.45,,,,
2026-01-06 13:32:05.591000+00:00,2026-01-06 13:32:06.045927+00:00,125.591,0.545,0.53,0.56,0.45,0.44,0.46,,,,
2026-01-06 13:32:06.635000+00:00,2026-01-06 13:32:07.061205+00:00,126.635,0.545,0.54,0.55,0.455,0.45,0.46,,,,
2026-01-06 13:32:07.692000+00:00,2026-01-06 13:32:08.073120+00:00,127.692,0.515,0.51,0.52,0.485,0.48,0.49,,,,
2026-01-06 13:32:08.318000+00:00,2026-01-06 13:32:09.069791+00:00,128.318,0.515,0.51,0.52,0.485,0.48,0.49,,,,
2026-01-06 13:32:09.270000+00:00,2026-01-06 13:32:10.069947+00:00,129.27,0.515,0.51,0.52,0.485,0.48,0.49,,,,
2026-01-06 13:32:10.713000+00:00,2026-01-06 13:32:11.089437+00:00,130.713,0.515,0.51,0.52,0.485,0.48,0.49,,,,
2026-01-06 13:32:11.739000+00:00,2026-01-06 13:32:12.099668+00:00,131.739,0.52,0.51,0.53,0.48,0.47,0.49,,,,
2026-01-06 13:32:12.637000+00:00,2026-01-06 13:32:13.110727+00:00,132.637,0.52,0.51,0.53,0.48,0.47,0.49,,,,
2026-01-06 13:32:13.304000+00:00,2026-01-06 13:32:14.120269+00:00,133.304,0.53,0.52,0.54,0.47,0.46,0.48,,,,
2026-01-06 13:32:14.365000+00:00,2026-01-06 13:32:15.124464+00:00,134.365,0.53,0.52,0.54,0.47,0.46,0.48,,,,
2026-01-06 13:32:15.635000+00:00,2026-01-06 13:32:16.119324+00:00,135.635,0.54,0.53,0.55,0.4599999999999999,0.45,0.47,,,,
2026-01-06 13:32:16.577000+00:00,2026-01-06 13:32:17.121109+00:00,136.577,0.545,0.54,0.55,0.455,0.45,0.46,,,,
2026-01-06 13:32:17.688000+00:00,2026-01-06 13:32:18.132224+00:00,137.688,0.545,0.54,0.55,0.455,0.45,0.46,,,,
2026-01-06 13:32:18.521000+00:00,2026-01-06 13:32:19.129049+00:00,138.521,0.53,0.52,0.54,0.47,0.46,0.48,,,,
2026-01-06 13:32:19.655000+00:00,2026-01-06 13:32:20.130355+00:00,139.655,0.54,0.53,0.55,0.47,0.46,0.48,,,,
2026-01-06 13:32:20.127000+00:00,2026-01-06 13:32:21.129768+00:00,140.127,0.53,0.52,0.54,0.47,0.46,0.48,,,,
2026-01-06 13:32:21.597000+00:00,2026-01-06 13:32:22.139278+00:00,141.597,0.53,0.52,0.54,0.47,0.46,0.48,,,,
2026-01-06 13:32:22.538000+00:00,2026-01-06 13:32:23.160435+00:00,142.538,0.525,0.52,0.53,0.475,0.47,0.48,,,,
2026-01-06 13:32:23.772000+00:00,2026-01-06 13:32:24.191630+00:00,143.772,0.53,0.52,0.54,0.47,0.46,0.48,,,,
2026-01-06 13:32:24.492000+00:00,2026-01-06 13:32:25.195122+00:00,144.492,0.53,0.52,0.54,0.47,0.46,0.48,,,,
2026-01-06 13:32:25.768000+00:00,2026-01-06 13:32:26.194545+00:00,145.768,0.53,0.52,0.54,0.47,0.46,0.48,,,,
2026-01-06 13:32:26.699000+00:00,2026-01-06 13:32:28.206542+00:00,146.699,0.53,0.52,0.54,0.47,0.46,0.48,,,,
2026-01-06 13:32:28.217000+00:00,2026-01-06 13:32:29.219570+00:00,148.217,0.53,0.52,0.54,0.47,0.46,0.48,,,,
2026-01-06 13:32:29.891000+00:00,2026-01-06 13:32:30.241934+00:00,149.891,0.535,0.53,0.54,0.47,0.46,0.48,,,,
2026-01-06 13:32:30.856000+00:00,2026-01-06 13:32:31.230823+00:00,150.856,0.53,0.52,0.54,0.47,0.46,0.48,,,,
2026-01-06 13:32:31.170000+00:00,2026-01-06 13:32:33.246903+00:00,151.17,0.53,0.52,0.54,0.47,0.46,0.48,,,,
2026-01-06 13:32:33.018000+00:00,2026-01-06 13:32:34.258936+00:00,153.018,0.53,0.52,0.54,0.47,0.46,0.48,,,,
2026-01-06 13:32:34.319000+00:00,2026-01-06 13:32:35.255359+00:00,154.319,0.53,0.52,0.54,0.47,0.46,0.48,,,,
2026-01-06 13:32:35.103000+00:00,2026-01-06 13:32:36.267758+00:00,155.103,0.53,0.52,0.54,0.47,0.46,0.48,,,,
2026-01-06 13:32:36.495000+00:00,2026-01-06 13:32:37.269601+00:00,156.495,0.53,0.52,0.54,0.47,0.46,0.48,,,,
2026-01-06 13:32:37.878000+00:00,2026-01-06 13:32:38.286114+00:00,157.878,0.52,0.51,0.53,0.48,0.47,0.49,,,,
2026-01-06 13:32:38.413000+00:00,2026-01-06 13:32:39.301694+00:00,158.413,0.52,0.51,0.53,0.48,0.47,0.49,,,,
2026-01-06 13:32:39.608000+00:00,2026-01-06 13:32:40.303450+00:00,159.608,0.52,0.51,0.53,0.48,0.47,0.49,,,,
2026-01-06 13:32:40.775000+00:00,2026-01-06 13:32:41.313011+00:00,160.775,0.52,0.51,0.53,0.48,0.47,0.49,,,,
2026-01-06 13:32:41.837000+00:00,2026-01-06 13:32:42.323945+00:00,161.837,0.51,0.5,0.52,0.49,0.48,0.5,,,,
2026-01-06 13:32:42.906000+00:00,2026-01-06 13:32:43.335013+00:00,162.906,0.51,0.5,0.52,0.49,0.48,0.5,,,,
2026-01-06 13:32:43.793000+00:00,2026-01-06 13:32:44.349726+00:00,163.793,0.515,0.51,0.52,0.485,0.48,0.49,,,,
2026-01-06 13:32:45.864000+00:00,2026-01-06 13:32:47.388841+00:00,165.864,0.52,0.51,0.53,0.48,0.47,0.49,,,,
2026-01-06 13:32:48.867000+00:00,2026-01-06 13:32:50.403913+00:00,168.867,0.51,0.5,0.52,0.49,0.48,0.5,,,,
2026-01-06 13:32:50.464000+00:00,2026-01-06 13:32:51.408595+00:00,170.464,0.51,0.5,0.52,0.49,0.48,0.5,,,,
2026-01-06 13:32:51.486000+00:00,2026-01-06 13:32:52.408165+00:00,171.486,0.51,0.5,0.52,0.49,0.48,0.5,,,,
2026-01-06 13:32:52.969000+00:00,2026-01-06 13:32:53.426068+00:00,172.969,0.51,0.5,0.52,0.49,0.48,0.5,,,,
2026-01-06 13:32:53.591000+00:00,2026-01-06 13:32:54.424466+00:00,173.591,0.505,0.5,0.51,0.495,0.49,0.5,,,,
2026-01-06 13:32:55.384000+00:00,2026-01-06 13:32:57.459310+00:00,175.384,0.51,0.5,0.52,0.49,0.48,0.5,,,,
2026-01-06 13:32:58.126000+00:00,2026-01-06 13:32:58.467778+00:00,178.126,0.49,0.48,0.5,0.525,0.52,0.53,,,,
2026-01-06 13:32:59.193000+00:00,2026-01-06 13:32:59.482512+00:00,179.193,0.475,0.47,0.48,0.51,0.5,0.52,,,,
2026-01-06 13:33:00.125000+00:00,2026-01-06 13:33:00.470866+00:00,180.125,0.49,0.48,0.5,0.52,0.51,0.53,,,,
2026-01-06 13:33:01.079000+00:00,2026-01-06 13:33:01.473168+00:00,181.079,0.49,0.48,0.5,0.53,0.52,0.54,,,,
2026-01-06 13:33:02.127000+00:00,2026-01-06 13:33:02.483966+00:00,182.127,0.485,0.48,0.49,0.535,0.52,0.55,,,,
2026-01-06 13:33:03.122000+00:00,2026-01-06 13:33:03.484714+00:00,183.122,0.47,0.46,0.48,0.53,0.52,0.54,,,,
2026-01-06 13:33:04.102000+00:00,2026-01-06 13:33:04.483614+00:00,184.102,0.47,0.46,0.48,0.53,0.52,0.54,,,,
2026-01-06 13:33:05.102000+00:00,2026-01-06 13:33:05.492591+00:00,185.102,0.4649999999999999,0.46,0.47,0.535,0.53,0.54,,,,
2026-01-06 13:33:06.113000+00:00,2026-01-06 13:33:06.501430+00:00,186.113,0.435,0.43,0.44,0.565,0.56,0.57,,,,
2026-01-06 13:33:07.978000+00:00,2026-01-06 13:33:08.524603+00:00,187.978,0.445,0.44,0.45,0.555,0.55,0.56,,,,
2026-01-06 13:33:09.051000+00:00,2026-01-06 13:33:09.516862+00:00,189.051,0.445,0.44,0.45,0.555,0.55,0.56,,,,
2026-01-06 13:33:10.525000+00:00,2026-01-06 13:33:11.543924+00:00,190.525,0.44,0.43,0.45,0.565,0.56,0.57,,,,
2026-01-06 13:33:12.182000+00:00,2026-01-06 13:33:12.557991+00:00,192.182,0.42,0.41,0.43,0.58,0.57,0.59,,,,
2026-01-06 13:33:13.005000+00:00,2026-01-06 13:33:13.570911+00:00,193.005,0.42,0.41,0.43,0.58,0.57,0.59,,,,
2026-01-06 13:33:14.214000+00:00,2026-01-06 13:33:14.584065+00:00,194.214,0.405,0.4,0.41,0.615,0.61,0.62,,,,
2026-01-06 13:33:15.852000+00:00,2026-01-06 13:33:16.608896+00:00,195.852,0.39,0.38,0.4,0.605,0.59,0.62,,,,
2026-01-06 13:33:17.230000+00:00,2026-01-06 13:33:17.623434+00:00,197.23,0.39,0.38,0.4,0.61,0.6,0.62,,,,
2026-01-06 13:33:18.267000+00:00,2026-01-06 13:33:18.616831+00:00,198.267,0.39,0.38,0.4,0.61,0.6,0.62,,,,
2026-01-06 13:33:19.253000+00:00,2026-01-06 13:33:19.607964+00:00,199.253,0.39,0.38,0.4,0.61,0.6,0.62,,,,
2026-01-06 13:33:20.243000+00:00,2026-01-06 13:33:20.627116+00:00,200.243,0.39,0.38,0.4,0.61,0.6,0.62,,,,
2026-01-06 13:33:21.230000+00:00,2026-01-06 13:33:21.633729+00:00,201.23,0.385,0.38,0.39,0.615,0.61,0.62,,,,
2026-01-06 13:33:22.279000+00:00,2026-01-06 13:33:22.630217+00:00,202.279,0.375,0.36,0.39,0.635,0.61,0.66,,,,
2026-01-06 13:33:23.170000+00:00,2026-01-06 13:33:23.634225+00:00,203.17,0.38,0.37,0.39,0.62,0.61,0.63,,,,
2026-01-06 13:33:24.140000+00:00,2026-01-06 13:33:24.633559+00:00,204.14,0.38,0.37,0.39,0.62,0.61,0.63,,,,
2026-01-06 13:33:25.291000+00:00,2026-01-06 13:33:25.648515+00:00,205.291,0.38,0.37,0.39,0.62,0.61,0.63,,,,
2026-01-06 13:33:26.105000+00:00,2026-01-06 13:33:26.658580+00:00,206.105,0.38,0.37,0.39,0.62,0.61,0.63,,,,
2026-01-06 13:33:27.245000+00:00,2026-01-06 13:33:27.657842+00:00,207.245,0.38,0.37,0.39,0.62,0.61,0.63,,,,
2026-01-06 13:33:28.274000+00:00,2026-01-06 13:33:28.672452+00:00,208.274,0.38,0.37,0.39,0.62,0.61,0.63,,,,
2026-01-06 13:33:29.223000+00:00,2026-01-06 13:33:29.683277+00:00,209.223,0.38,0.37,0.39,0.62,0.61,0.63,,,,
2026-01-06 13:33:30.091000+00:00,2026-01-06 13:33:30.698553+00:00,210.091,0.38,0.37,0.39,0.62,0.61,0.63,,,,
2026-01-06 13:33:31.987000+00:00,2026-01-06 13:33:32.698489+00:00,211.987,0.38,0.37,0.39,0.62,0.61,0.63,,,,
2026-01-06 13:33:33.258000+00:00,2026-01-06 13:33:33.707993+00:00,213.258,0.38,0.37,0.39,0.62,0.61,0.63,,,,
2026-01-06 13:33:34.069000+00:00,2026-01-06 13:33:35.732905+00:00,214.069,0.38,0.37,0.39,0.62,0.61,0.63,,,,
2026-01-06 13:33:36.378000+00:00,2026-01-06 13:33:36.739573+00:00,216.378,0.38,0.37,0.39,0.62,0.61,0.63,,,,
2026-01-06 13:33:37.264000+00:00,2026-01-06 13:33:37.747222+00:00,217.264,0.38,0.37,0.39,0.62,0.61,0.63,,,,
2026-01-06 13:33:38.246000+00:00,2026-01-06 13:33:39.766398+00:00,218.246,0.38,0.37,0.39,0.625,0.62,0.63,,,,
2026-01-06 13:33:40.397000+00:00,2026-01-06 13:33:40.767320+00:00,220.397,0.3349999999999999,0.32,0.35,0.665,0.65,0.68,,,,
2026-01-06 13:33:41.431000+00:00,2026-01-06 13:33:41.767139+00:00,221.431,0.315,0.31,0.32,0.685,0.68,0.69,,,,
2026-01-06 13:33:42.230000+00:00,2026-01-06 13:33:42.766354+00:00,222.23,0.325,0.31,0.34,0.675,0.66,0.69,,,,
2026-01-06 13:33:43.283000+00:00,2026-01-06 13:33:43.763077+00:00,223.283,0.3299999999999999,0.31,0.35,0.6699999999999999,0.65,0.69,,,,
2026-01-06 13:33:44.434000+00:00,2026-01-06 13:33:44.781096+00:00,224.434,0.32,0.31,0.33,0.6799999999999999,0.67,0.69,,,,
2026-01-06 13:33:45.391000+00:00,2026-01-06 13:33:45.801129+00:00,225.391,0.3299999999999999,0.31,0.35,0.6699999999999999,0.65,0.69,,,,
2026-01-06 13:33:46.475000+00:00,2026-01-06 13:33:46.807762+00:00,226.475,0.3299999999999999,0.31,0.35,0.6699999999999999,0.65,0.69,,,,
2026-01-06 13:33:47.363000+00:00,2026-01-06 13:33:47.812573+00:00,227.363,0.3299999999999999,0.31,0.35,0.6699999999999999,0.65,0.69,,,,
2026-01-06 13:33:48.448000+00:00,2026-01-06 13:33:48.827758+00:00,228.448,0.3299999999999999,0.31,0.35,0.675,0.66,0.69,,,,
2026-01-06 13:33:49.287000+00:00,2026-01-06 13:33:49.837870+00:00,229.287,0.325,0.31,0.34,0.675,0.66,0.69,,,,
2026-01-06 13:33:50.429000+00:00,2026-01-06 13:33:50.837607+00:00,230.429,0.325,0.31,0.34,0.675,0.66,0.69,,,,
2026-01-06 13:33:51.402000+00:00,2026-01-06 13:33:51.848003+00:00,231.402,0.325,0.31,0.34,0.675,0.66,0.69,,,,
2026-01-06 13:33:52.484000+00:00,2026-01-06 13:33:52.857649+00:00,232.484,0.3299999999999999,0.31,0.35,0.6699999999999999,0.65,0.69,,,,
2026-01-06 13:33:53.773000+00:00,2026-01-06 13:33:54.858893+00:00,233.773,0.3299999999999999,0.31,0.35,0.6699999999999999,0.65,0.69,,,,
2026-01-06 13:33:54.567000+00:00,2026-01-06 13:33:56.889681+00:00,234.567,0.3299999999999999,0.31,0.35,0.6699999999999999,0.65,0.69,,,,
2026-01-06 13:33:57.489000+00:00,2026-01-06 13:33:57.882009+00:00,237.489,0.3349999999999999,0.32,0.35,0.665,0.65,0.68,,,,
2026-01-06 13:33:58.758000+00:00,2026-01-06 13:33:59.874955+00:00,238.758,0.3299999999999999,0.31,0.35,0.6699999999999999,0.65,0.69,,,,
2026-01-06 13:34:00.156000+00:00,2026-01-06 13:34:00.887721+00:00,240.156,0.3249999999999999,0.3,0.35,0.65,0.63,0.67,,,,
2026-01-06 13:34:01.465000+00:00,2026-01-06 13:34:01.888143+00:00,241.465,0.365,0.35,0.38,0.655,0.65,0.66,,,,
2026-01-06 13:34:02.536000+00:00,2026-01-06 13:34:02.889385+00:00,242.536,0.36,0.34,0.38,0.64,0.62,0.66,,,,
2026-01-06 13:34:03.490000+00:00,2026-01-06 13:34:03.903328+00:00,243.49,0.37,0.36,0.38,0.63,0.62,0.64,,,,
2026-01-06 13:34:04.538000+00:00,2026-01-06 13:34:04.914812+00:00,244.538,0.385,0.38,0.39,0.615,0.61,0.62,,,,
2026-01-06 13:34:05.582000+00:00,2026-01-06 13:34:05.937221+00:00,245.582,0.39,0.38,0.4,0.61,0.6,0.62,,,,
2026-01-06 13:34:06.622000+00:00,2026-01-06 13:34:06.950210+00:00,246.622,0.39,0.38,0.4,0.61,0.6,0.62,,,,
2026-01-06 13:34:07.162000+00:00,2026-01-06 13:34:07.959732+00:00,247.162,0.395,0.38,0.41,0.605,0.59,0.62,,,,
2026-01-06 13:34:08.571000+00:00,2026-01-06 13:34:08.978991+00:00,248.571,0.415,0.41,0.42,0.585,0.58,0.59,,,,
2026-01-06 13:34:09.605000+00:00,2026-01-06 13:34:09.990239+00:00,249.605,0.395,0.39,0.4,0.61,0.6,0.62,,,,
2026-01-06 13:34:10.634000+00:00,2026-01-06 13:34:10.996007+00:00,250.634,0.38,0.37,0.39,0.62,0.61,0.63,,,,
2026-01-06 13:34:11.887000+00:00,2026-01-06 13:34:13.030959+00:00,251.887,0.38,0.37,0.39,0.62,0.61,0.63,,,,
2026-01-06 13:34:13.676000+00:00,2026-01-06 13:34:14.031750+00:00,253.676,0.405,0.4,0.41,0.595,0.59,0.6,,,,
2026-01-06 13:34:14.417000+00:00,2026-01-06 13:34:15.047613+00:00,254.417,0.375,0.37,0.38,0.625,0.62,0.63,,,,
2026-01-06 13:34:15.559000+00:00,2026-01-06 13:34:16.056170+00:00,255.559,0.38,0.37,0.39,0.62,0.61,0.63,,,,
2026-01-06 13:34:16.504000+00:00,2026-01-06 13:34:17.069742+00:00,256.504,0.38,0.37,0.39,0.62,0.61,0.63,,,,
2026-01-06 13:34:17.367000+00:00,2026-01-06 13:34:18.066805+00:00,257.367,0.38,0.37,0.39,0.62,0.61,0.63,,,,
2026-01-06 13:34:18.677000+00:00,2026-01-06 13:34:19.068641+00:00,258.677,0.38,0.37,0.39,0.62,0.61,0.63,,,,
2026-01-06 13:34:19.688000+00:00,2026-01-06 13:34:20.084024+00:00,259.688,0.38,0.37,0.39,0.62,0.61,0.63,,,,
2026-01-06 13:34:20.690000+00:00,2026-01-06 13:34:21.085655+00:00,260.69,0.38,0.37,0.39,0.62,0.61,0.63,,,,
2026-01-06 13:34:21.554000+00:00,2026-01-06 13:34:22.103214+00:00,261.554,0.38,0.37,0.39,0.635,0.63,0.64,,,,
2026-01-06 13:34:22.739000+00:00,2026-01-06 13:34:23.111841+00:00,262.739,0.335,0.33,0.34,0.66,0.65,0.67,,,,
2026-01-06 13:34:23.935000+00:00,2026-01-06 13:34:25.147393+00:00,263.935,0.345,0.34,0.35,0.655,0.65,0.66,,,,
2026-01-06 13:34:25.774000+00:00,2026-01-06 13:34:26.168093+00:00,265.774,0.345,0.34,0.35,0.65,0.64,0.66,,,,
2026-01-06 13:34:26.666000+00:00,2026-01-06 13:34:27.178508+00:00,266.666,0.35,0.34,0.36,0.65,0.64,0.66,,,,
2026-01-06 13:34:27.611000+00:00,2026-01-06 13:34:28.180257+00:00,267.611,0.35,0.34,0.36,0.65,0.64,0.66,,,,
2026-01-06 13:34:28.817000+00:00,2026-01-06 13:34:29.196475+00:00,268.817,0.35,0.34,0.36,0.65,0.64,0.66,,,,
2026-01-06 13:34:29.867000+00:00,2026-01-06 13:34:30.213852+00:00,269.867,0.355,0.35,0.36,0.645,0.64,0.65,,,,
2026-01-06 13:34:30.858000+00:00,2026-01-06 13:34:31.226602+00:00,270.858,0.35,0.34,0.36,0.65,0.64,0.66,,,,
2026-01-06 13:34:31.669000+00:00,2026-01-06 13:34:32.248751+00:00,271.669,0.35,0.34,0.36,0.645,0.64,0.65,,,,
2026-01-06 13:34:32.849000+00:00,2026-01-06 13:34:33.265218+00:00,272.849,0.36,0.35,0.37,0.64,0.63,0.65,,,,
2026-01-06 13:34:33.775000+00:00,2026-01-06 13:34:34.266293+00:00,273.775,0.36,0.35,0.37,0.64,0.63,0.65,,,,
2026-01-06 13:34:34.272000+00:00,2026-01-06 13:34:35.265191+00:00,274.272,0.36,0.35,0.37,0.64,0.63,0.65,,,,
2026-01-06 13:34:35.797000+00:00,2026-01-06 13:34:36.282412+00:00,275.797,0.36,0.35,0.37,0.64,0.63,0.65,,,,
2026-01-06 13:34:36.705000+00:00,2026-01-06 13:34:37.296718+00:00,276.705,0.36,0.35,0.37,0.64,0.63,0.65,,,,
2026-01-06 13:34:37.362000+00:00,2026-01-06 13:34:38.297565+00:00,277.362,0.35,0.34,0.36,0.65,0.64,0.66,,,,
2026-01-06 13:34:38.718000+00:00,2026-01-06 13:34:39.306165+00:00,278.718,0.35,0.34,0.36,0.65,0.64,0.66,,,,
2026-01-06 13:34:39.928000+00:00,2026-01-06 13:34:40.297003+00:00,279.928,0.345,0.34,0.35,0.655,0.65,0.66,,,,
2026-01-06 13:34:40.880000+00:00,2026-01-06 13:34:41.316619+00:00,280.88,0.345,0.34,0.35,0.655,0.65,0.66,,,,
2026-01-06 13:34:41.863000+00:00,2026-01-06 13:34:42.335964+00:00,281.863,0.345,0.34,0.35,0.655,0.65,0.66,,,,
2026-01-06 13:34:42.914000+00:00,2026-01-06 13:34:43.339059+00:00,282.914,0.345,0.34,0.35,0.655,0.65,0.66,,,,
2026-01-06 13:34:43.516000+00:00,2026-01-06 13:34:44.340072+00:00,283.516,0.345,0.34,0.35,0.655,0.65,0.66,,,,
2026-01-06 13:34:44.933000+00:00,2026-01-06 13:34:45.347153+00:00,284.933,0.345,0.34,0.35,0.655,0.65,0.66,,,,
2026-01-06 13:34:45.769000+00:00,2026-01-06 13:34:46.347130+00:00,285.769,0.345,0.34,0.35,0.655,0.65,0.66,,,,
2026-01-06 13:34:46.599000+00:00,2026-01-06 13:34:48.379484+00:00,286.599,0.33,0.32,0.34,0.67,0.66,0.68,,,,
2026-01-06 13:34:49.551000+00:00,2026-01-06 13:34:51.415186+00:00,289.551,0.33,0.32,0.34,0.67,0.66,0.68,,,,
2026-01-06 13:34:52.064000+00:00,2026-01-06 13:34:53.446276+00:00,292.064,0.33,0.32,0.34,0.67,0.66,0.68,,,,
2026-01-06 13:34:53.925000+00:00,2026-01-06 13:34:54.452813+00:00,293.925,0.33,0.32,0.34,0.67,0.66,0.68,,,,
2026-01-06 13:34:55.718000+00:00,2026-01-06 13:34:56.455891+00:00,295.718,0.33,0.32,0.34,0.67,0.66,0.68,,,,
2026-01-06 13:34:56.353000+00:00,2026-01-06 13:34:57.462977+00:00,296.353,0.33,0.32,0.34,0.67,0.66,0.68,,,,
2026-01-06 13:34:58.094000+00:00,2026-01-06 13:34:58.473421+00:00,298.094,0.325,0.32,0.33,0.675,0.67,0.68,,,,
2026-01-06 13:34:59.008000+00:00,2026-01-06 13:34:59.485275+00:00,299.008,0.32,0.31,0.33,0.6799999999999999,0.67,0.69,,,,
2026-01-06 13:35:00.121000+00:00,2026-01-06 13:35:00.491850+00:00,300.121,0.32,0.31,0.33,0.685,0.68,0.69,,,,
2026-01-06 13:35:01.079000+00:00,2026-01-06 13:35:01.488724+00:00,301.079,0.305,0.3,0.31,0.695,0.69,0.7,,,,
2026-01-06 13:35:02.061000+00:00,2026-01-06 13:35:02.488399+00:00,302.061,0.265,0.26,0.27,0.735,0.73,0.74,,,,
2026-01-06 13:35:03.679000+00:00,2026-01-06 13:35:04.512820+00:00,303.679,0.265,0.26,0.27,0.735,0.73,0.74,,,,
2026-01-06 13:35:05.134000+00:00,2026-01-06 13:35:05.518577+00:00,305.134,0.24,0.23,0.25,0.76,0.75,0.77,,,,
2026-01-06 13:35:06.033000+00:00,2026-01-06 13:35:06.521566+00:00,306.033,0.24,0.23,0.25,0.76,0.75,0.77,,,,
2026-01-06 13:35:07.171000+00:00,2026-01-06 13:35:07.538187+00:00,307.171,0.245,0.24,0.25,0.755,0.75,0.76,,,,
2026-01-06 13:35:08.161000+00:00,2026-01-06 13:35:08.544415+00:00,308.161,0.2299999999999999,0.22,0.24,0.77,0.76,0.78,,,,
2026-01-06 13:35:09.918000+00:00,2026-01-06 13:35:10.546202+00:00,309.918,0.2299999999999999,0.22,0.24,0.77,0.76,0.78,,,,
2026-01-06 13:35:11.206000+00:00,2026-01-06 13:35:11.563433+00:00,311.206,0.2299999999999999,0.22,0.24,0.77,0.76,0.78,,,,
2026-01-06 13:35:12.016000+00:00,2026-01-06 13:35:12.574380+00:00,312.016,0.2299999999999999,0.22,0.24,0.77,0.76,0.78,,,,
2026-01-06 13:35:13.069000+00:00,2026-01-06 13:35:13.583048+00:00,313.069,0.22,0.21,0.23,0.78,0.77,0.79,,,,
2026-01-06 13:35:14.219000+00:00,2026-01-06 13:35:14.595848+00:00,314.219,0.225,0.22,0.23,0.775,0.77,0.78,,,,
2026-01-06 13:35:15.788000+00:00,2026-01-06 13:35:16.591588+00:00,315.788,0.225,0.22,0.23,0.775,0.77,0.78,,,,
2026-01-06 13:35:16.827000+00:00,2026-01-06 13:35:17.598514+00:00,316.827,0.225,0.22,0.23,0.775,0.77,0.78,,,,
2026-01-06 13:35:17.988000+00:00,2026-01-06 13:35:18.611030+00:00,317.988,0.225,0.22,0.23,0.775,0.77,0.78,,,,
2026-01-06 13:35:18.771000+00:00,2026-01-06 13:35:19.619912+00:00,318.771,0.225,0.22,0.23,0.775,0.77,0.78,,,,
2026-01-06 13:35:19.953000+00:00,2026-01-06 13:35:20.633631+00:00,319.953,0.225,0.22,0.23,0.775,0.77,0.78,,,,
2026-01-06 13:35:21.249000+00:00,2026-01-06 13:35:21.643399+00:00,321.249,0.225,0.22,0.23,0.775,0.77,0.78,,,,
2026-01-06 13:35:22.987000+00:00,2026-01-06 13:35:23.643706+00:00,322.987,0.225,0.22,0.23,0.775,0.77,0.78,,,,
2026-01-06 13:35:24.786000+00:00,2026-01-06 13:35:25.659616+00:00,324.786,0.22,0.21,0.23,0.78,0.77,0.79,,,,
2026-01-06 13:35:25.366000+00:00,2026-01-06 13:35:26.661655+00:00,325.366,0.22,0.21,0.23,0.78,0.77,0.79,,,,
2026-01-06 13:35:27.340000+00:00,2026-01-06 13:35:27.678854+00:00,327.34,0.225,0.22,0.23,0.78,0.77,0.79,,,,
2026-01-06 13:35:28.351000+00:00,2026-01-06 13:35:28.694379+00:00,328.351,0.225,0.22,0.23,0.775,0.77,0.78,,,,
2026-01-06 13:35:29.547000+00:00,2026-01-06 13:35:30.711187+00:00,329.547,0.24,0.23,0.25,0.76,0.75,0.77,,,,
2026-01-06 13:35:31.249000+00:00,2026-01-06 13:35:31.712729+00:00,331.249,0.24,0.23,0.25,0.76,0.75,0.77,,,,
2026-01-06 13:35:32.316000+00:00,2026-01-06 13:35:32.726075+00:00,332.316,0.235,0.23,0.24,0.765,0.76,0.77,,,,
2026-01-06 13:35:33.345000+00:00,2026-01-06 13:35:33.730786+00:00,333.345,0.24,0.23,0.25,0.76,0.75,0.77,,,,
2026-01-06 13:35:34.330000+00:00,2026-01-06 13:35:34.735712+00:00,334.33,0.245,0.24,0.25,0.755,0.75,0.76,,,,
2026-01-06 13:35:35.117000+00:00,2026-01-06 13:35:35.745192+00:00,335.117,0.245,0.24,0.25,0.755,0.75,0.76,,,,
2026-01-06 13:35:36.373000+00:00,2026-01-06 13:35:36.745075+00:00,336.373,0.245,0.24,0.25,0.755,0.75,0.76,,,,
2026-01-06 13:35:37.449000+00:00,2026-01-06 13:35:37.760922+00:00,337.449,0.245,0.24,0.25,0.755,0.75,0.76,,,,
2026-01-06 13:35:38.528000+00:00,2026-01-06 13:35:38.832064+00:00,338.528,0.255,0.25,0.26,0.755,0.75,0.76,,,,
2026-01-06 13:35:39.521000+00:00,2026-01-06 13:35:39.869665+00:00,339.521,0.2299999999999999,0.22,0.24,0.79,0.78,0.8,,,,
2026-01-06 13:35:40.484000+00:00,2026-01-06 13:35:40.861587+00:00,340.484,0.205,0.2,0.21,0.795,0.79,0.8,,,,
2026-01-06 13:35:41.331000+00:00,2026-01-06 13:35:41.875033+00:00,341.331,0.21,0.2,0.22,0.79,0.78,0.8,,,,
2026-01-06 13:35:42.383000+00:00,2026-01-06 13:35:42.882740+00:00,342.383,0.22,0.21,0.23,0.78,0.77,0.79,,,,
2026-01-06 13:35:43.523000+00:00,2026-01-06 13:35:43.885181+00:00,343.523,0.225,0.22,0.23,0.775,0.77,0.78,,,,
2026-01-06 13:35:44.543000+00:00,2026-01-06 13:35:44.901063+00:00,344.543,0.25,0.24,0.26,0.75,0.74,0.76,,,,
2026-01-06 13:35:45.457000+00:00,2026-01-06 13:35:45.922667+00:00,345.457,0.25,0.24,0.26,0.75,0.74,0.76,,,,
2026-01-06 13:35:46.458000+00:00,2026-01-06 13:35:46.927893+00:00,346.458,0.24,0.23,0.25,0.76,0.75,0.77,,,,
2026-01-06 13:35:47.619000+00:00,2026-01-06 13:35:47.944908+00:00,347.619,0.25,0.24,0.26,0.75,0.74,0.76,,,,
2026-01-06 13:35:48.494000+00:00,2026-01-06 13:35:48.953849+00:00,348.494,0.24,0.23,0.25,0.76,0.75,0.77,,,,
2026-01-06 13:35:49.425000+00:00,2026-01-06 13:35:49.962951+00:00,349.425,0.24,0.23,0.25,0.76,0.75,0.77,,,,
2026-01-06 13:35:50.547000+00:00,2026-01-06 13:35:50.976290+00:00,350.547,0.25,0.24,0.26,0.755,0.75,0.76,,,,
2026-01-06 13:35:51.410000+00:00,2026-01-06 13:35:51.977628+00:00,351.41,0.25,0.24,0.26,0.75,0.74,0.76,,,,
2026-01-06 13:35:52.625000+00:00,2026-01-06 13:35:52.984821+00:00,352.625,0.24,0.23,0.25,0.76,0.75,0.77,,,,
2026-01-06 13:35:53.619000+00:00,2026-01-06 13:35:53.995737+00:00,353.619,0.25,0.24,0.26,0.75,0.74,0.76,,,,
2026-01-06 13:35:54.631000+00:00,2026-01-06 13:35:54.998150+00:00,354.631,0.24,0.23,0.25,0.76,0.75,0.77,,,,
2026-01-06 13:35:55.601000+00:00,2026-01-06 13:35:56.002716+00:00,355.601,0.235,0.23,0.24,0.765,0.76,0.77,,,,
2026-01-06 13:35:56.592000+00:00,2026-01-06 13:35:56.999474+00:00,356.592,0.22,0.21,0.23,0.78,0.77,0.79,,,,
2026-01-06 13:35:57.565000+00:00,2026-01-06 13:35:57.998159+00:00,357.565,0.22,0.21,0.23,0.78,0.77,0.79,,,,
2026-01-06 13:35:58.622000+00:00,2026-01-06 13:35:58.993607+00:00,358.622,0.2299999999999999,0.22,0.24,0.77,0.76,0.78,,,,
2026-01-06 13:35:59.646000+00:00,2026-01-06 13:36:00.010802+00:00,359.646,0.2299999999999999,0.22,0.24,0.77,0.76,0.78,,,,
2026-01-06 13:36:00.668000+00:00,2026-01-06 13:36:01.020777+00:00,360.668,0.2299999999999999,0.22,0.24,0.745,0.74,0.75,,,,
2026-01-06 13:36:01.678000+00:00,2026-01-06 13:36:02.031073+00:00,361.678,0.295,0.29,0.3,0.705,0.7,0.71,,,,
2026-01-06 13:36:02.656000+00:00,2026-01-06 13:36:03.048574+00:00,362.656,0.275,0.27,0.28,0.725,0.72,0.73,,,,
2026-01-06 13:36:03.664000+00:00,2026-01-06 13:36:04.054539+00:00,363.664,0.275,0.27,0.28,0.725,0.72,0.73,,,,
2026-01-06 13:36:04.688000+00:00,2026-01-06 13:36:05.066638+00:00,364.688,0.24,0.23,0.25,0.76,0.75,0.77,,,,
2026-01-06 13:36:05.613000+00:00,2026-01-06 13:36:06.073673+00:00,365.613,0.24,0.23,0.25,0.76,0.75,0.77,,,,
2026-01-06 13:36:06.697000+00:00,2026-01-06 13:36:07.076363+00:00,366.697,0.24,0.23,0.25,0.76,0.75,0.77,,,,
2026-01-06 13:36:07.563000+00:00,2026-01-06 13:36:08.091371+00:00,367.563,0.24,0.23,0.25,0.76,0.75,0.77,,,,
2026-01-06 13:36:08.626000+00:00,2026-01-06 13:36:09.091967+00:00,368.626,0.24,0.23,0.25,0.76,0.75,0.77,,,,
2026-01-06 13:36:09.519000+00:00,2026-01-06 13:36:10.115079+00:00,369.519,0.24,0.23,0.25,0.76,0.75,0.77,,,,
2026-01-06 13:36:10.751000+00:00,2026-01-06 13:36:11.125838+00:00,370.751,0.24,0.23,0.25,0.76,0.75,0.77,,,,
2026-01-06 13:36:11.654000+00:00,2026-01-06 13:36:12.141364+00:00,371.654,0.24,0.23,0.25,0.76,0.75,0.77,,,,
2026-01-06 13:36:12.625000+00:00,2026-01-06 13:36:13.143904+00:00,372.625,0.235,0.23,0.24,0.765,0.76,0.77,,,,
2026-01-06 13:36:13.519000+00:00,2026-01-06 13:36:14.144297+00:00,373.519,0.235,0.23,0.24,0.76,0.75,0.77,,,,
2026-01-06 13:36:14.469000+00:00,2026-01-06 13:36:15.159183+00:00,374.469,0.235,0.23,0.24,0.765,0.76,0.77,,,,
2026-01-06 13:36:15.797000+00:00,2026-01-06 13:36:16.174255+00:00,375.797,0.235,0.23,0.24,0.765,0.76,0.77,,,,
2026-01-06 13:36:16.705000+00:00,2026-01-06 13:36:17.176511+00:00,376.705,0.235,0.23,0.24,0.765,0.76,0.77,,,,
2026-01-06 13:36:17.273000+00:00,2026-01-06 13:36:18.176891+00:00,377.273,0.235,0.23,0.24,0.765,0.76,0.77,,,,
2026-01-06 13:36:18.823000+00:00,2026-01-06 13:36:19.191978+00:00,378.823,0.235,0.23,0.24,0.765,0.76,0.77,,,,
2026-01-06 13:36:19.835000+00:00,2026-01-06 13:36:20.208002+00:00,379.835,0.235,0.23,0.24,0.765,0.76,0.77,,,,
2026-01-06 13:36:20.743000+00:00,2026-01-06 13:36:21.204526+00:00,380.743,0.235,0.23,0.24,0.78,0.77,0.79,,,,
2026-01-06 13:36:21.800000+00:00,2026-01-06 13:36:22.226772+00:00,381.8,0.21,0.2,0.22,0.79,0.78,0.8,,,,
2026-01-06 13:36:22.912000+00:00,2026-01-06 13:36:23.242297+00:00,382.912,0.2299999999999999,0.22,0.24,0.77,0.76,0.78,,,,
2026-01-06 13:36:23.853000+00:00,2026-01-06 13:36:24.241918+00:00,383.853,0.2299999999999999,0.22,0.24,0.77,0.76,0.78,,,,
2026-01-06 13:36:24.868000+00:00,2026-01-06 13:36:25.242738+00:00,384.868,0.225,0.22,0.23,0.775,0.77,0.78,,,,
2026-01-06 13:36:25.731000+00:00,2026-01-06 13:36:26.249638+00:00,385.731,0.225,0.22,0.23,0.775,0.77,0.78,,,,
2026-01-06 13:36:26.841000+00:00,2026-01-06 13:36:27.258217+00:00,386.841,0.225,0.22,0.23,0.775,0.77,0.78,,,,
2026-01-06 13:36:27.845000+00:00,2026-01-06 13:36:28.274243+00:00,387.845,0.19,0.18,0.2,0.81,0.8,0.82,,,,
2026-01-06 13:36:28.925000+00:00,2026-01-06 13:36:29.290688+00:00,388.925,0.185,0.17,0.2,0.8200000000000001,0.81,0.83,,,,
2026-01-06 13:36:29.795000+00:00,2026-01-06 13:36:30.294911+00:00,389.795,0.18,0.17,0.19,0.8200000000000001,0.81,0.83,,,,
2026-01-06 13:36:30.942000+00:00,2026-01-06 13:36:31.306372+00:00,390.942,0.18,0.17,0.19,0.825,0.82,0.83,,,,
2026-01-06 13:36:31.925000+00:00,2026-01-06 13:36:32.309396+00:00,391.925,0.165,0.16,0.17,0.835,0.83,0.84,,,,
2026-01-06 13:36:32.947000+00:00,2026-01-06 13:36:33.309908+00:00,392.947,0.1699999999999999,0.16,0.18,0.835,0.83,0.84,,,,
2026-01-06 13:36:33.924000+00:00,2026-01-06 13:36:34.309010+00:00,393.924,0.165,0.16,0.17,0.835,0.83,0.84,,,,
2026-01-06 13:36:34.986000+00:00,2026-01-06 13:36:35.309934+00:00,394.986,0.165,0.16,0.17,0.83,0.82,0.84,,,,
2026-01-06 13:36:35.629000+00:00,2026-01-06 13:36:36.327966+00:00,395.629,0.16,0.15,0.17,0.84,0.83,0.85,,,,
2026-01-06 13:36:36.712000+00:00,2026-01-06 13:36:37.341262+00:00,396.712,0.16,0.15,0.17,0.84,0.83,0.85,,,,
2026-01-06 13:36:37.741000+00:00,2026-01-06 13:36:38.341190+00:00,397.741,0.16,0.15,0.17,0.835,0.81,0.86,,,,
2026-01-06 13:36:38.915000+00:00,2026-01-06 13:36:39.353732+00:00,398.915,0.1649999999999999,0.15,0.18,0.835,0.82,0.85,,,,
2026-01-06 13:36:39.942000+00:00,2026-01-06 13:36:40.358679+00:00,399.942,0.1649999999999999,0.15,0.18,0.835,0.82,0.85,,,,
2026-01-06 13:36:40.974000+00:00,2026-01-06 13:36:41.367627+00:00,400.974,0.1649999999999999,0.15,0.18,0.835,0.82,0.85,,,,
2026-01-06 13:36:41.810000+00:00,2026-01-06 13:36:42.377023+00:00,401.81,0.1649999999999999,0.15,0.18,0.835,0.82,0.85,,,,
2026-01-06 13:36:42.769000+00:00,2026-01-06 13:36:43.391533+00:00,402.769,0.1649999999999999,0.15,0.18,0.835,0.82,0.85,,,,
2026-01-06 13:36:44.534000+00:00,2026-01-06 13:36:45.408038+00:00,404.534,0.1699999999999999,0.16,0.18,0.83,0.82,0.84,,,,
2026-01-06 13:36:46.996000+00:00,2026-01-06 13:36:47.413738+00:00,406.996,0.1649999999999999,0.15,0.18,0.835,0.82,0.85,,,,
2026-01-06 13:36:47.868000+00:00,2026-01-06 13:36:48.409187+00:00,407.868,0.1649999999999999,0.15,0.18,0.835,0.82,0.85,,,,
2026-01-06 13:36:49.565000+00:00,2026-01-06 13:36:50.433345+00:00,409.565,0.1649999999999999,0.15,0.18,0.835,0.82,0.85,,,,
2026-01-06 13:36:50.659000+00:00,2026-01-06 13:36:51.453299+00:00,410.659,0.1649999999999999,0.15,0.18,0.835,0.82,0.85,,,,
2026-01-06 13:36:52.939000+00:00,2026-01-06 13:36:53.449741+00:00,412.939,0.16,0.15,0.17,0.84,0.83,0.85,,,,
2026-01-06 13:36:54.093000+00:00,2026-01-06 13:36:54.465112+00:00,414.093,0.155,0.14,0.17,0.835,0.83,0.84,,,,
2026-01-06 13:36:55.090000+00:00,2026-01-06 13:36:55.466896+00:00,415.09,0.165,0.16,0.17,0.835,0.83,0.84,,,,
2026-01-06 13:36:56.825000+00:00,2026-01-06 13:36:57.496090+00:00,416.825,0.1649999999999999,0.15,0.18,0.835,0.82,0.85,,,,
2026-01-06 13:36:58.990000+00:00,2026-01-06 13:36:59.496669+00:00,418.99,0.18,0.17,0.19,0.8200000000000001,0.81,0.83,,,,
2026-01-06 13:37:00.015000+00:00,2026-01-06 13:37:00.518796+00:00,420.015,0.18,0.17,0.19,0.825,0.82,0.83,,,,
2026-01-06 13:37:01.070000+00:00,2026-01-06 13:37:01.542035+00:00,421.07,0.18,0.17,0.19,0.81,0.8,0.82,,,,
2026-01-06 13:37:02.065000+00:00,2026-01-06 13:37:02.545000+00:00,422.065,0.2,0.19,0.21,0.8,0.79,0.81,,,,
2026-01-06 13:37:03.881000+00:00,2026-01-06 13:37:04.560379+00:00,423.881,0.2,0.19,0.21,0.8,0.79,0.81,,,,
2026-01-06 13:37:05.201000+00:00,2026-01-06 13:37:05.559171+00:00,425.201,0.205,0.2,0.21,0.795,0.79,0.8,,,,
2026-01-06 13:37:06.200000+00:00,2026-01-06 13:37:06.557344+00:00,426.2,0.2299999999999999,0.22,0.24,0.77,0.76,0.78,,,,
2026-01-06 13:37:07.205000+00:00,2026-01-06 13:37:07.565786+00:00,427.205,0.245,0.24,0.25,0.755,0.75,0.76,,,,
2026-01-06 13:37:08.220000+00:00,2026-01-06 13:37:08.578383+00:00,428.22,0.2299999999999999,0.22,0.24,0.77,0.76,0.78,,,,
2026-01-06 13:37:09.934000+00:00,2026-01-06 13:37:10.618021+00:00,429.934,0.2299999999999999,0.22,0.24,0.77,0.76,0.78,,,,
2026-01-06 13:37:11.562000+00:00,2026-01-06 13:37:12.639673+00:00,431.562,0.2299999999999999,0.22,0.24,0.77,0.76,0.78,,,,
2026-01-06 13:37:13.312000+00:00,2026-01-06 13:37:13.655084+00:00,433.312,0.2299999999999999,0.22,0.24,0.77,0.76,0.78,,,,
2026-01-06 13:37:14.228000+00:00,2026-01-06 13:37:14.678200+00:00,434.228,0.235,0.23,0.24,0.76,0.75,0.77,,,,
2026-01-06 13:37:15.048000+00:00,2026-01-06 13:37:15.688265+00:00,435.048,0.24,0.23,0.25,0.76,0.75,0.77,,,,
2026-01-06 13:37:16.945000+00:00,2026-01-06 13:37:17.695458+00:00,436.945,0.2299999999999999,0.22,0.24,0.77,0.76,0.78,,,,
2026-01-06 13:37:18.345000+00:00,2026-01-06 13:37:18.706308+00:00,438.345,0.2299999999999999,0.22,0.24,0.77,0.76,0.78,,,,
2026-01-06 13:37:19.183000+00:00,2026-01-06 13:37:20.732065+00:00,439.183,0.2299999999999999,0.22,0.24,0.77,0.76,0.78,,,,
2026-01-06 13:37:21.783000+00:00,2026-01-06 13:37:22.754508+00:00,441.783,0.225,0.22,0.23,0.775,0.77,0.78,,,,
2026-01-06 13:37:23.159000+00:00,2026-01-06 13:37:23.758201+00:00,443.159,0.225,0.22,0.23,0.775,0.77,0.78,,,,
2026-01-06 13:37:24.521000+00:00,2026-01-06 13:37:25.777280+00:00,444.521,0.215,0.21,0.22,0.785,0.78,0.79,,,,
2026-01-06 13:37:26.126000+00:00,2026-01-06 13:37:26.789605+00:00,446.126,0.21,0.2,0.22,0.79,0.78,0.8,,,,
2026-01-06 13:37:27.846000+00:00,2026-01-06 13:37:28.807834+00:00,447.846,0.2,0.19,0.21,0.8,0.79,0.81,,,,
2026-01-06 13:37:29.381000+00:00,2026-01-06 13:37:30.819293+00:00,449.381,0.21,0.2,0.22,0.79,0.78,0.8,,,,
2026-01-06 13:37:31.666000+00:00,2026-01-06 13:37:32.841066+00:00,451.666,0.2,0.19,0.21,0.8,0.79,0.81,,,,
2026-01-06 13:37:33+00:00,2026-01-06 13:37:33.847567+00:00,453.0,0.205,0.2,0.21,0.795,0.79,0.8,,,,
2026-01-06 13:37:34.258000+00:00,2026-01-06 13:37:34.857265+00:00,454.258,0.205,0.2,0.21,0.795,0.79,0.8,,,,
2026-01-06 13:37:35.335000+00:00,2026-01-06 13:37:35.855568+00:00,455.335,0.2,0.19,0.21,0.8,0.79,0.81,,,,
2026-01-06 13:37:36.328000+00:00,2026-01-06 13:37:36.862921+00:00,456.328,0.21,0.2,0.22,0.78,0.77,0.79,,,,
2026-01-06 13:37:37.523000+00:00,2026-01-06 13:37:37.878585+00:00,457.523,0.2299999999999999,0.22,0.24,0.77,0.76,0.78,,,,
2026-01-06 13:37:38.213000+00:00,2026-01-06 13:37:38.891324+00:00,458.213,0.2299999999999999,0.22,0.24,0.77,0.76,0.78,,,,
2026-01-06 13:37:39.370000+00:00,2026-01-06 13:37:39.900819+00:00,459.37,0.2299999999999999,0.22,0.24,0.77,0.76,0.78,,,,
2026-01-06 13:37:40.544000+00:00,2026-01-06 13:37:40.922026+00:00,460.544,0.225,0.22,0.23,0.775,0.77,0.78,,,,
2026-01-06 13:37:41.577000+00:00,2026-01-06 13:37:41.935029+00:00,461.577,0.225,0.22,0.23,0.77,0.76,0.78,,,,
2026-01-06 13:37:42.303000+00:00,2026-01-06 13:37:42.937397+00:00,462.303,0.225,0.22,0.23,0.775,0.77,0.78,,,,
2026-01-06 13:37:43.187000+00:00,2026-01-06 13:37:43.939328+00:00,463.187,0.225,0.22,0.23,0.775,0.77,0.78,,,,
2026-01-06 13:37:44.520000+00:00,2026-01-06 13:37:44.944828+00:00,464.52,0.225,0.22,0.23,0.775,0.77,0.78,,,,
2026-01-06 13:37:45.500000+00:00,2026-01-06 13:37:45.959978+00:00,465.5,0.225,0.22,0.23,0.775,0.77,0.78,,,,
2026-01-06 13:37:46.530000+00:00,2026-01-06 13:37:46.971827+00:00,466.53,0.22,0.21,0.23,0.78,0.77,0.79,,,,
2026-01-06 13:37:47.157000+00:00,2026-01-06 13:37:47.978640+00:00,467.157,0.21,0.2,0.22,0.79,0.78,0.8,,,,
2026-01-06 13:37:48.623000+00:00,2026-01-06 13:37:48.988471+00:00,468.623,0.2,0.18,0.22,0.81,0.8,0.82,,,,
2026-01-06 13:37:49.639000+00:00,2026-01-06 13:37:50.002119+00:00,469.639,0.19,0.18,0.2,0.81,0.8,0.82,,,,
2026-01-06 13:37:50.565000+00:00,2026-01-06 13:37:51.001034+00:00,470.565,0.19,0.18,0.2,0.81,0.8,0.82,,,,
2026-01-06 13:37:51.525000+00:00,2026-01-06 13:37:52.006500+00:00,471.525,0.19,0.18,0.2,0.81,0.8,0.82,,,,
2026-01-06 13:37:52.516000+00:00,2026-01-06 13:37:53.019788+00:00,472.516,0.19,0.18,0.2,0.81,0.8,0.82,,,,
2026-01-06 13:37:53.601000+00:00,2026-01-06 13:37:54.019622+00:00,473.601,0.19,0.18,0.2,0.81,0.8,0.82,,,,
2026-01-06 13:37:54.633000+00:00,2026-01-06 13:37:55.012883+00:00,474.633,0.2,0.19,0.21,0.795,0.79,0.8,,,,
2026-01-06 13:37:55.522000+00:00,2026-01-06 13:37:56.006055+00:00,475.522,0.205,0.2,0.21,0.795,0.79,0.8,,,,
2026-01-06 13:37:56.242000+00:00,2026-01-06 13:37:57.014427+00:00,476.242,0.205,0.2,0.21,0.795,0.79,0.8,,,,
2026-01-06 13:37:57.477000+00:00,2026-01-06 13:37:58.022068+00:00,477.477,0.205,0.2,0.21,0.79,0.78,0.8,,,,
2026-01-06 13:37:58.646000+00:00,2026-01-06 13:37:59.023416+00:00,478.646,0.215,0.21,0.22,0.78,0.77,0.79,,,,
2026-01-06 13:37:59.419000+00:00,2026-01-06 13:38:00.036882+00:00,479.419,0.22,0.21,0.23,0.78,0.77,0.79,,,,
2026-01-06 13:38:00.698000+00:00,2026-01-06 13:38:01.039187+00:00,480.698,0.2299999999999999,0.22,0.24,0.77,0.76,0.78,,,,
2026-01-06 13:38:01.669000+00:00,2026-01-06 13:38:02.053287+00:00,481.669,0.24,0.23,0.25,0.76,0.75,0.77,,,,
2026-01-06 13:38:02.304000+00:00,2026-01-06 13:38:03.066968+00:00,482.304,0.24,0.23,0.25,0.76,0.75,0.77,,,,
2026-01-06 13:38:03.256000+00:00,2026-01-06 13:38:04.070562+00:00,483.256,0.235,0.23,0.24,0.765,0.76,0.77,,,,
2026-01-06 13:38:04.512000+00:00,2026-01-06 13:38:05.086949+00:00,484.512,0.235,0.23,0.24,0.765,0.76,0.77,,,,
2026-01-06 13:38:05.480000+00:00,2026-01-06 13:38:06.099724+00:00,485.48,0.235,0.23,0.24,0.765,0.76,0.77,,,,
2026-01-06 13:38:06.650000+00:00,2026-01-06 13:38:07.095193+00:00,486.65,0.235,0.23,0.24,0.765,0.76,0.77,,,,
2026-01-06 13:38:07.639000+00:00,2026-01-06 13:38:08.100685+00:00,487.639,0.235,0.23,0.24,0.765,0.76,0.77,,,,
2026-01-06 13:38:08.393000+00:00,2026-01-06 13:38:09.112108+00:00,488.393,0.235,0.23,0.24,0.765,0.76,0.77,,,,
2026-01-06 13:38:09.766000+00:00,2026-01-06 13:38:10.124848+00:00,489.766,0.235,0.23,0.24,0.765,0.76,0.77,,,,
2026-01-06 13:38:10.571000+00:00,2026-01-06 13:38:11.136482+00:00,490.571,0.235,0.23,0.24,0.765,0.76,0.77,,,,
2026-01-06 13:38:11.712000+00:00,2026-01-06 13:38:12.145024+00:00,491.712,0.2299999999999999,0.22,0.24,0.77,0.76,0.78,,,,
2026-01-06 13:38:12.792000+00:00,2026-01-06 13:38:13.154024+00:00,492.792,0.225,0.22,0.23,0.775,0.77,0.78,,,,
2026-01-06 13:38:13.431000+00:00,2026-01-06 13:38:14.172125+00:00,493.431,0.235,0.23,0.24,0.765,0.76,0.77,,,,
2026-01-06 13:38:14.469000+00:00,2026-01-06 13:38:15.174270+00:00,494.469,0.235,0.23,0.24,0.77,0.76,0.78,,,,
2026-01-06 13:38:15.784000+00:00,2026-01-06 13:38:16.187663+00:00,495.784,0.2299999999999999,0.22,0.24,0.77,0.76,0.78,,,,
2026-01-06 13:38:16.843000+00:00,2026-01-06 13:38:17.202796+00:00,496.843,0.2299999999999999,0.22,0.24,0.77,0.76,0.78,,,,
2026-01-06 13:38:17.599000+00:00,2026-01-06 13:38:18.220985+00:00,497.599,0.235,0.23,0.24,0.765,0.76,0.77,,,,
2026-01-06 13:38:18.821000+00:00,2026-01-06 13:38:19.237004+00:00,498.821,0.235,0.23,0.24,0.765,0.76,0.77,,,,
2026-01-06 13:38:19.990000+00:00,2026-01-06 13:38:20.237591+00:00,499.99,0.235,0.23,0.24,0.765,0.76,0.77,,,,
2026-01-06 13:38:20.243000+00:00,2026-01-06 13:38:21.255056+00:00,500.243,0.235,0.23,0.24,0.765,0.76,0.77,,,,
2026-01-06 13:38:21.818000+00:00,2026-01-06 13:38:22.254465+00:00,501.818,0.225,0.22,0.23,0.775,0.77,0.78,,,,
2026-01-06 13:38:22.897000+00:00,2026-01-06 13:38:23.268211+00:00,502.897,0.225,0.22,0.23,0.775,0.77,0.78,,,,
2026-01-06 13:38:23.647000+00:00,2026-01-06 13:38:24.268096+00:00,503.647,0.2299999999999999,0.22,0.24,0.77,0.76,0.78,,,,
2026-01-06 13:38:24.900000+00:00,2026-01-06 13:38:25.269844+00:00,504.9,0.2299999999999999,0.22,0.24,0.78,0.77,0.79,,,,
2026-01-06 13:38:25.654000+00:00,2026-01-06 13:38:26.284959+00:00,505.654,0.22,0.21,0.23,0.78,0.77,0.79,,,,
2026-01-06 13:38:26.653000+00:00,2026-01-06 13:38:27.288910+00:00,506.653,0.215,0.21,0.22,0.785,0.78,0.79,,,,
2026-01-06 13:38:27.213000+00:00,2026-01-06 13:38:28.288947+00:00,507.213,0.215,0.21,0.22,0.785,0.78,0.79,,,,
2026-01-06 13:38:28.578000+00:00,2026-01-06 13:38:29.291651+00:00,508.578,0.215,0.21,0.22,0.785,0.78,0.79,,,,
2026-01-06 13:38:29.861000+00:00,2026-01-06 13:38:30.303660+00:00,509.861,0.215,0.21,0.22,0.785,0.78,0.79,,,,
2026-01-06 13:38:30.931000+00:00,2026-01-06 13:38:31.303903+00:00,510.931,0.215,0.21,0.22,0.785,0.78,0.79,,,,
2026-01-06 13:38:31.881000+00:00,2026-01-06 13:38:32.305877+00:00,511.881,0.215,0.21,0.22,0.785,0.78,0.79,,,,
2026-01-06 13:38:32.444000+00:00,2026-01-06 13:38:33.306214+00:00,512.444,0.215,0.21,0.22,0.785,0.78,0.79,,,,
2026-01-06 13:38:33.610000+00:00,2026-01-06 13:38:34.306163+00:00,513.61,0.215,0.21,0.22,0.785,0.78,0.79,,,,
2026-01-06 13:38:34.563000+00:00,2026-01-06 13:38:35.321709+00:00,514.563,0.225,0.22,0.23,0.775,0.77,0.78,,,,
2026-01-06 13:38:35.863000+00:00,2026-01-06 13:38:36.333893+00:00,515.863,0.2299999999999999,0.22,0.24,0.77,0.76,0.78,,,,
2026-01-06 13:38:36.832000+00:00,2026-01-06 13:38:37.334682+00:00,516.832,0.2299999999999999,0.22,0.24,0.77,0.76,0.78,,,,
2026-01-06 13:38:37.996000+00:00,2026-01-06 13:38:38.343516+00:00,517.996,0.225,0.22,0.23,0.775,0.77,0.78,,,,
2026-01-06 13:38:38.905000+00:00,2026-01-06 13:38:39.354301+00:00,518.905,0.225,0.22,0.23,0.78,0.77,0.79,,,,
2026-01-06 13:38:39.924000+00:00,2026-01-06 13:38:40.360644+00:00,519.924,0.21,0.2,0.22,0.79,0.78,0.8,,,,
2026-01-06 13:38:41.002000+00:00,2026-01-06 13:38:41.371276+00:00,521.002,0.195,0.19,0.2,0.815,0.8,0.83,,,,
2026-01-06 13:38:42.021000+00:00,2026-01-06 13:38:42.387410+00:00,522.021,0.2,0.17,0.23,0.815,0.8,0.83,,,,
2026-01-06 13:38:43.019000+00:00,2026-01-06 13:38:43.397544+00:00,523.019,0.18,0.17,0.19,0.8200000000000001,0.81,0.83,,,,
2026-01-06 13:38:44.032000+00:00,2026-01-06 13:38:44.394891+00:00,524.032,0.19,0.18,0.2,0.81,0.8,0.82,,,,
2026-01-06 13:38:45.025000+00:00,2026-01-06 13:38:45.393617+00:00,525.025,0.185,0.17,0.2,0.8200000000000001,0.81,0.83,,,,
2026-01-06 13:38:46.907000+00:00,2026-01-06 13:38:47.369743+00:00,526.907,0.175,0.17,0.18,0.825,0.82,0.83,,,,
2026-01-06 13:38:48.009000+00:00,2026-01-06 13:38:48.367155+00:00,528.009,0.15,0.14,0.16,0.84,0.83,0.85,,,,
2026-01-06 13:38:49.686000+00:00,2026-01-06 13:38:50.358844+00:00,529.686,0.16,0.15,0.17,0.84,0.83,0.85,,,,
2026-01-06 13:38:50.886000+00:00,2026-01-06 13:38:51.355238+00:00,530.886,0.16,0.15,0.17,0.84,0.83,0.85,,,,
2026-01-06 13:38:51.904000+00:00,2026-01-06 13:38:52.351220+00:00,531.904,0.16,0.15,0.17,0.84,0.83,0.85,,,,
2026-01-06 13:38:52.789000+00:00,2026-01-06 13:38:53.357877+00:00,532.789,0.16,0.15,0.17,0.84,0.83,0.85,,,,
2026-01-06 13:38:53.997000+00:00,2026-01-06 13:38:54.361760+00:00,533.997,0.16,0.15,0.17,0.84,0.83,0.85,,,,
2026-01-06 13:38:54.778000+00:00,2026-01-06 13:38:55.369962+00:00,534.778,0.185,0.18,0.19,0.815,0.81,0.82,,,,
2026-01-06 13:38:55.870000+00:00,2026-01-06 13:38:56.386842+00:00,535.87,0.185,0.18,0.19,0.815,0.81,0.82,,,,
2026-01-06 13:38:57.770000+00:00,2026-01-06 13:38:58.387078+00:00,537.77,0.185,0.18,0.19,0.815,0.81,0.82,,,,
2026-01-06 13:38:58.713000+00:00,2026-01-06 13:38:59.403947+00:00,538.713,0.185,0.18,0.19,0.815,0.81,0.82,,,,
2026-01-06 13:39:00.491000+00:00,2026-01-06 13:39:01.421012+00:00,540.491,0.185,0.18,0.19,0.815,0.81,0.82,,,,
2026-01-06 13:39:01.626000+00:00,2026-01-06 13:39:02.420239+00:00,541.626,0.175,0.17,0.18,0.8200000000000001,0.81,0.83,,,,
2026-01-06 13:39:03.030000+00:00,2026-01-06 13:39:03.432672+00:00,543.03,0.18,0.17,0.19,0.8200000000000001,0.81,0.83,,,,
2026-01-06 13:39:04.928000+00:00,2026-01-06 13:39:05.436674+00:00,544.928,0.1699999999999999,0.16,0.18,0.83,0.82,0.84,,,,
2026-01-06 13:39:06.028000+00:00,2026-01-06 13:39:06.444009+00:00,546.028,0.165,0.16,0.17,0.835,0.83,0.84,,,,
2026-01-06 13:39:07.890000+00:00,2026-01-06 13:39:08.453229+00:00,547.89,0.16,0.15,0.17,0.84,0.83,0.85,,,,
2026-01-06 13:39:09.059000+00:00,2026-01-06 13:39:09.453224+00:00,549.059,0.16,0.15,0.17,0.845,0.84,0.85,,,,
2026-01-06 13:39:10.012000+00:00,2026-01-06 13:39:10.459327+00:00,550.012,0.155,0.15,0.16,0.845,0.84,0.85,,,,
2026-01-06 13:39:11.124000+00:00,2026-01-06 13:39:11.469587+00:00,551.124,0.14,0.13,0.15,0.855,0.85,0.86,,,,
2026-01-06 13:39:12.077000+00:00,2026-01-06 13:39:12.470560+00:00,552.077,0.165,0.16,0.17,0.835,0.83,0.84,,,,
2026-01-06 13:39:13.045000+00:00,2026-01-06 13:39:13.477795+00:00,553.045,0.165,0.16,0.17,0.835,0.83,0.84,,,,
2026-01-06 13:39:14.130000+00:00,2026-01-06 13:39:14.481438+00:00,554.13,0.1699999999999999,0.16,0.18,0.825,0.82,0.83,,,,
2026-01-06 13:39:15.106000+00:00,2026-01-06 13:39:15.485531+00:00,555.106,0.175,0.17,0.18,0.825,0.82,0.83,,,,
2026-01-06 13:39:16.949000+00:00,2026-01-06 13:39:17.492520+00:00,556.949,0.175,0.17,0.18,0.825,0.82,0.83,,,,
2026-01-06 13:39:17.872000+00:00,2026-01-06 13:39:18.486828+00:00,557.872,0.175,0.17,0.18,0.825,0.82,0.83,,,,
2026-01-06 13:39:19.113000+00:00,2026-01-06 13:39:19.501653+00:00,559.113,0.1699999999999999,0.16,0.18,0.83,0.82,0.84,,,,
2026-01-06 13:39:20.092000+00:00,2026-01-06 13:39:20.500539+00:00,560.092,0.165,0.16,0.17,0.835,0.83,0.84,,,,
2026-01-06 13:39:21.119000+00:00,2026-01-06 13:39:21.503280+00:00,561.119,0.165,0.16,0.17,0.835,0.83,0.84,,,,
2026-01-06 13:39:22.156000+00:00,2026-01-06 13:39:22.505373+00:00,562.156,0.165,0.16,0.17,0.835,0.83,0.84,,,,
2026-01-06 13:39:23.142000+00:00,2026-01-06 13:39:23.519501+00:00,563.142,0.165,0.16,0.17,0.835,0.83,0.84,,,,
2026-01-06 13:39:24.050000+00:00,2026-01-06 13:39:24.536066+00:00,564.05,0.165,0.16,0.17,0.835,0.83,0.84,,,,
2026-01-06 13:39:25.930000+00:00,2026-01-06 13:39:26.550831+00:00,565.93,0.165,0.16,0.17,0.84,0.83,0.85,,,,
2026-01-06 13:39:27.954000+00:00,2026-01-06 13:39:28.572127+00:00,567.954,0.16,0.15,0.17,0.84,0.83,0.85,,,,
2026-01-06 13:39:28.769000+00:00,2026-01-06 13:39:29.568933+00:00,568.769,0.16,0.15,0.17,0.84,0.83,0.85,,,,
2026-01-06 13:39:30.064000+00:00,2026-01-06 13:39:30.569108+00:00,570.064,0.16,0.15,0.17,0.84,0.83,0.85,,,,
2026-01-06 13:39:31.214000+00:00,2026-01-06 13:39:31.578003+00:00,571.214,0.175,0.17,0.18,0.825,0.82,0.83,,,,
2026-01-06 13:39:32.130000+00:00,2026-01-06 13:39:32.588386+00:00,572.13,0.175,0.17,0.18,0.825,0.82,0.83,,,,
2026-01-06 13:39:33.247000+00:00,2026-01-06 13:39:33.600473+00:00,573.247,0.175,0.17,0.18,0.825,0.82,0.83,,,,
2026-01-06 13:39:34.201000+00:00,2026-01-06 13:39:34.601626+00:00,574.201,0.175,0.17,0.18,0.825,0.82,0.83,,,,
2026-01-06 13:39:35.210000+00:00,2026-01-06 13:39:35.617554+00:00,575.21,0.175,0.17,0.18,0.825,0.82,0.83,,,,
2026-01-06 13:39:36.254000+00:00,2026-01-06 13:39:36.633796+00:00,576.254,0.175,0.17,0.18,0.825,0.82,0.83,,,,
2026-01-06 13:39:37.319000+00:00,2026-01-06 13:39:37.631503+00:00,577.319,0.175,0.17,0.18,0.825,0.82,0.83,,,,
2026-01-06 13:39:38.235000+00:00,2026-01-06 13:39:38.650637+00:00,578.235,0.175,0.17,0.18,0.825,0.82,0.83,,,,
2026-01-06 13:39:39.104000+00:00,2026-01-06 13:39:39.652003+00:00,579.104,0.175,0.17,0.18,0.825,0.82,0.83,,,,
2026-01-06 13:39:40.223000+00:00,2026-01-06 13:39:40.650528+00:00,580.223,0.175,0.17,0.18,0.825,0.82,0.83,,,,
2026-01-06 13:39:41.216000+00:00,2026-01-06 13:39:41.653774+00:00,581.216,0.175,0.17,0.18,0.825,0.82,0.83,,,,
2026-01-06 13:39:42.278000+00:00,2026-01-06 13:39:42.668441+00:00,582.278,0.175,0.17,0.18,0.825,0.82,0.83,,,,
2026-01-06 13:39:43.215000+00:00,2026-01-06 13:39:43.684586+00:00,583.215,0.16,0.15,0.17,0.84,0.83,0.85,,,,
2026-01-06 13:39:44.223000+00:00,2026-01-06 13:39:44.684603+00:00,584.223,0.155,0.14,0.17,0.845,0.83,0.86,,,,
2026-01-06 13:39:45.344000+00:00,2026-01-06 13:39:45.700547+00:00,585.344,0.145,0.14,0.15,0.855,0.85,0.86,,,,
2026-01-06 13:39:46.778000+00:00,2026-01-06 13:39:47.699142+00:00,586.778,0.155,0.14,0.17,0.845,0.83,0.86,,,,
2026-01-06 13:39:48.081000+00:00,2026-01-06 13:39:48.717684+00:00,588.081,0.155,0.14,0.17,0.84,0.83,0.85,,,,
2026-01-06 13:39:49.322000+00:00,2026-01-06 13:39:49.732713+00:00,589.322,0.16,0.15,0.17,0.84,0.83,0.85,,,,
2026-01-06 13:39:50.374000+00:00,2026-01-06 13:39:50.749869+00:00,590.374,0.16,0.15,0.17,0.84,0.83,0.85,,,,
2026-01-06 13:39:51.106000+00:00,2026-01-06 13:39:51.767923+00:00,591.106,0.16,0.15,0.17,0.84,0.83,0.85,,,,
2026-01-06 13:39:52.451000+00:00,2026-01-06 13:39:52.766148+00:00,592.451,0.16,0.15,0.17,0.84,0.83,0.85,,,,
2026-01-06 13:39:53.856000+00:00,2026-01-06 13:39:54.778359+00:00,593.856,0.175,0.17,0.18,0.825,0.82,0.83,,,,
2026-01-06 13:39:55.237000+00:00,2026-01-06 13:39:55.782152+00:00,595.237,0.175,0.17,0.18,0.825,0.82,0.83,,,,
2026-01-06 13:39:56.748000+00:00,2026-01-06 13:39:57.799536+00:00,596.748,0.175,0.17,0.18,0.825,0.82,0.83,,,,
2026-01-06 13:39:58.403000+00:00,2026-01-06 13:39:58.818521+00:00,598.403,0.18,0.17,0.19,0.8200000000000001,0.81,0.83,,,,
2026-01-06 13:39:59.396000+00:00,2026-01-06 13:39:59.834045+00:00,599.396,0.18,0.17,0.19,0.8200000000000001,0.81,0.83,,,,
2026-01-06 13:40:00.398000+00:00,2026-01-06 13:40:00.853910+00:00,600.398,0.175,0.17,0.18,0.8200000000000001,0.81,0.83,,,,
2026-01-06 13:40:01.416000+00:00,2026-01-06 13:40:01.868662+00:00,601.416,0.185,0.18,0.19,0.815,0.81,0.82,,,,
2026-01-06 13:40:02.454000+00:00,2026-01-06 13:40:02.876872+00:00,602.454,0.175,0.17,0.18,0.825,0.82,0.83,,,,
2026-01-06 13:40:03.279000+00:00,2026-01-06 13:40:03.868444+00:00,603.279,0.175,0.17,0.18,0.825,0.82,0.83,,,,
2026-01-06 13:40:04.500000+00:00,2026-01-06 13:40:04.869271+00:00,604.5,0.18,0.17,0.19,0.8200000000000001,0.81,0.83,,,,
2026-01-06 13:40:05.448000+00:00,2026-01-06 13:40:05.882809+00:00,605.448,0.18,0.17,0.19,0.8200000000000001,0.81,0.83,,,,
2026-01-06 13:40:06.514000+00:00,2026-01-06 13:40:06.900424+00:00,606.514,0.175,0.17,0.18,0.825,0.82,0.83,,,,
2026-01-06 13:40:07.470000+00:00,2026-01-06 13:40:07.918964+00:00,607.47,0.175,0.17,0.18,0.825,0.82,0.83,,,,
2026-01-06 13:40:08.521000+00:00,2026-01-06 13:40:08.929747+00:00,608.521,0.175,0.17,0.18,0.825,0.82,0.83,,,,
2026-01-06 13:40:09.246000+00:00,2026-01-06 13:40:09.931756+00:00,609.246,0.175,0.17,0.18,0.825,0.82,0.83,,,,
2026-01-06 13:40:10.408000+00:00,2026-01-06 13:40:10.941911+00:00,610.408,0.175,0.17,0.18,0.825,0.82,0.83,,,,
2026-01-06 13:40:11.300000+00:00,2026-01-06 13:40:11.967727+00:00,611.3,0.175,0.17,0.18,0.825,0.82,0.83,,,,
2026-01-06 13:40:12.595000+00:00,2026-01-06 13:40:12.980961+00:00,612.595,0.175,0.17,0.18,0.825,0.82,0.83,,,,
2026-01-06 13:40:13.597000+00:00,2026-01-06 13:40:13.982580+00:00,613.597,0.175,0.17,0.18,0.825,0.82,0.83,,,,
2026-01-06 13:40:14.582000+00:00,2026-01-06 13:40:14.986410+00:00,614.582,0.175,0.17,0.18,0.825,0.82,0.83,,,,
2026-01-06 13:40:15.150000+00:00,2026-01-06 13:40:15.997963+00:00,615.15,0.175,0.17,0.18,0.825,0.82,0.83,,,,
2026-01-06 13:40:16.221000+00:00,2026-01-06 13:40:17.001723+00:00,616.221,0.175,0.17,0.18,0.825,0.82,0.83,,,,
2026-01-06 13:40:17.670000+00:00,2026-01-06 13:40:18.017034+00:00,617.67,0.175,0.17,0.18,0.825,0.82,0.83,,,,
2026-01-06 13:40:18.494000+00:00,2026-01-06 13:40:19.030194+00:00,618.494,0.175,0.17,0.18,0.825,0.82,0.83,,,,
2026-01-06 13:40:19.611000+00:00,2026-01-06 13:40:20.027689+00:00,619.611,0.175,0.17,0.18,0.825,0.82,0.83,,,,
2026-01-06 13:40:20.625000+00:00,2026-01-06 13:40:21.032733+00:00,620.625,0.175,0.17,0.18,0.825,0.82,0.83,,,,
2026-01-06 13:40:21.274000+00:00,2026-01-06 13:40:22.033522+00:00,621.274,0.175,0.17,0.18,0.825,0.82,0.83,,,,
2026-01-06 13:40:22.402000+00:00,2026-01-06 13:40:23.048389+00:00,622.402,0.175,0.17,0.18,0.825,0.82,0.83,,,,
2026-01-06 13:40:23.645000+00:00,2026-01-06 13:40:24.048167+00:00,623.645,0.175,0.17,0.18,0.825,0.82,0.83,,,,
2026-01-06 13:40:24.648000+00:00,2026-01-06 13:40:25.049988+00:00,624.648,0.16,0.15,0.17,0.845,0.84,0.85,,,,
2026-01-06 13:40:25.403000+00:00,2026-01-06 13:40:26.048167+00:00,625.403,0.16,0.15,0.17,0.84,0.83,0.85,,,,
2026-01-06 13:40:26.433000+00:00,2026-01-06 13:40:27.064250+00:00,626.433,0.16,0.15,0.17,0.845,0.84,0.85,,,,
2026-01-06 13:40:27.527000+00:00,2026-01-06 13:40:28.066491+00:00,627.527,0.155,0.15,0.16,0.845,0.84,0.85,,,,
2026-01-06 13:40:28.703000+00:00,2026-01-06 13:40:29.068273+00:00,628.703,0.16,0.15,0.17,0.84,0.83,0.85,,,,
2026-01-06 13:40:29.541000+00:00,2026-01-06 13:40:30.067476+00:00,629.541,0.16,0.15,0.17,0.84,0.83,0.85,,,,
2026-01-06 13:40:30.573000+00:00,2026-01-06 13:40:31.071915+00:00,630.573,0.155,0.14,0.17,0.845,0.83,0.86,,,,
2026-01-06 13:40:31.718000+00:00,2026-01-06 13:40:32.076850+00:00,631.718,0.16,0.15,0.17,0.84,0.83,0.85,,,,
2026-01-06 13:40:32.718000+00:00,2026-01-06 13:40:33.095538+00:00,632.718,0.15,0.14,0.16,0.85,0.84,0.86,,,,
2026-01-06 13:40:33.688000+00:00,2026-01-06 13:40:34.106639+00:00,633.688,0.145,0.14,0.15,0.855,0.85,0.86,,,,
2026-01-06 13:40:34.711000+00:00,2026-01-06 13:40:35.115788+00:00,634.711,0.15,0.14,0.16,0.85,0.84,0.86,,,,
2026-01-06 13:40:35.729000+00:00,2026-01-06 13:40:36.126087+00:00,635.729,0.15,0.14,0.16,0.85,0.84,0.86,,,,
2026-01-06 13:40:36.767000+00:00,2026-01-06 13:40:37.143812+00:00,636.767,0.15,0.14,0.16,0.86,0.85,0.87,,,,
2026-01-06 13:40:37.819000+00:00,2026-01-06 13:40:38.147219+00:00,637.819,0.125,0.11,0.14,0.885,0.88,0.89,,,,
2026-01-06 13:40:38.781000+00:00,2026-01-06 13:40:39.147503+00:00,638.781,0.105,0.1,0.11,0.915,0.89,0.94,,,,
2026-01-06 13:40:39.765000+00:00,2026-01-06 13:40:40.160815+00:00,639.765,0.065,0.06,0.07,0.935,0.93,0.94,,,,
2026-01-06 13:40:40.726000+00:00,2026-01-06 13:40:41.165710+00:00,640.726,0.065,0.06,0.07,0.935,0.93,0.94,,,,
2026-01-06 13:40:41.813000+00:00,2026-01-06 13:40:42.175530+00:00,641.813,0.09,0.08,0.1,0.91,0.9,0.92,,,,
2026-01-06 13:40:42.771000+00:00,2026-01-06 13:40:43.174596+00:00,642.771,0.07,0.06,0.08,0.93,0.92,0.94,,,,
2026-01-06 13:40:43.717000+00:00,2026-01-06 13:40:44.181748+00:00,643.717,0.075,0.06,0.09,0.93,0.92,0.94,,,,
2026-01-06 13:40:44.831000+00:00,2026-01-06 13:40:45.195619+00:00,644.831,0.085,0.07,0.1,0.915,0.9,0.93,,,,
2026-01-06 13:40:45.432000+00:00,2026-01-06 13:40:46.206702+00:00,645.432,0.075,0.07,0.08,0.925,0.92,0.93,,,,
2026-01-06 13:40:46.745000+00:00,2026-01-06 13:40:47.214427+00:00,646.745,0.085,0.07,0.1,0.915,0.9,0.93,,,,
2026-01-06 13:40:47.832000+00:00,2026-01-06 13:40:48.219527+00:00,647.832,0.085,0.07,0.1,0.915,0.9,0.93,,,,
2026-01-06 13:40:48.825000+00:00,2026-01-06 13:40:49.212215+00:00,648.825,0.075,0.06,0.09,0.925,0.91,0.94,,,,
2026-01-06 13:40:49.764000+00:00,2026-01-06 13:40:50.214685+00:00,649.764,0.085,0.07,0.1,0.915,0.9,0.93,,,,
2026-01-06 13:40:50.873000+00:00,2026-01-06 13:40:51.232533+00:00,650.873,0.095,0.09,0.1,0.91,0.9,0.92,,,,
2026-01-06 13:40:51.875000+00:00,2026-01-06 13:40:52.232555+00:00,651.875,0.09,0.08,0.1,0.905,0.9,0.91,,,,
2026-01-06 13:40:52.752000+00:00,2026-01-06 13:40:53.231796+00:00,652.752,0.12,0.11,0.13,0.89,0.87,0.91,,,,
2026-01-06 13:40:53.799000+00:00,2026-01-06 13:40:54.230739+00:00,653.799,0.09,0.08,0.1,0.91,0.9,0.92,,,,
2026-01-06 13:40:54.850000+00:00,2026-01-06 13:40:55.231139+00:00,654.85,0.105,0.09,0.12,0.895,0.88,0.91,,,,
2026-01-06 13:40:55.497000+00:00,2026-01-06 13:40:56.247664+00:00,655.497,0.105,0.09,0.12,0.895,0.88,0.91,,,,
2026-01-06 13:40:56.835000+00:00,2026-01-06 13:40:57.248298+00:00,656.835,0.0849999999999999,0.08,0.09,0.915,0.91,0.92,,,,
2026-01-06 13:40:57.820000+00:00,2026-01-06 13:40:58.262066+00:00,657.82,0.09,0.08,0.1,0.91,0.9,0.92,,,,
2026-01-06 13:40:58.762000+00:00,2026-01-06 13:40:59.266845+00:00,658.762,0.09,0.07,0.11,0.91,0.89,0.93,,,,
2026-01-06 13:40:59.892000+00:00,2026-01-06 13:41:00.282760+00:00,659.892,0.075,0.07,0.08,0.925,0.92,0.93,,,,
2026-01-06 13:41:00.909000+00:00,2026-01-06 13:41:01.281856+00:00,660.909,0.105,0.1,0.11,0.895,0.89,0.9,,,,
2026-01-06 13:41:01.852000+00:00,2026-01-06 13:41:02.281422+00:00,661.852,0.105,0.1,0.11,0.895,0.89,0.9,,,,
2026-01-06 13:41:02.965000+00:00,2026-01-06 13:41:03.290089+00:00,662.965,0.105,0.1,0.11,0.895,0.89,0.9,,,,
2026-01-06 13:41:03.914000+00:00,2026-01-06 13:41:04.299022+00:00,663.914,0.105,0.1,0.11,0.895,0.89,0.9,,,,
2026-01-06 13:41:04.520000+00:00,2026-01-06 13:41:05.315024+00:00,664.52,0.105,0.1,0.11,0.895,0.89,0.9,,,,
2026-01-06 13:41:05.971000+00:00,2026-01-06 13:41:06.325263+00:00,665.971,0.11,0.1,0.12,0.89,0.88,0.9,,,,
2026-01-06 13:41:06.957000+00:00,2026-01-06 13:41:07.338472+00:00,666.957,0.115,0.1,0.13,0.88,0.87,0.89,,,,
2026-01-06 13:41:07.980000+00:00,2026-01-06 13:41:08.330306+00:00,667.98,0.14,0.13,0.15,0.86,0.85,0.87,,,,
2026-01-06 13:41:08.975000+00:00,2026-01-06 13:41:09.348788+00:00,668.975,0.13,0.11,0.15,0.87,0.85,0.89,,,,
2026-01-06 13:41:09.998000+00:00,2026-01-06 13:41:10.361513+00:00,669.998,0.105,0.1,0.11,0.895,0.89,0.9,,,,
2026-01-06 13:41:10.871000+00:00,2026-01-06 13:41:11.363429+00:00,670.871,0.11,0.1,0.12,0.89,0.88,0.9,,,,
2026-01-06 13:41:11.773000+00:00,2026-01-06 13:41:12.363113+00:00,671.773,0.11,0.1,0.12,0.89,0.88,0.9,,,,
2026-01-06 13:41:12.871000+00:00,2026-01-06 13:41:13.379664+00:00,672.871,0.11,0.1,0.12,0.89,0.88,0.9,,,,
2026-01-06 13:41:14.816000+00:00,2026-01-06 13:41:15.399133+00:00,674.816,0.115,0.1,0.13,0.885,0.87,0.9,,,,
2026-01-06 13:41:15.894000+00:00,2026-01-06 13:41:16.397155+00:00,675.894,0.115,0.1,0.13,0.885,0.87,0.9,,,,
2026-01-06 13:41:17.043000+00:00,2026-01-06 13:41:17.412307+00:00,677.043,0.105,0.1,0.11,0.895,0.89,0.9,,,,
2026-01-06 13:41:18.955000+00:00,2026-01-06 13:41:19.427848+00:00,678.955,0.105,0.1,0.11,0.895,0.89,0.9,,,,
2026-01-06 13:41:19.853000+00:00,2026-01-06 13:41:20.439336+00:00,679.853,0.105,0.1,0.11,0.895,0.89,0.9,,,,
2026-01-06 13:41:21.049000+00:00,2026-01-06 13:41:21.443091+00:00,681.049,0.105,0.1,0.11,0.895,0.89,0.9,,,,
2026-01-06 13:41:22.045000+00:00,2026-01-06 13:41:22.448113+00:00,682.045,0.1149999999999999,0.11,0.12,0.885,0.88,0.89,,,,
2026-01-06 13:41:23.054000+00:00,2026-01-06 13:41:23.448133+00:00,683.054,0.1149999999999999,0.11,0.12,0.885,0.88,0.89,,,,
2026-01-06 13:41:24.101000+00:00,2026-01-06 13:41:24.462536+00:00,684.101,0.1149999999999999,0.11,0.12,0.895,0.89,0.9,,,,
2026-01-06 13:41:25.055000+00:00,2026-01-06 13:41:25.463957+00:00,685.055,0.105,0.1,0.11,0.895,0.89,0.9,,,,
2026-01-06 13:41:26.109000+00:00,2026-01-06 13:41:26.482438+00:00,686.109,0.105,0.1,0.11,0.895,0.89,0.9,,,,
2026-01-06 13:41:27.057000+00:00,2026-01-06 13:41:27.491154+00:00,687.057,0.105,0.1,0.11,0.895,0.89,0.9,,,,
2026-01-06 13:41:28.346000+00:00,2026-01-06 13:41:29.480285+00:00,688.346,0.105,0.1,0.11,0.895,0.89,0.9,,,,
2026-01-06 13:41:30.020000+00:00,2026-01-06 13:41:30.497696+00:00,690.02,0.105,0.1,0.11,0.895,0.89,0.9,,,,
2026-01-06 13:41:31.973000+00:00,2026-01-06 13:41:32.527659+00:00,691.973,0.105,0.1,0.11,0.895,0.89,0.9,,,,
2026-01-06 13:41:32.981000+00:00,2026-01-06 13:41:33.546428+00:00,692.981,0.105,0.1,0.11,0.895,0.89,0.9,,,,
2026-01-06 13:41:33.933000+00:00,2026-01-06 13:41:34.566255+00:00,693.933,0.105,0.1,0.11,0.895,0.89,0.9,,,,
2026-01-06 13:41:35.890000+00:00,2026-01-06 13:41:37.598023+00:00,695.89,0.105,0.1,0.11,0.895,0.89,0.9,,,,
2026-01-06 13:41:38.243000+00:00,2026-01-06 13:41:38.596542+00:00,698.243,0.105,0.1,0.11,0.89,0.88,0.9,,,,
2026-01-06 13:41:39.146000+00:00,2026-01-06 13:41:39.606957+00:00,699.146,0.11,0.1,0.12,0.895,0.89,0.9,,,,
2026-01-06 13:41:40.256000+00:00,2026-01-06 13:41:40.613649+00:00,700.256,0.105,0.1,0.11,0.895,0.89,0.9,,,,
2026-01-06 13:41:41.979000+00:00,2026-01-06 13:41:42.662641+00:00,701.979,0.105,0.1,0.11,0.895,0.89,0.9,,,,
2026-01-06 13:41:43.200000+00:00,2026-01-06 13:41:43.661713+00:00,703.2,0.105,0.1,0.11,0.895,0.89,0.9,,,,
2026-01-06 13:41:44.978000+00:00,2026-01-06 13:41:45.678610+00:00,704.978,0.105,0.1,0.11,0.895,0.89,0.9,,,,
2026-01-06 13:41:46.225000+00:00,2026-01-06 13:41:47.696129+00:00,706.225,0.105,0.1,0.11,0.895,0.89,0.9,,,,
2026-01-06 13:41:48.345000+00:00,2026-01-06 13:41:48.712246+00:00,708.345,0.105,0.1,0.11,0.895,0.89,0.9,,,,
2026-01-06 13:41:49.795000+00:00,2026-01-06 13:41:50.713211+00:00,709.795,0.105,0.1,0.11,0.895,0.89,0.9,,,,
2026-01-06 13:41:51.347000+00:00,2026-01-06 13:41:51.726701+00:00,711.347,0.105,0.1,0.11,0.895,0.89,0.9,,,,
2026-01-06 13:41:52.135000+00:00,2026-01-06 13:41:52.730383+00:00,712.135,0.105,0.1,0.11,0.895,0.89,0.9,,,,
2026-01-06 13:41:53.855000+00:00,2026-01-06 13:41:54.745482+00:00,713.855,0.105,0.1,0.11,0.895,0.89,0.9,,,,
2026-01-06 13:41:55.188000+00:00,2026-01-06 13:41:55.748888+00:00,715.188,0.105,0.1,0.11,0.895,0.89,0.9,,,,
2026-01-06 13:41:56.152000+00:00,2026-01-06 13:41:56.769026+00:00,716.152,0.105,0.1,0.11,0.895,0.89,0.9,,,,
2026-01-06 13:41:57.999000+00:00,2026-01-06 13:41:58.781710+00:00,717.999,0.105,0.1,0.11,0.895,0.89,0.9,,,,
2026-01-06 13:41:58.977000+00:00,2026-01-06 13:41:59.782094+00:00,718.977,0.105,0.1,0.11,0.895,0.89,0.9,,,,
2026-01-06 13:42:00.275000+00:00,2026-01-06 13:42:00.796081+00:00,720.275,0.105,0.1,0.11,0.895,0.89,0.9,,,,
2026-01-06 13:42:01.421000+00:00,2026-01-06 13:42:01.795943+00:00,721.421,0.1149999999999999,0.11,0.12,0.875,0.86,0.89,,,,
2026-01-06 13:42:02.404000+00:00,2026-01-06 13:42:02.796558+00:00,722.404,0.12,0.11,0.13,0.88,0.87,0.89,,,,
2026-01-06 13:42:03.248000+00:00,2026-01-06 13:42:03.798255+00:00,723.248,0.1149999999999999,0.11,0.12,0.885,0.88,0.89,,,,
2026-01-06 13:42:04.471000+00:00,2026-01-06 13:42:04.812414+00:00,724.471,0.125,0.11,0.14,0.875,0.86,0.89,,,,
2026-01-06 13:42:05.374000+00:00,2026-01-06 13:42:05.828013+00:00,725.374,0.125,0.11,0.14,0.875,0.86,0.89,,,,
2026-01-06 13:42:06.471000+00:00,2026-01-06 13:42:06.850047+00:00,726.471,0.125,0.11,0.14,0.875,0.86,0.89,,,,
2026-01-06 13:42:07.252000+00:00,2026-01-06 13:42:07.841571+00:00,727.252,0.125,0.11,0.14,0.875,0.86,0.89,,,,
2026-01-06 13:42:08.461000+00:00,2026-01-06 13:42:08.851241+00:00,728.461,0.12,0.11,0.13,0.885,0.88,0.89,,,,
2026-01-06 13:42:09.367000+00:00,2026-01-06 13:42:09.870976+00:00,729.367,0.1149999999999999,0.11,0.12,0.885,0.88,0.89,,,,
2026-01-06 13:42:10.424000+00:00,2026-01-06 13:42:10.878470+00:00,730.424,0.1149999999999999,0.11,0.12,0.885,0.88,0.89,,,,
2026-01-06 13:42:11.170000+00:00,2026-01-06 13:42:11.887683+00:00,731.17,0.1149999999999999,0.11,0.12,0.885,0.88,0.89,,,,
2026-01-06 13:42:12.482000+00:00,2026-01-06 13:42:12.889928+00:00,732.482,0.1149999999999999,0.11,0.12,0.885,0.88,0.89,,,,
2026-01-06 13:42:13.240000+00:00,2026-01-06 13:42:13.894020+00:00,733.24,0.1149999999999999,0.11,0.12,0.885,0.88,0.89,,,,
2026-01-06 13:42:14.187000+00:00,2026-01-06 13:42:14.902932+00:00,734.187,0.1149999999999999,0.11,0.12,0.885,0.88,0.89,,,,
2026-01-06 13:42:15.488000+00:00,2026-01-06 13:42:15.924575+00:00,735.488,0.1149999999999999,0.11,0.12,0.885,0.88,0.89,,,,
2026-01-06 13:42:16.458000+00:00,2026-01-06 13:42:16.916743+00:00,736.458,0.1149999999999999,0.11,0.12,0.9,0.88,0.92,,,,
2026-01-06 13:42:17.323000+00:00,2026-01-06 13:42:17.927968+00:00,737.323,0.1,0.09,0.11,0.895,0.88,0.91,,,,
2026-01-06 13:42:18.349000+00:00,2026-01-06 13:42:18.939380+00:00,738.349,0.105,0.09,0.12,0.895,0.88,0.91,,,,
2026-01-06 13:42:19.588000+00:00,2026-01-06 13:42:19.962660+00:00,739.588,0.105,0.09,0.12,0.895,0.88,0.91,,,,
2026-01-06 13:42:20.033000+00:00,2026-01-06 13:42:20.967176+00:00,740.033,0.095,0.07,0.12,0.905,0.88,0.93,,,,
2026-01-06 13:42:21.531000+00:00,2026-01-06 13:42:21.962026+00:00,741.531,0.095,0.07,0.12,0.905,0.88,0.93,,,,
2026-01-06 13:42:22.524000+00:00,2026-01-06 13:42:22.977421+00:00,742.524,0.08,0.07,0.09,0.92,0.91,0.93,,,,
2026-01-06 13:42:23.589000+00:00,2026-01-06 13:42:23.993000+00:00,743.589,0.095,0.07,0.12,0.905,0.88,0.93,,,,
2026-01-06 13:42:24.575000+00:00,2026-01-06 13:42:25.012041+00:00,744.575,0.09,0.07,0.11,0.91,0.89,0.93,,,,
2026-01-06 13:42:25.608000+00:00,2026-01-06 13:42:26.027827+00:00,745.608,0.09,0.07,0.11,0.9,0.89,0.91,,,,
2026-01-06 13:42:26.673000+00:00,2026-01-06 13:42:27.040968+00:00,746.673,0.095,0.07,0.12,0.905,0.88,0.93,,,,
2026-01-06 13:42:27.690000+00:00,2026-01-06 13:42:28.060654+00:00,747.69,0.075,0.07,0.08,0.925,0.92,0.93,,,,
2026-01-06 13:42:28.567000+00:00,2026-01-06 13:42:29.059611+00:00,748.567,0.09,0.07,0.11,0.91,0.89,0.93,,,,
2026-01-06 13:42:29.507000+00:00,2026-01-06 13:42:30.062486+00:00,749.507,0.09,0.07,0.11,0.91,0.89,0.93,,,,
2026-01-06 13:42:30.646000+00:00,2026-01-06 13:42:31.077769+00:00,750.646,0.085,0.07,0.1,0.915,0.9,0.93,,,,
2026-01-06 13:42:31.622000+00:00,2026-01-06 13:42:32.093400+00:00,751.622,0.085,0.07,0.1,0.915,0.9,0.93,,,,
2026-01-06 13:42:32.620000+00:00,2026-01-06 13:42:33.094023+00:00,752.62,0.085,0.07,0.1,0.915,0.9,0.93,,,,
2026-01-06 13:42:33.543000+00:00,2026-01-06 13:42:34.112801+00:00,753.543,0.085,0.07,0.1,0.915,0.9,0.93,,,,
2026-01-06 13:42:34.746000+00:00,2026-01-06 13:42:35.112255+00:00,754.746,0.08,0.07,0.09,0.92,0.91,0.93,,,,
2026-01-06 13:42:35.677000+00:00,2026-01-06 13:42:36.128519+00:00,755.677,0.0849999999999999,0.08,0.09,0.915,0.91,0.92,,,,
2026-01-06 13:42:36.772000+00:00,2026-01-06 13:42:37.146020+00:00,756.772,0.0849999999999999,0.08,0.09,0.915,0.91,0.92,,,,
2026-01-06 13:42:37.570000+00:00,2026-01-06 13:42:38.160362+00:00,757.57,0.0849999999999999,0.08,0.09,0.915,0.91,0.92,,,,
2026-01-06 13:42:38.784000+00:00,2026-01-06 13:42:39.185051+00:00,758.784,0.0849999999999999,0.08,0.09,0.915,0.91,0.92,,,,
2026-01-06 13:42:39.815000+00:00,2026-01-06 13:42:40.193224+00:00,759.815,0.0849999999999999,0.08,0.09,0.915,0.91,0.92,,,,
2026-01-06 13:42:40.841000+00:00,2026-01-06 13:42:41.209842+00:00,760.841,0.0849999999999999,0.08,0.09,0.915,0.91,0.92,,,,
2026-01-06 13:42:41.864000+00:00,2026-01-06 13:42:42.224853+00:00,761.864,0.0849999999999999,0.08,0.09,0.915,0.91,0.92,,,,
2026-01-06 13:42:42.720000+00:00,2026-01-06 13:42:43.234083+00:00,762.72,0.0849999999999999,0.08,0.09,0.915,0.91,0.92,,,,
2026-01-06 13:42:43.650000+00:00,2026-01-06 13:42:44.243771+00:00,763.65,0.0849999999999999,0.08,0.09,0.915,0.91,0.92,,,,
2026-01-06 13:42:44.778000+00:00,2026-01-06 13:42:45.261195+00:00,764.778,0.0849999999999999,0.08,0.09,0.915,0.91,0.92,,,,
2026-01-06 13:42:45.908000+00:00,2026-01-06 13:42:46.260726+00:00,765.908,0.0849999999999999,0.08,0.09,0.915,0.91,0.92,,,,
2026-01-06 13:42:46.591000+00:00,2026-01-06 13:42:47.261988+00:00,766.591,0.0849999999999999,0.08,0.09,0.915,0.91,0.92,,,,
2026-01-06 13:42:47.881000+00:00,2026-01-06 13:42:48.277033+00:00,767.881,0.0849999999999999,0.08,0.09,0.915,0.91,0.92,,,,
2026-01-06 13:42:48.523000+00:00,2026-01-06 13:42:49.280918+00:00,768.523,0.0849999999999999,0.08,0.09,0.915,0.91,0.92,,,,
2026-01-06 13:42:49.722000+00:00,2026-01-06 13:42:50.292203+00:00,769.722,0.0849999999999999,0.08,0.09,0.915,0.91,0.92,,,,
2026-01-06 13:42:50.705000+00:00,2026-01-06 13:42:51.295344+00:00,770.705,0.08,0.07,0.09,0.92,0.91,0.93,,,,
2026-01-06 13:42:51.913000+00:00,2026-01-06 13:42:52.302746+00:00,771.913,0.07,0.06,0.08,0.93,0.92,0.94,,,,
2026-01-06 13:42:52.635000+00:00,2026-01-06 13:42:53.306494+00:00,772.635,0.07,0.06,0.08,0.93,0.92,0.94,,,,
2026-01-06 13:42:53.805000+00:00,2026-01-06 13:42:54.318691+00:00,773.805,0.07,0.06,0.08,0.93,0.92,0.94,,,,
2026-01-06 13:42:54.599000+00:00,2026-01-06 13:42:55.319506+00:00,774.599,0.065,0.05,0.08,0.935,0.92,0.95,,,,
2026-01-06 13:42:55.912000+00:00,2026-01-06 13:42:56.326166+00:00,775.912,0.04,0.03,0.05,0.945,0.92,0.97,,,,
2026-01-06 13:42:56.968000+00:00,2026-01-06 13:42:57.328165+00:00,776.968,0.045,0.03,0.06,0.955,0.94,0.97,,,,
2026-01-06 13:42:57.906000+00:00,2026-01-06 13:42:58.326449+00:00,777.906,0.04,0.03,0.05,0.96,0.95,0.97,,,,
2026-01-06 13:42:58.858000+00:00,2026-01-06 13:42:59.329344+00:00,778.858,0.04,0.03,0.05,0.975,0.97,0.98,,,,
2026-01-06 13:42:59.988000+00:00,2026-01-06 13:43:00.340902+00:00,779.988,0.04,0.03,0.05,0.96,0.95,0.97,,,,
2026-01-06 13:43:00.833000+00:00,2026-01-06 13:43:01.334847+00:00,780.833,0.04,0.03,0.05,0.96,0.95,0.97,,,,
2026-01-06 13:43:01.923000+00:00,2026-01-06 13:43:02.343911+00:00,781.923,0.04,0.03,0.05,0.96,0.95,0.97,,,,
2026-01-06 13:43:02.930000+00:00,2026-01-06 13:43:03.345890+00:00,782.93,0.04,0.03,0.05,0.96,0.95,0.97,,,,
2026-01-06 13:43:03.950000+00:00,2026-01-06 13:43:04.343782+00:00,783.95,0.025,0.02,0.03,0.975,0.97,0.98,,,,
2026-01-06 13:43:04.949000+00:00,2026-01-06 13:43:05.351734+00:00,784.949,0.025,0.02,0.03,0.975,0.97,0.98,,,,
2026-01-06 13:43:05.859000+00:00,2026-01-06 13:43:06.351394+00:00,785.859,0.025,0.02,0.03,0.975,0.97,0.98,,,,
2026-01-06 13:43:06.603000+00:00,2026-01-06 13:43:07.351000+00:00,786.603,0.025,0.02,0.03,0.975,0.97,0.98,,,,
2026-01-06 13:43:07.595000+00:00,2026-01-06 13:43:08.359906+00:00,787.595,0.025,0.02,0.03,0.975,0.97,0.98,,,,
2026-01-06 13:43:08.926000+00:00,2026-01-06 13:43:09.370689+00:00,788.926,0.025,0.02,0.03,0.975,0.97,0.98,,,,
2026-01-06 13:43:09.614000+00:00,2026-01-06 13:43:10.375194+00:00,789.614,0.025,0.02,0.03,0.975,0.97,0.98,,,,
2026-01-06 13:43:10.760000+00:00,2026-01-06 13:43:11.367306+00:00,790.76,0.025,0.02,0.03,0.975,0.97,0.98,,,,
2026-01-06 13:43:11.553000+00:00,2026-01-06 13:43:12.376408+00:00,791.553,0.025,0.02,0.03,0.975,0.97,0.98,,,,
2026-01-06 13:43:12.662000+00:00,2026-01-06 13:43:13.387274+00:00,792.662,0.025,0.02,0.03,0.975,0.97,0.98,,,,
2026-01-06 13:43:13.897000+00:00,2026-01-06 13:43:14.391073+00:00,793.897,0.025,0.02,0.03,0.975,0.97,0.98,,,,
2026-01-06 13:43:14.990000+00:00,2026-01-06 13:43:15.391945+00:00,794.99,0.035,0.03,0.04,0.965,0.96,0.97,,,,
2026-01-06 13:43:16.679000+00:00,2026-01-06 13:43:17.392171+00:00,796.679,0.035,0.03,0.04,0.965,0.96,0.97,,,,
2026-01-06 13:43:17.934000+00:00,2026-01-06 13:43:18.410016+00:00,797.934,0.035,0.03,0.04,0.965,0.96,0.97,,,,
2026-01-06 13:43:19.018000+00:00,2026-01-06 13:43:19.408634+00:00,799.018,0.035,0.03,0.04,0.965,0.96,0.97,,,,
2026-01-06 13:43:20.024000+00:00,2026-01-06 13:43:20.409990+00:00,800.024,0.035,0.03,0.04,0.965,0.96,0.97,,,,
2026-01-06 13:43:21.895000+00:00,2026-01-06 13:43:22.431591+00:00,801.895,0.035,0.03,0.04,0.965,0.96,0.97,,,,
2026-01-06 13:43:22.753000+00:00,2026-01-06 13:43:23.442637+00:00,802.753,0.035,0.03,0.04,0.965,0.96,0.97,,,,
2026-01-06 13:43:23.774000+00:00,2026-01-06 13:43:24.441741+00:00,803.774,0.035,0.03,0.04,0.965,0.96,0.97,,,,
2026-01-06 13:43:25.945000+00:00,2026-01-06 13:43:26.457770+00:00,805.945,0.045,0.04,0.05,0.955,0.95,0.96,,,,
2026-01-06 13:43:26.942000+00:00,2026-01-06 13:43:27.459788+00:00,806.942,0.045,0.04,0.05,0.955,0.95,0.96,,,,
2026-01-06 13:43:28.020000+00:00,2026-01-06 13:43:28.458589+00:00,808.02,0.035,0.03,0.04,0.965,0.96,0.97,,,,
2026-01-06 13:43:29.115000+00:00,2026-01-06 13:43:29.476188+00:00,809.115,0.035,0.03,0.04,0.985,0.98,0.99,,,,
2026-01-06 13:43:30.930000+00:00,2026-01-06 13:43:31.488306+00:00,810.93,0.02,0.01,0.03,0.98,0.97,0.99,,,,
2026-01-06 13:43:31.916000+00:00,2026-01-06 13:43:32.492566+00:00,811.916,0.02,0.01,0.03,0.98,0.97,0.99,,,,
2026-01-06 13:43:32.749000+00:00,2026-01-06 13:43:33.500111+00:00,812.749,0.015,0.01,0.02,0.985,0.98,0.99,,,,
2026-01-06 13:43:34.114000+00:00,2026-01-06 13:43:34.509348+00:00,814.114,0.015,0.01,0.02,0.985,0.98,0.99,,,,
2026-01-06 13:43:35.055000+00:00,2026-01-06 13:43:35.526676+00:00,815.055,0.015,0.01,0.02,0.985,0.98,0.99,,,,
2026-01-06 13:43:36.990000+00:00,2026-01-06 13:43:37.541679+00:00,816.99,0.015,0.01,0.02,0.985,0.98,0.99,,,,
2026-01-06 13:43:38.705000+00:00,2026-01-06 13:43:39.573948+00:00,818.705,0.015,0.01,0.02,0.985,0.98,0.99,,,,
2026-01-06 13:43:40.254000+00:00,2026-01-06 13:43:40.589687+00:00,820.254,0.035,0.03,0.04,0.965,0.96,0.97,,,,
2026-01-06 13:43:41.262000+00:00,2026-01-06 13:43:41.608997+00:00,821.262,0.035,0.03,0.04,0.965,0.96,0.97,,,,
2026-01-06 13:43:42.197000+00:00,2026-01-06 13:43:42.608087+00:00,822.197,0.035,0.03,0.04,0.965,0.96,0.97,,,,
2026-01-06 13:43:43.185000+00:00,2026-01-06 13:43:43.624330+00:00,823.185,0.035,0.03,0.04,0.965,0.96,0.97,,,,
2026-01-06 13:43:44.205000+00:00,2026-01-06 13:43:44.624846+00:00,824.205,0.035,0.03,0.04,0.965,0.96,0.97,,,,
2026-01-06 13:43:45.249000+00:00,2026-01-06 13:43:45.625824+00:00,825.249,0.035,0.03,0.04,0.965,0.96,0.97,,,,
2026-01-06 13:43:46.748000+00:00,2026-01-06 13:43:47.656879+00:00,826.748,0.035,0.03,0.04,0.965,0.96,0.97,,,,
2026-01-06 13:43:48.134000+00:00,2026-01-06 13:43:48.642928+00:00,828.134,0.035,0.03,0.04,0.965,0.96,0.97,,,,
2026-01-06 13:43:49.310000+00:00,2026-01-06 13:43:49.656109+00:00,829.31,0.035,0.03,0.04,0.965,0.96,0.97,,,,
2026-01-06 13:43:50.020000+00:00,2026-01-06 13:43:50.652067+00:00,830.02,0.035,0.03,0.04,0.965,0.96,0.97,,,,
2026-01-06 13:43:51.261000+00:00,2026-01-06 13:43:51.660344+00:00,831.261,0.035,0.03,0.04,0.965,0.96,0.97,,,,
2026-01-06 13:43:52.277000+00:00,2026-01-06 13:43:52.668536+00:00,832.277,0.035,0.03,0.04,0.965,0.96,0.97,,,,
2026-01-06 13:43:53.135000+00:00,2026-01-06 13:43:53.657688+00:00,833.135,0.035,0.03,0.04,0.965,0.96,0.97,,,,
2026-01-06 13:43:54.144000+00:00,2026-01-06 13:43:54.666530+00:00,834.144,0.035,0.03,0.04,0.965,0.96,0.97,,,,
2026-01-06 13:43:55.962000+00:00,2026-01-06 13:43:56.704876+00:00,835.962,0.035,0.03,0.04,0.965,0.96,0.97,,,,
2026-01-06 13:43:57.242000+00:00,2026-01-06 13:43:57.709968+00:00,837.242,0.035,0.03,0.04,0.965,0.96,0.97,,,,
2026-01-06 13:43:58.189000+00:00,2026-01-06 13:43:58.722947+00:00,838.189,0.035,0.03,0.04,0.965,0.96,0.97,,,,
2026-01-06 13:43:59.337000+00:00,2026-01-06 13:43:59.727821+00:00,839.337,0.035,0.03,0.04,0.965,0.96,0.97,,,,
2026-01-06 13:44:00.587000+00:00,2026-01-06 13:44:01.004590+00:00,840.587,0.025,0.02,0.03,0.975,0.97,0.98,,,,
2026-01-06 13:44:01.376000+00:00,2026-01-06 13:44:01.815285+00:00,841.376,0.025,0.02,0.03,0.975,0.97,0.98,,,,
2026-01-06 13:44:02.024000+00:00,2026-01-06 13:44:02.822303+00:00,842.024,0.025,0.02,0.03,0.975,0.97,0.98,,,,
2026-01-06 13:44:03.477000+00:00,2026-01-06 13:44:03.839610+00:00,843.477,0.025,0.02,0.03,0.975,0.97,0.98,,,,
2026-01-06 13:44:04.358000+00:00,2026-01-06 13:44:04.841144+00:00,844.358,0.01,,0.01,0.99,0.99,,,,,
2026-01-06 13:44:05.230000+00:00,2026-01-06 13:44:05.840077+00:00,845.23,0.01,,0.01,0.99,0.99,,,,,
2026-01-06 13:44:06.059000+00:00,2026-01-06 13:44:06.840628+00:00,846.059,0.01,,0.01,0.99,0.99,,,,,
2026-01-06 13:44:07.425000+00:00,2026-01-06 13:44:07.849469+00:00,847.425,0.01,,0.01,0.99,0.99,,,,,
2026-01-06 13:44:08.409000+00:00,2026-01-06 13:44:08.856447+00:00,848.409,0.01,,0.01,0.99,0.99,,,,,
2026-01-06 13:44:09.438000+00:00,2026-01-06 13:44:09.874706+00:00,849.438,0.01,,0.01,0.99,0.99,,,,,
2026-01-06 13:44:10.046000+00:00,2026-01-06 13:44:10.888268+00:00,850.046,0.01,,0.01,0.99,0.99,,,,,
2026-01-06 13:44:11.015000+00:00,2026-01-06 13:44:11.875916+00:00,851.015,0.01,,0.01,0.99,0.99,,,,,
2026-01-06 13:44:12.451000+00:00,2026-01-06 13:44:12.873674+00:00,852.451,0.01,,0.01,0.99,0.99,,,,,
2026-01-06 13:44:13.417000+00:00,2026-01-06 13:44:13.874823+00:00,853.417,0.01,,0.01,0.99,0.99,,,,,
2026-01-06 13:44:14.305000+00:00,2026-01-06 13:44:14.889675+00:00,854.305,0.01,,0.01,0.99,0.99,,,,,
2026-01-06 13:44:15.421000+00:00,2026-01-06 13:44:15.894233+00:00,855.421,0.01,,0.01,0.99,0.99,,,,,
2026-01-06 13:44:16.033000+00:00,2026-01-06 13:44:16.901298+00:00,856.033,0.01,,0.01,0.99,0.99,,,,,
2026-01-06 13:44:17.250000+00:00,2026-01-06 13:44:18.942078+00:00,857.25,0.01,,0.01,0.99,0.99,,,,,
2026-01-06 13:44:19.648000+00:00,2026-01-06 13:44:20.958559+00:00,859.648,0.01,,0.01,0.99,0.99,,,,,
2026-01-06 13:44:21.178000+00:00,2026-01-06 13:44:21.958026+00:00,861.178,0.01,,0.01,0.99,0.99,,,,,
2026-01-06 13:44:22.467000+00:00,2026-01-06 13:44:23.976924+00:00,862.467,0.01,,0.01,0.99,0.99,,,,,
2026-01-06 13:44:24.182000+00:00,2026-01-06 13:44:24.992630+00:00,864.182,0.01,,0.01,0.99,0.99,,,,,
2026-01-06 13:44:25.186000+00:00,2026-01-06 13:44:25.990838+00:00,865.186,0.01,,0.01,0.99,0.99,,,,,
2026-01-06 13:44:26.955000+00:00,2026-01-06 13:44:30.007788+00:00,866.955,0.01,,0.01,0.99,0.99,,,,,
2026-01-06 13:44:30.669000+00:00,2026-01-06 13:44:31.022842+00:00,870.669,0.01,,0.01,0.99,0.99,,,,,
2026-01-06 13:44:31.365000+00:00,2026-01-06 13:44:32.031617+00:00,871.365,0.01,,0.01,0.99,0.99,,,,,
2026-01-06 13:44:32.666000+00:00,2026-01-06 13:44:33.040646+00:00,872.666,0.01,,0.01,0.99,0.99,,,,,
2026-01-06 13:44:33.983000+00:00,2026-01-06 13:44:37.108252+00:00,873.983,0.01,,0.01,0.99,0.99,,,,,
2026-01-06 13:44:37.863000+00:00,2026-01-06 13:44:40.122930+00:00,877.863,0.01,,0.01,0.99,0.99,,,,,
2026-01-06 13:44:40.270000+00:00,2026-01-06 13:44:41.121211+00:00,880.27,0.01,,0.01,0.99,0.99,,,,,
2026-01-06 13:44:41.762000+00:00,2026-01-06 13:44:42.122514+00:00,881.762,0.01,,0.01,0.99,0.99,,,,,
2026-01-06 13:44:42.002000+00:00,2026-01-06 13:44:44.118684+00:00,882.002,0.01,,0.01,0.99,0.99,,,,,
2026-01-06 13:44:44.160000+00:00,2026-01-06 13:44:45.123611+00:00,884.16,0.01,,0.01,0.99,0.99,,,,,
2026-01-06 13:44:45.619000+00:00,2026-01-06 13:44:46.123534+00:00,885.619,0.01,,0.01,0.99,0.99,,,,,
2026-01-06 13:44:46.919000+00:00,2026-01-06 13:44:48.154386+00:00,886.919,0.01,,0.01,0.99,0.99,,,,,
2026-01-06 13:44:48.425000+00:00,2026-01-06 13:44:49.156340+00:00,888.425,0.01,,0.01,0.99,0.99,,,,,
2026-01-06 13:44:49.509000+00:00,2026-01-06 13:44:50.170955+00:00,889.509,0.01,,0.01,0.99,0.99,,,,,
2026-01-06 13:44:50.712000+00:00,2026-01-06 13:44:51.187611+00:00,890.712,0.01,,0.01,0.99,0.99,,,,,
2026-01-06 13:44:51.784000+00:00,2026-01-06 13:44:52.205941+00:00,891.784,0.01,,0.01,0.99,0.99,,,,,
2026-01-06 13:44:52.855000+00:00,2026-01-06 13:44:54.220918+00:00,892.855,0.01,,0.01,0.99,0.99,,,,,
2026-01-06 13:44:54.500000+00:00,2026-01-06 13:44:55.218892+00:00,894.5,0.01,,0.01,0.99,0.99,,,,,
2026-01-06 13:44:55.874000+00:00,2026-01-06 13:44:56.232540+00:00,895.874,0.01,,0.01,0.99,0.99,,,,,
2026-01-06 13:44:56.454000+00:00,2026-01-06 13:44:57.247178+00:00,896.454,0.01,,0.01,0.99,0.99,,,,,
2026-01-06 13:44:57.896000+00:00,2026-01-06 13:44:58.254698+00:00,897.896,0.01,,0.01,0.99,0.99,,,,,
2026-01-06 13:44:58.779000+00:00,2026-01-06 13:44:59.273216+00:00,898.779,0.01,,0.01,0.99,0.99,,,,,
2026-01-06 13:44:59.383000+00:00,2026-01-06 13:45:00.284212+00:00,899.383,0.525,0.51,0.54,0.48,0.46,0.5,,,,
