timestamp,collected_at,seconds,up_mid,up_best_bid,up_best_ask,down_mid,down_best_bid,down_best_ask,up_best_bid_size,up_best_ask_size,down_best_bid_size,down_best_ask_size,up_bid_2,up_bid_2_size,up_ask_2,up_ask_2_size,up_bid_3,up_bid_3_size,up_ask_3,up_ask_3_size,up_bid_4,up_bid_4_size,up_ask_4,up_ask_4_size,up_bid_5,up_bid_5_size,up_ask_5,up_ask_5_size,up_bid_6,up_bid_6_size,up_ask_6,up_ask_6_size,down_bid_2,down_bid_2_size,down_ask_2,down_ask_2_size,down_bid_3,down_bid_3_size,down_ask_3,down_ask_3_size,down_bid_4,down_bid_4_size,down_ask_4,down_ask_4_size,down_bid_5,down_bid_5_size,down_ask_5,down_ask_5_size,down_bid_6,down_bid_6_size,down_ask_6,down_ask_6_size
2026-01-07 06:45:00.981000+00:00,2026-01-07 06:44:58.398415+00:00,0.981,0.01,,0.01,0.99,0.99,,,22603.68,194572.68,,,,0.02,766.38,,,0.03,152.15,,,0.04,95.42,,,0.05,176.19,,,0.06,55.0,0.98,766.38,,,0.97,152.15,,,0.96,95.42,,,0.95,176.19,,,0.94,55.0,,
2026-01-07 06:45:01.545000+00:00,2026-01-07 06:44:59.404247+00:00,1.545,0.01,,0.01,0.99,0.99,,,210760.61,215760.61,,,,0.02,761.38,,,0.03,152.15,,,0.04,95.42,,,0.05,176.19,,,0.06,55.0,0.98,761.38,,,0.97,152.15,,,0.96,95.42,,,0.95,176.19,,,0.94,55.0,,
2026-01-07 06:45:02.994000+00:00,2026-01-07 06:45:00.409932+00:00,2.994,0.515,0.51,0.52,0.485,0.48,0.49,266.24,3954.39,3954.39,266.24,0.5,539.99,0.53,5.0,0.49,346.44,0.54,244.89,0.48,131.0,0.55,100.0,0.47,231.0,0.56,700.0,0.46,310.5,0.59,122.0,0.47,5.0,0.5,661.99,0.46,244.89,0.51,346.44,0.45,100.0,0.52,131.0,0.44,700.0,0.53,231.0,0.41,122.0,0.54,310.5
2026-01-07 06:45:03.995000+00:00,2026-01-07 06:45:01.433204+00:00,3.995,0.515,0.51,0.52,0.485,0.48,0.49,406.06,3821.39,3841.39,406.06,0.5,722.99,0.54,244.89,0.49,407.44,0.55,100.0,0.48,131.0,0.56,700.0,0.47,231.0,0.59,183.0,0.46,310.5,0.6,253.0,0.46,244.89,0.5,722.99,0.45,100.0,0.51,407.44,0.44,700.0,0.52,131.0,0.41,183.0,0.53,231.0,0.4,253.0,0.54,310.5
2026-01-07 06:45:05.023000+00:00,2026-01-07 06:45:02.439385+00:00,5.023,0.515,0.51,0.52,0.485,0.48,0.49,562.06,3633.39,3633.39,577.06,0.5,737.99,0.53,45.0,0.49,407.44,0.54,274.89,0.48,131.0,0.55,120.0,0.47,231.0,0.56,700.0,0.46,310.5,0.59,183.0,0.47,45.0,0.5,737.99,0.46,274.89,0.51,407.44,0.45,120.0,0.52,131.0,0.44,700.0,0.53,231.0,0.41,183.0,0.54,310.5
2026-01-07 06:45:06.822000+00:00,2026-01-07 06:45:04.448153+00:00,6.822,0.515,0.51,0.52,0.485,0.48,0.49,577.06,3101.39,3101.39,577.06,0.5,767.99,0.53,80.0,0.49,422.44,0.54,319.89,0.48,166.0,0.55,155.0,0.47,266.0,0.56,735.0,0.46,345.5,0.57,35.0,0.47,80.0,0.5,767.99,0.46,319.89,0.51,422.44,0.45,155.0,0.52,166.0,0.44,735.0,0.53,266.0,0.43,35.0,0.54,345.5
2026-01-07 06:45:07.996000+00:00,2026-01-07 06:45:05.457634+00:00,7.996,0.515,0.51,0.52,0.485,0.48,0.49,569.06,3101.39,3101.39,569.06,0.5,772.99,0.53,80.0,0.49,417.44,0.54,319.89,0.48,166.0,0.55,155.0,0.47,266.0,0.56,735.0,0.46,345.5,0.57,35.0,0.47,80.0,0.5,772.99,0.46,319.89,0.51,417.44,0.45,155.0,0.52,166.0,0.44,735.0,0.53,266.0,0.43,35.0,0.54,345.5
2026-01-07 06:45:09.047000+00:00,2026-01-07 06:45:06.463984+00:00,9.047,0.515,0.51,0.52,0.485,0.48,0.49,566.06,3097.54,3097.54,566.06,0.5,757.99,0.53,120.0,0.49,502.44,0.54,384.89,0.48,236.0,0.55,210.0,0.47,336.0,0.56,810.0,0.46,415.5,0.57,105.0,0.47,120.0,0.5,757.99,0.46,384.89,0.51,502.44,0.45,210.0,0.52,358.0,0.44,810.0,0.53,336.0,0.43,105.0,0.54,536.5
2026-01-07 06:45:10.982000+00:00,2026-01-07 06:45:08.476027+00:00,10.982,0.515,0.51,0.52,0.485,0.48,0.49,566.06,3097.54,3097.54,566.06,0.5,799.99,0.53,204.0,0.49,586.44,0.54,396.89,0.48,419.0,0.55,210.0,0.47,336.0,0.56,805.0,0.46,536.5,0.57,105.0,0.47,204.0,0.5,799.99,0.46,396.89,0.51,586.44,0.45,210.0,0.52,419.0,0.44,805.0,0.53,336.0,0.43,105.0,0.54,536.5
2026-01-07 06:45:12.001000+00:00,2026-01-07 06:45:09.481408+00:00,12.001,0.515,0.51,0.52,0.485,0.48,0.49,566.06,3083.77,3083.77,566.06,0.5,799.99,0.53,204.0,0.49,586.44,0.54,396.89,0.48,419.0,0.55,210.0,0.47,336.0,0.56,805.0,0.46,536.5,0.57,105.0,0.47,204.0,0.5,799.99,0.46,396.89,0.51,586.44,0.45,210.0,0.52,419.0,0.44,805.0,0.53,336.0,0.43,105.0,0.54,536.5
2026-01-07 06:45:13.063000+00:00,2026-01-07 06:45:10.489714+00:00,13.063,0.515,0.51,0.52,0.485,0.48,0.49,566.06,3040.56,3040.56,566.06,0.5,799.99,0.53,204.0,0.49,586.44,0.54,396.89,0.48,419.0,0.55,210.0,0.47,336.0,0.56,805.0,0.46,541.5,0.57,105.0,0.47,204.0,0.5,799.99,0.46,396.89,0.51,586.44,0.45,210.0,0.52,419.0,0.44,805.0,0.53,336.0,0.43,105.0,0.54,541.5
2026-01-07 06:45:14.094000+00:00,2026-01-07 06:45:11.512897+00:00,14.094,0.515,0.51,0.52,0.485,0.48,0.49,566.06,3025.69,3125.69,486.06,0.5,799.99,0.53,204.0,0.49,586.44,0.54,396.89,0.48,419.0,0.55,210.0,0.47,336.0,0.56,805.0,0.46,536.5,0.57,105.0,0.47,65.0,0.5,722.99,0.46,481.89,0.51,407.44,0.45,332.0,0.52,394.0,0.44,805.0,0.53,401.0,0.43,313.0,0.54,603.5
2026-01-07 06:45:15.057000+00:00,2026-01-07 06:45:12.522547+00:00,15.057,0.515,0.51,0.52,0.485,0.48,0.49,82.06,3106.09,3106.09,82.06,0.5,413.99,0.53,145.0,0.49,412.44,0.54,577.89,0.48,429.0,0.55,393.0,0.47,454.0,0.56,988.0,0.46,649.5,0.57,432.0,0.47,145.0,0.5,413.99,0.46,577.89,0.51,412.44,0.45,393.0,0.52,429.0,0.44,988.0,0.53,454.0,0.43,432.0,0.54,649.5
2026-01-07 06:45:16.065000+00:00,2026-01-07 06:45:13.528310+00:00,16.065,0.515,0.51,0.52,0.485,0.48,0.49,24.38,3044.3,3044.3,24.38,0.5,418.99,0.53,145.0,0.49,118.44,0.54,577.89,0.48,429.0,0.55,393.0,0.47,454.0,0.56,988.0,0.46,733.5,0.57,432.0,0.47,145.0,0.5,418.99,0.46,577.89,0.51,118.44,0.45,393.0,0.52,429.0,0.44,988.0,0.53,454.0,0.43,432.0,0.54,721.5
2026-01-07 06:45:17.073000+00:00,2026-01-07 06:45:14.534986+00:00,17.073,0.515,0.51,0.52,0.485,0.48,0.49,24.54,3021.3,3009.53,9.54,0.5,418.99,0.53,145.0,0.49,183.44,0.54,577.89,0.48,409.0,0.55,393.0,0.47,523.0,0.56,988.0,0.46,661.5,0.57,374.0,0.47,145.0,0.5,418.99,0.46,577.89,0.51,183.44,0.45,393.0,0.52,409.0,0.44,988.0,0.53,523.0,0.43,374.0,0.54,661.5
2026-01-07 06:45:18.119000+00:00,2026-01-07 06:45:15.555934+00:00,18.119,0.515,0.51,0.52,0.485,0.48,0.49,9.54,3069.53,3009.53,9.54,0.5,418.99,0.53,157.0,0.49,289.44,0.54,577.89,0.48,515.0,0.55,393.0,0.47,509.0,0.56,988.0,0.46,724.5,0.57,432.0,0.47,169.0,0.5,418.99,0.46,577.89,0.51,301.44,0.45,393.0,0.52,503.0,0.44,988.0,0.53,509.0,0.43,432.0,0.54,724.5
2026-01-07 06:45:19.018000+00:00,2026-01-07 06:45:16.547755+00:00,19.018,0.515,0.51,0.52,0.485,0.48,0.49,9.54,3009.53,3009.53,9.54,0.5,418.99,0.53,229.0,0.49,325.44,0.54,577.89,0.48,503.0,0.55,393.0,0.47,509.0,0.56,988.0,0.46,719.5,0.57,432.0,0.47,229.0,0.5,418.99,0.46,577.89,0.51,325.44,0.45,393.0,0.52,503.0,0.44,988.0,0.53,509.0,0.43,432.0,0.54,719.5
2026-01-07 06:45:20.004000+00:00,2026-01-07 06:45:17.538328+00:00,20.004,0.515,0.51,0.52,0.485,0.48,0.49,9.54,3024.53,3024.53,9.54,0.5,418.99,0.53,229.0,0.49,325.44,0.54,577.89,0.48,503.0,0.55,393.0,0.47,509.0,0.56,988.0,0.46,719.5,0.57,432.0,0.47,229.0,0.5,418.99,0.46,577.89,0.51,325.44,0.45,393.0,0.52,503.0,0.44,988.0,0.53,509.0,0.43,432.0,0.54,719.5
2026-01-07 06:45:21.004000+00:00,2026-01-07 06:45:18.560242+00:00,21.004,0.515,0.51,0.52,0.485,0.48,0.49,1.54,3009.53,3009.53,1.54,0.5,418.99,0.53,229.0,0.49,325.44,0.54,516.89,0.48,468.0,0.55,393.0,0.47,534.0,0.56,988.0,0.46,694.5,0.57,432.0,0.47,229.0,0.5,418.99,0.46,577.89,0.51,325.44,0.45,393.0,0.52,468.0,0.44,988.0,0.53,534.0,0.43,432.0,0.54,694.5
2026-01-07 06:45:22.086000+00:00,2026-01-07 06:45:19.569535+00:00,22.086,0.515,0.51,0.52,0.485,0.48,0.49,1.54,3009.53,3009.53,1.54,0.5,418.99,0.53,229.0,0.49,325.44,0.54,577.89,0.48,468.0,0.55,393.0,0.47,534.0,0.56,988.0,0.46,699.5,0.57,432.0,0.47,229.0,0.5,418.99,0.46,577.89,0.51,325.44,0.45,393.0,0.52,468.0,0.44,988.0,0.53,534.0,0.43,432.0,0.54,699.5
2026-01-07 06:45:23.142000+00:00,2026-01-07 06:45:20.574452+00:00,23.142,0.515,0.51,0.52,0.485,0.48,0.49,1.54,3009.53,2919.47,1.54,0.5,418.99,0.53,229.0,0.49,325.44,0.54,577.89,0.48,468.0,0.55,393.0,0.47,534.0,0.56,988.0,0.46,699.5,0.57,432.0,0.47,229.0,0.5,418.99,0.46,577.89,0.51,325.44,0.45,393.0,0.52,468.0,0.44,988.0,0.53,534.0,0.43,432.0,0.54,694.5
2026-01-07 06:45:24.157000+00:00,2026-01-07 06:45:21.583486+00:00,24.157,0.505,0.5,0.51,0.495,0.49,0.5,387.49,120.0,120.0,381.49,0.49,306.44,0.52,2914.47,0.48,492.0,0.53,194.0,0.47,534.0,0.54,577.89,0.46,694.5,0.55,393.0,0.45,409.0,0.56,953.0,0.48,2914.47,0.51,322.44,0.47,194.0,0.52,492.0,0.46,577.89,0.53,534.0,0.45,393.0,0.54,694.5,0.44,953.0,0.55,409.0
2026-01-07 06:45:25.051000+00:00,2026-01-07 06:45:22.590786+00:00,25.051,0.505,0.5,0.51,0.495,0.49,0.5,449.61,37.13,37.13,449.61,0.49,287.44,0.52,2949.47,0.48,527.0,0.53,194.0,0.47,509.0,0.54,577.89,0.46,719.5,0.55,393.0,0.45,409.0,0.56,953.0,0.48,2949.47,0.51,287.44,0.47,194.0,0.52,527.0,0.46,577.89,0.53,509.0,0.45,393.0,0.54,719.5,0.44,953.0,0.55,409.0
2026-01-07 06:45:26.952000+00:00,2026-01-07 06:45:24.616173+00:00,26.952,0.505,0.5,0.51,0.495,0.49,0.5,449.61,37.13,37.13,449.61,0.49,287.44,0.52,2941.47,0.48,527.0,0.53,194.0,0.47,509.0,0.54,577.89,0.46,724.5,0.55,393.0,0.45,409.0,0.56,953.0,0.48,2941.47,0.51,287.44,0.47,194.0,0.52,527.0,0.46,577.89,0.53,509.0,0.45,393.0,0.54,724.5,0.44,953.0,0.55,409.0
2026-01-07 06:45:28.807000+00:00,2026-01-07 06:45:26.645390+00:00,28.807,0.515,0.51,0.52,0.485,0.48,0.49,384.0,2631.47,2736.47,304.0,0.5,770.61,0.53,119.0,0.49,632.44,0.54,411.89,0.48,439.0,0.55,210.0,0.47,534.0,0.56,805.0,0.46,719.5,0.57,253.0,0.47,84.0,0.5,805.61,0.46,363.89,0.51,632.44,0.45,210.0,0.52,439.0,0.44,805.0,0.53,534.0,0.43,253.0,0.54,752.1
2026-01-07 06:45:30.021000+00:00,2026-01-07 06:45:27.667984+00:00,30.021,0.515,0.51,0.52,0.485,0.48,0.49,304.0,2721.5,2721.5,304.0,0.5,781.61,0.53,144.0,0.49,644.44,0.54,372.49,0.48,451.0,0.55,210.0,0.47,758.0,0.56,805.0,0.46,752.1,0.57,253.0,0.47,144.0,0.5,781.61,0.46,372.49,0.51,644.44,0.45,210.0,0.52,451.0,0.44,805.0,0.53,758.0,0.43,253.0,0.54,752.1
2026-01-07 06:45:31.259000+00:00,2026-01-07 06:45:28.674093+00:00,31.259,0.515,0.51,0.52,0.485,0.48,0.49,327.82,2694.62,2694.62,327.82,0.5,781.61,0.53,120.0,0.49,620.44,0.54,384.49,0.48,451.0,0.55,210.0,0.47,758.0,0.56,805.0,0.46,752.1,0.57,253.0,0.47,120.0,0.5,805.61,0.46,408.49,0.51,632.44,0.45,210.0,0.52,439.0,0.44,805.0,0.53,758.0,0.43,253.0,0.54,752.1
2026-01-07 06:45:32.254000+00:00,2026-01-07 06:45:29.676712+00:00,32.254,0.515,0.51,0.52,0.485,0.48,0.49,327.82,2707.65,2707.65,322.82,0.5,805.61,0.53,120.0,0.49,632.44,0.54,478.49,0.48,439.0,0.55,210.0,0.47,758.0,0.56,810.0,0.46,752.1,0.57,253.0,0.47,120.0,0.5,805.61,0.46,478.49,0.51,632.44,0.45,210.0,0.52,439.0,0.44,810.0,0.53,758.0,0.43,253.0,0.54,752.1
2026-01-07 06:45:33.270000+00:00,2026-01-07 06:45:30.697770+00:00,33.27,0.515,0.51,0.52,0.485,0.48,0.49,417.82,2625.68,2625.68,453.82,0.5,821.61,0.53,119.0,0.49,581.44,0.54,487.49,0.48,439.0,0.55,237.0,0.47,758.0,0.56,810.0,0.46,752.1,0.57,253.0,0.47,95.0,0.5,809.61,0.46,475.49,0.51,557.44,0.45,273.0,0.52,439.0,0.44,810.0,0.53,758.0,0.43,253.0,0.54,752.1
2026-01-07 06:45:34.263000+00:00,2026-01-07 06:45:31.704464+00:00,34.263,0.515,0.51,0.52,0.485,0.48,0.49,417.82,2623.71,2619.77,402.82,0.5,809.61,0.53,355.0,0.49,557.44,0.54,463.49,0.48,439.0,0.55,237.0,0.47,758.0,0.56,810.0,0.46,752.1,0.57,253.0,0.47,355.0,0.5,809.61,0.46,475.49,0.51,593.44,0.45,237.0,0.52,439.0,0.44,810.0,0.53,758.0,0.43,253.0,0.54,752.1
2026-01-07 06:45:35.263000+00:00,2026-01-07 06:45:32.709804+00:00,35.263,0.515,0.51,0.52,0.485,0.48,0.49,402.82,2615.83,2615.83,402.82,0.5,785.61,0.53,367.0,0.49,617.44,0.54,463.49,0.48,439.0,0.55,225.0,0.47,758.0,0.56,810.0,0.46,752.1,0.57,253.0,0.47,379.0,0.5,770.61,0.46,466.49,0.51,632.44,0.45,210.0,0.52,439.0,0.44,810.0,0.53,758.0,0.43,253.0,0.54,752.1
2026-01-07 06:45:36.164000+00:00,2026-01-07 06:45:33.730433+00:00,36.164,0.515,0.51,0.52,0.485,0.48,0.49,392.82,2610.83,2610.83,392.82,0.5,775.61,0.53,391.0,0.49,632.44,0.54,466.49,0.48,439.0,0.55,210.0,0.47,758.0,0.56,805.0,0.46,752.1,0.57,253.0,0.47,391.0,0.5,775.61,0.46,466.49,0.51,632.44,0.45,210.0,0.52,439.0,0.44,805.0,0.53,758.0,0.43,253.0,0.54,752.1
2026-01-07 06:45:37.102000+00:00,2026-01-07 06:45:35.743933+00:00,37.102,0.515,0.51,0.52,0.485,0.48,0.49,397.82,2610.83,2610.83,397.82,0.5,770.61,0.53,391.0,0.49,632.44,0.54,466.49,0.48,439.0,0.55,210.0,0.47,758.0,0.56,805.0,0.46,752.1,0.57,253.0,0.47,391.0,0.5,770.61,0.46,466.49,0.51,632.44,0.45,210.0,0.52,439.0,0.44,805.0,0.53,758.0,0.43,253.0,0.54,752.1
2026-01-07 06:45:39.210000+00:00,2026-01-07 06:45:36.767369+00:00,39.21,0.515,0.51,0.52,0.485,0.48,0.49,412.82,2610.83,2610.83,412.82,0.5,785.61,0.53,391.0,0.49,617.44,0.54,451.49,0.48,439.0,0.55,225.0,0.47,758.0,0.56,805.0,0.46,757.1,0.57,253.0,0.47,391.0,0.5,785.61,0.46,451.49,0.51,617.44,0.45,225.0,0.52,439.0,0.44,805.0,0.53,758.0,0.43,253.0,0.54,757.1
2026-01-07 06:45:40.180000+00:00,2026-01-07 06:45:37.774304+00:00,40.18,0.515,0.51,0.52,0.485,0.48,0.49,229.82,2610.83,2610.83,229.82,0.5,785.61,0.53,391.0,0.49,617.44,0.54,451.49,0.48,439.0,0.55,225.0,0.47,758.0,0.56,805.0,0.46,757.1,0.57,253.0,0.47,391.0,0.5,785.61,0.46,451.49,0.51,617.44,0.45,225.0,0.52,439.0,0.44,805.0,0.53,758.0,0.43,253.0,0.54,757.1
2026-01-07 06:45:41.359000+00:00,2026-01-07 06:45:38.780241+00:00,41.359,0.515,0.51,0.52,0.485,0.48,0.49,229.82,2608.42,2608.42,244.82,0.5,785.61,0.53,403.0,0.49,617.44,0.54,439.49,0.48,439.0,0.55,225.0,0.47,758.0,0.56,805.0,0.46,752.1,0.57,253.0,0.47,403.0,0.5,785.61,0.46,439.49,0.51,617.44,0.45,225.0,0.52,439.0,0.44,805.0,0.53,758.0,0.43,253.0,0.54,752.1
2026-01-07 06:45:42.316000+00:00,2026-01-07 06:45:39.801472+00:00,42.316,0.515,0.51,0.52,0.485,0.48,0.49,237.82,2600.42,2600.42,237.82,0.5,795.61,0.53,403.0,0.49,617.44,0.54,439.49,0.48,439.0,0.55,225.0,0.47,758.0,0.56,805.0,0.46,752.1,0.57,253.0,0.47,403.0,0.5,795.61,0.46,439.49,0.51,617.44,0.45,225.0,0.52,439.0,0.44,805.0,0.53,758.0,0.43,253.0,0.54,752.1
2026-01-07 06:45:43.125000+00:00,2026-01-07 06:45:40.822211+00:00,43.125,0.515,0.51,0.52,0.485,0.48,0.49,229.82,2500.42,2500.42,229.82,0.5,795.61,0.53,403.0,0.49,617.44,0.54,439.49,0.48,439.0,0.55,225.0,0.47,758.0,0.56,805.0,0.46,752.1,0.57,253.0,0.47,403.0,0.5,795.61,0.46,439.49,0.51,617.44,0.45,225.0,0.52,439.0,0.44,805.0,0.53,758.0,0.43,253.0,0.54,752.1
2026-01-07 06:45:44.199000+00:00,2026-01-07 06:45:41.843868+00:00,44.199,0.515,0.51,0.52,0.485,0.48,0.49,102.37,2596.42,2596.42,102.37,0.5,749.61,0.53,319.0,0.49,572.44,0.54,442.49,0.48,523.0,0.55,210.0,0.47,770.0,0.56,805.0,0.46,757.1,0.57,253.0,0.47,319.0,0.5,749.61,0.46,442.49,0.51,572.44,0.45,210.0,0.52,523.0,0.44,805.0,0.53,770.0,0.43,253.0,0.54,757.1
2026-01-07 06:45:45.262000+00:00,2026-01-07 06:45:42.850232+00:00,45.262,0.515,0.51,0.52,0.485,0.48,0.49,102.37,2548.42,2512.42,102.37,0.5,749.61,0.53,319.0,0.49,572.44,0.54,442.49,0.48,523.0,0.55,210.0,0.47,758.0,0.56,805.0,0.46,752.1,0.57,253.0,0.47,355.0,0.5,749.61,0.46,454.49,0.51,572.44,0.45,210.0,0.52,463.0,0.44,805.0,0.53,758.0,0.43,253.0,0.54,752.1
2026-01-07 06:45:46.123000+00:00,2026-01-07 06:45:43.856794+00:00,46.123,0.515,0.51,0.52,0.485,0.48,0.49,102.37,2520.42,2520.42,102.37,0.5,749.61,0.53,391.0,0.49,656.44,0.54,454.49,0.48,451.0,0.55,210.0,0.47,758.0,0.56,805.0,0.46,752.1,0.57,253.0,0.47,391.0,0.5,749.61,0.46,454.49,0.51,656.44,0.45,210.0,0.52,451.0,0.44,805.0,0.53,758.0,0.43,253.0,0.54,752.1
2026-01-07 06:45:47.036000+00:00,2026-01-07 06:45:44.861884+00:00,47.036,0.515,0.51,0.52,0.485,0.48,0.49,102.37,2520.42,2520.42,102.37,0.5,749.61,0.53,391.0,0.49,656.44,0.54,454.49,0.48,451.0,0.55,210.0,0.47,758.0,0.56,805.0,0.46,752.1,0.57,253.0,0.47,391.0,0.5,749.61,0.46,454.49,0.51,656.44,0.45,210.0,0.52,451.0,0.44,805.0,0.53,758.0,0.43,253.0,0.54,752.1
2026-01-07 06:45:48.433000+00:00,2026-01-07 06:45:45.860148+00:00,48.433,0.515,0.51,0.52,0.485,0.48,0.49,102.37,2518.49,2518.49,102.37,0.5,749.61,0.53,391.0,0.49,656.44,0.54,454.49,0.48,451.0,0.55,210.0,0.47,758.0,0.56,805.0,0.46,757.1,0.57,253.0,0.47,391.0,0.5,749.61,0.46,454.49,0.51,656.44,0.45,210.0,0.52,451.0,0.44,805.0,0.53,758.0,0.43,253.0,0.54,757.1
2026-01-07 06:45:49.332000+00:00,2026-01-07 06:45:46.869570+00:00,49.332,0.515,0.51,0.52,0.485,0.48,0.49,102.37,2512.72,2512.72,102.37,0.5,749.61,0.53,391.0,0.49,656.44,0.54,454.49,0.48,451.0,0.55,210.0,0.47,758.0,0.56,805.0,0.46,757.1,0.57,253.0,0.47,391.0,0.5,749.61,0.46,454.49,0.51,656.44,0.45,210.0,0.52,451.0,0.44,805.0,0.53,758.0,0.43,253.0,0.54,757.1
2026-01-07 06:45:50.347000+00:00,2026-01-07 06:45:47.875099+00:00,50.347,0.515,0.51,0.52,0.485,0.48,0.49,102.37,2512.72,2512.72,102.37,0.5,749.61,0.53,391.0,0.49,656.44,0.54,454.49,0.48,451.0,0.55,210.0,0.47,758.0,0.56,805.0,0.46,752.1,0.57,253.0,0.47,391.0,0.5,749.61,0.46,454.49,0.51,656.44,0.45,210.0,0.52,451.0,0.44,805.0,0.53,758.0,0.43,253.0,0.54,752.1
2026-01-07 06:45:51.182000+00:00,2026-01-07 06:45:48.899587+00:00,51.182,0.515,0.51,0.52,0.485,0.48,0.49,102.37,2512.72,2512.72,102.37,0.5,749.61,0.53,391.0,0.49,656.44,0.54,454.49,0.48,451.0,0.55,210.0,0.47,758.0,0.56,805.0,0.46,752.1,0.57,253.0,0.47,391.0,0.5,749.61,0.46,454.49,0.51,656.44,0.45,210.0,0.52,451.0,0.44,805.0,0.53,758.0,0.43,253.0,0.54,752.1
2026-01-07 06:45:52.327000+00:00,2026-01-07 06:45:49.908065+00:00,52.327,0.515,0.51,0.52,0.485,0.48,0.49,102.37,2510.72,2510.72,102.37,0.5,749.61,0.53,391.0,0.49,656.44,0.54,454.49,0.48,451.0,0.55,210.0,0.47,758.0,0.56,805.0,0.46,752.1,0.57,253.0,0.47,391.0,0.5,749.61,0.46,454.49,0.51,656.44,0.45,210.0,0.52,451.0,0.44,805.0,0.53,758.0,0.43,253.0,0.54,752.1
2026-01-07 06:45:53.501000+00:00,2026-01-07 06:45:50.912399+00:00,53.501,0.515,0.51,0.52,0.485,0.48,0.49,210.37,2460.88,2460.88,210.37,0.5,779.61,0.53,356.0,0.49,656.44,0.54,454.49,0.48,451.0,0.55,210.0,0.47,758.0,0.56,805.0,0.46,757.1,0.57,253.0,0.47,356.0,0.5,779.61,0.46,454.49,0.51,656.44,0.45,210.0,0.52,451.0,0.44,805.0,0.53,758.0,0.43,253.0,0.54,757.1
2026-01-07 06:45:54.240000+00:00,2026-01-07 06:45:51.922285+00:00,54.24,0.515,0.51,0.52,0.485,0.48,0.49,210.37,2460.88,2460.88,210.37,0.5,779.61,0.53,356.0,0.49,656.44,0.54,454.49,0.48,451.0,0.55,210.0,0.47,758.0,0.56,805.0,0.46,752.1,0.57,253.0,0.47,356.0,0.5,779.61,0.46,454.49,0.51,656.44,0.45,210.0,0.52,451.0,0.44,805.0,0.53,758.0,0.43,253.0,0.54,752.1
2026-01-07 06:45:55.389000+00:00,2026-01-07 06:45:52.928058+00:00,55.389,0.515,0.51,0.52,0.485,0.48,0.49,210.37,2460.88,2460.88,210.37,0.5,779.61,0.53,371.0,0.49,641.44,0.54,439.49,0.48,466.0,0.55,210.0,0.47,758.0,0.56,927.0,0.46,752.1,0.57,253.0,0.47,371.0,0.5,779.61,0.46,439.49,0.51,641.44,0.45,210.0,0.52,466.0,0.44,927.0,0.53,758.0,0.43,253.0,0.54,752.1
2026-01-07 06:45:56.234000+00:00,2026-01-07 06:45:53.935997+00:00,56.234,0.515,0.51,0.52,0.485,0.48,0.49,27.37,2458.14,2458.14,27.37,0.5,779.61,0.53,371.0,0.49,641.44,0.54,439.49,0.48,466.0,0.55,210.0,0.47,758.0,0.56,988.0,0.46,752.1,0.57,253.0,0.47,371.0,0.5,779.61,0.46,439.49,0.51,641.44,0.45,210.0,0.52,466.0,0.44,988.0,0.53,758.0,0.43,253.0,0.54,752.1
2026-01-07 06:45:57.453000+00:00,2026-01-07 06:45:54.941219+00:00,57.453,0.515,0.51,0.52,0.485,0.48,0.49,27.37,2444.37,2444.37,27.37,0.5,779.61,0.53,371.0,0.49,641.44,0.54,439.49,0.48,466.0,0.55,210.0,0.47,758.0,0.56,988.0,0.46,752.1,0.57,253.0,0.47,371.0,0.5,779.61,0.46,439.49,0.51,641.44,0.45,210.0,0.52,466.0,0.44,988.0,0.53,758.0,0.43,253.0,0.54,752.1
2026-01-07 06:45:58.270000+00:00,2026-01-07 06:45:55.945961+00:00,58.27,0.515,0.51,0.52,0.485,0.48,0.49,27.37,2444.37,2444.37,27.37,0.5,779.61,0.53,371.0,0.49,641.44,0.54,439.49,0.48,466.0,0.55,210.0,0.47,758.0,0.56,988.0,0.46,757.1,0.57,253.0,0.47,371.0,0.5,779.61,0.46,439.49,0.51,641.44,0.45,210.0,0.52,466.0,0.44,988.0,0.53,758.0,0.43,253.0,0.54,757.1
2026-01-07 06:45:59.508000+00:00,2026-01-07 06:45:56.951069+00:00,59.508,0.505,0.5,0.51,0.495,0.49,0.5,763.61,177.63,177.63,763.61,0.49,646.44,0.52,2444.37,0.48,466.0,0.53,371.0,0.47,758.0,0.54,439.49,0.46,752.1,0.55,210.0,0.45,409.0,0.56,988.0,0.48,2456.37,0.51,662.44,0.47,335.0,0.52,466.0,0.46,427.49,0.53,758.0,0.45,210.0,0.54,752.1,0.44,988.0,0.55,409.0
2026-01-07 06:46:00.446000+00:00,2026-01-07 06:45:57.957530+00:00,60.446,0.505,0.5,0.51,0.495,0.49,0.5,763.61,177.63,177.63,763.61,0.49,558.44,0.52,2504.37,0.48,478.0,0.53,323.0,0.47,758.0,0.54,427.49,0.46,752.1,0.55,210.0,0.45,409.0,0.56,988.0,0.48,2504.37,0.51,558.44,0.47,323.0,0.52,478.0,0.46,427.49,0.53,758.0,0.45,210.0,0.54,752.1,0.44,988.0,0.55,409.0
2026-01-07 06:46:01.468000+00:00,2026-01-07 06:45:58.965597+00:00,61.468,0.505,0.5,0.51,0.495,0.49,0.5,763.61,177.63,177.63,763.61,0.49,558.44,0.52,2504.37,0.48,498.0,0.53,323.0,0.47,758.0,0.54,427.49,0.46,752.1,0.55,210.0,0.45,409.0,0.56,988.0,0.48,2504.37,0.51,558.44,0.47,323.0,0.52,498.0,0.46,427.49,0.53,758.0,0.45,210.0,0.54,752.1,0.44,988.0,0.55,409.0
2026-01-07 06:46:02.430000+00:00,2026-01-07 06:45:59.969237+00:00,62.43,0.505,0.5,0.51,0.495,0.49,0.5,763.61,205.63,205.63,763.61,0.49,558.44,0.52,2504.37,0.48,498.0,0.53,393.0,0.47,758.0,0.54,427.49,0.46,757.1,0.55,210.0,0.45,409.0,0.56,988.0,0.48,2504.37,0.51,558.44,0.47,393.0,0.52,498.0,0.46,427.49,0.53,758.0,0.45,210.0,0.54,757.1,0.44,988.0,0.55,409.0
2026-01-07 06:46:03.540000+00:00,2026-01-07 06:46:00.977869+00:00,63.54,0.505,0.5,0.51,0.495,0.49,0.5,763.61,205.63,205.63,778.61,0.49,562.0,0.52,2504.37,0.48,483.0,0.53,378.0,0.47,758.0,0.54,442.49,0.46,752.1,0.55,210.0,0.45,409.0,0.56,988.0,0.48,2504.37,0.51,562.0,0.47,378.0,0.52,483.0,0.46,442.49,0.53,758.0,0.45,210.0,0.54,752.1,0.44,988.0,0.55,409.0
2026-01-07 06:46:04.345000+00:00,2026-01-07 06:46:01.981574+00:00,64.345,0.505,0.5,0.51,0.495,0.49,0.5,771.61,205.63,205.63,763.61,0.49,562.0,0.52,2504.37,0.48,483.0,0.53,378.0,0.47,758.0,0.54,442.49,0.46,752.1,0.55,210.0,0.45,409.0,0.56,988.0,0.48,2504.37,0.51,562.0,0.47,378.0,0.52,483.0,0.46,442.49,0.53,758.0,0.45,210.0,0.54,752.1,0.44,988.0,0.55,409.0
2026-01-07 06:46:05.587000+00:00,2026-01-07 06:46:02.987155+00:00,65.587,0.505,0.5,0.51,0.495,0.49,0.5,787.81,205.63,205.63,787.81,0.49,547.0,0.52,2504.37,0.48,483.0,0.53,378.0,0.47,758.0,0.54,442.49,0.46,752.1,0.55,210.0,0.45,409.0,0.56,988.0,0.48,2504.37,0.51,562.0,0.47,378.0,0.52,483.0,0.46,442.49,0.53,758.0,0.45,210.0,0.54,752.1,0.44,988.0,0.55,409.0
2026-01-07 06:46:06.429000+00:00,2026-01-07 06:46:03.995441+00:00,66.429,0.505,0.5,0.51,0.495,0.49,0.5,787.81,185.63,185.63,787.81,0.49,523.0,0.52,2524.37,0.48,522.0,0.53,393.0,0.47,758.0,0.54,427.49,0.46,752.1,0.55,210.0,0.45,409.0,0.56,988.0,0.48,2524.37,0.51,523.0,0.47,393.0,0.52,522.0,0.46,427.49,0.53,758.0,0.45,210.0,0.54,752.1,0.44,988.0,0.55,409.0
2026-01-07 06:46:07.884000+00:00,2026-01-07 06:46:06.008235+00:00,67.884,0.505,0.5,0.51,0.495,0.49,0.5,787.81,185.63,185.63,787.81,0.49,538.0,0.52,2524.37,0.48,507.0,0.53,378.0,0.47,758.0,0.54,442.49,0.46,752.1,0.55,210.0,0.45,409.0,0.56,993.0,0.48,2524.37,0.51,538.0,0.47,378.0,0.52,507.0,0.46,442.49,0.53,758.0,0.45,210.0,0.54,752.1,0.44,993.0,0.55,409.0
2026-01-07 06:46:09.304000+00:00,2026-01-07 06:46:07.015625+00:00,69.304,0.505,0.5,0.51,0.495,0.49,0.5,787.81,185.63,185.63,787.81,0.49,538.0,0.52,2524.37,0.48,507.0,0.53,378.0,0.47,758.0,0.54,442.49,0.46,752.1,0.55,210.0,0.45,409.0,0.56,993.0,0.48,2524.37,0.51,538.0,0.47,378.0,0.52,507.0,0.46,442.49,0.53,758.0,0.45,210.0,0.54,752.1,0.44,993.0,0.55,409.0
2026-01-07 06:46:10.041000+00:00,2026-01-07 06:46:08.022503+00:00,70.041,0.505,0.5,0.51,0.495,0.49,0.5,792.81,185.63,185.63,795.81,0.49,538.0,0.52,2524.37,0.48,507.0,0.53,378.0,0.47,758.0,0.54,442.49,0.46,752.1,0.55,210.0,0.45,409.0,0.56,988.0,0.48,2524.37,0.51,538.0,0.47,378.0,0.52,507.0,0.46,442.49,0.53,758.0,0.45,210.0,0.54,752.1,0.44,988.0,0.55,409.0
2026-01-07 06:46:11.600000+00:00,2026-01-07 06:46:09.026631+00:00,71.6,0.505,0.5,0.51,0.495,0.49,0.5,787.81,183.21,183.21,795.81,0.49,538.0,0.52,2524.37,0.48,507.0,0.53,378.0,0.47,758.0,0.54,442.49,0.46,752.1,0.55,210.0,0.45,409.0,0.56,988.0,0.48,2524.37,0.51,538.0,0.47,378.0,0.52,507.0,0.46,442.49,0.53,758.0,0.45,210.0,0.54,752.1,0.44,988.0,0.55,409.0
2026-01-07 06:46:12.452000+00:00,2026-01-07 06:46:10.033646+00:00,72.452,0.505,0.5,0.51,0.495,0.49,0.5,787.81,188.21,183.21,787.81,0.49,523.0,0.52,2524.37,0.48,522.0,0.53,393.0,0.47,758.0,0.54,427.49,0.46,752.1,0.55,210.0,0.45,409.0,0.56,988.0,0.48,2524.37,0.51,523.0,0.47,393.0,0.52,522.0,0.46,427.49,0.53,758.0,0.45,210.0,0.54,752.1,0.44,988.0,0.55,409.0
2026-01-07 06:46:13.017000+00:00,2026-01-07 06:46:11.041045+00:00,73.017,0.505,0.5,0.51,0.495,0.49,0.5,787.81,175.21,175.21,787.81,0.49,523.0,0.52,2524.37,0.48,522.0,0.53,393.0,0.47,758.0,0.54,427.49,0.46,752.1,0.55,210.0,0.45,409.0,0.56,993.0,0.48,2524.37,0.51,523.0,0.47,393.0,0.52,522.0,0.46,427.49,0.53,758.0,0.45,210.0,0.54,752.1,0.44,993.0,0.55,409.0
2026-01-07 06:46:14.566000+00:00,2026-01-07 06:46:12.049747+00:00,74.566,0.505,0.5,0.51,0.495,0.49,0.5,707.81,383.21,378.21,403.81,0.49,390.0,0.52,2525.37,0.48,542.0,0.53,501.0,0.47,821.0,0.54,549.49,0.46,752.1,0.55,332.0,0.45,409.0,0.56,958.0,0.48,2525.37,0.51,136.0,0.47,562.0,0.52,324.0,0.46,610.49,0.53,821.0,0.45,393.0,0.54,752.1,0.44,958.0,0.55,409.0
2026-01-07 06:46:15.537000+00:00,2026-01-07 06:46:13.055092+00:00,75.537,0.505,0.5,0.51,0.495,0.49,0.5,403.81,369.28,357.28,403.81,0.49,136.0,0.52,2505.37,0.48,324.0,0.53,562.0,0.47,821.0,0.54,610.49,0.46,752.1,0.55,393.0,0.45,409.0,0.56,953.0,0.48,2505.37,0.51,136.0,0.47,562.0,0.52,324.0,0.46,610.49,0.53,785.0,0.45,393.0,0.54,752.1,0.44,953.0,0.55,409.0
2026-01-07 06:46:16.599000+00:00,2026-01-07 06:46:14.057100+00:00,76.599,0.505,0.5,0.51,0.495,0.49,0.5,403.81,306.28,306.28,403.81,0.49,208.0,0.52,2478.37,0.48,194.0,0.53,601.0,0.47,758.0,0.54,610.49,0.46,752.1,0.55,393.0,0.45,409.0,0.56,953.0,0.48,2478.37,0.51,208.0,0.47,637.0,0.52,194.0,0.46,610.49,0.53,758.0,0.45,393.0,0.54,752.1,0.44,953.0,0.55,409.0
2026-01-07 06:46:17.630000+00:00,2026-01-07 06:46:15.065996+00:00,77.63,0.505,0.5,0.51,0.495,0.49,0.5,483.81,226.28,226.28,483.81,0.49,173.0,0.52,2513.37,0.48,194.0,0.53,637.0,0.47,758.0,0.54,610.49,0.46,752.1,0.55,393.0,0.45,409.0,0.56,953.0,0.48,2513.37,0.51,173.0,0.47,637.0,0.52,194.0,0.46,610.49,0.53,758.0,0.45,393.0,0.54,752.1,0.44,953.0,0.55,409.0
2026-01-07 06:46:18.535000+00:00,2026-01-07 06:46:16.090856+00:00,78.535,0.505,0.5,0.51,0.495,0.49,0.5,483.81,234.28,234.28,483.81,0.49,173.0,0.52,2513.37,0.48,194.0,0.53,637.0,0.47,758.0,0.54,610.49,0.46,752.1,0.55,393.0,0.45,409.0,0.56,958.0,0.48,2513.37,0.51,173.0,0.47,637.0,0.52,194.0,0.46,610.49,0.53,758.0,0.45,393.0,0.54,752.1,0.44,958.0,0.55,409.0
2026-01-07 06:46:19.658000+00:00,2026-01-07 06:46:17.098142+00:00,79.658,0.505,0.5,0.51,0.495,0.49,0.5,498.81,199.28,194.28,498.81,0.49,562.0,0.52,2388.37,0.48,483.0,0.53,449.0,0.47,758.0,0.54,442.49,0.46,752.1,0.55,210.0,0.45,409.0,0.56,988.0,0.48,2388.37,0.51,562.0,0.47,449.0,0.52,483.0,0.46,442.49,0.53,758.0,0.45,210.0,0.54,752.1,0.44,988.0,0.55,409.0
2026-01-07 06:46:20.634000+00:00,2026-01-07 06:46:18.105047+00:00,80.634,0.505,0.5,0.51,0.495,0.49,0.5,483.81,194.28,193.09,483.81,0.49,562.0,0.52,2388.37,0.48,483.0,0.53,449.0,0.47,758.0,0.54,442.49,0.46,752.1,0.55,210.0,0.45,409.0,0.56,988.0,0.48,2388.37,0.51,562.0,0.47,449.0,0.52,483.0,0.46,442.49,0.53,758.0,0.45,210.0,0.54,752.1,0.44,988.0,0.55,409.0
2026-01-07 06:46:21.455000+00:00,2026-01-07 06:46:19.111202+00:00,81.455,0.505,0.5,0.51,0.495,0.49,0.5,483.81,193.09,193.09,483.81,0.49,562.0,0.52,2468.37,0.48,483.0,0.53,414.0,0.47,758.0,0.54,442.49,0.46,752.1,0.55,210.0,0.45,409.0,0.56,988.0,0.48,2468.37,0.51,562.0,0.47,378.0,0.52,483.0,0.46,442.49,0.53,758.0,0.45,210.0,0.54,752.1,0.44,988.0,0.55,409.0
2026-01-07 06:46:22.706000+00:00,2026-01-07 06:46:20.116416+00:00,82.706,0.505,0.5,0.51,0.495,0.49,0.5,483.81,173.09,173.09,483.81,0.49,531.0,0.52,2524.37,0.48,498.0,0.53,378.0,0.47,758.0,0.54,442.49,0.46,752.1,0.55,210.0,0.45,409.0,0.56,993.0,0.48,2524.37,0.51,547.0,0.47,378.0,0.52,498.0,0.46,442.49,0.53,758.0,0.45,210.0,0.54,752.1,0.44,993.0,0.55,409.0
2026-01-07 06:46:23.641000+00:00,2026-01-07 06:46:21.124190+00:00,83.641,0.505,0.5,0.51,0.485,0.48,0.49,787.81,51.09,2524.37,9.91,0.49,547.0,0.52,2524.37,0.48,498.0,0.53,393.0,0.47,758.0,0.54,427.49,0.46,752.1,0.55,210.0,0.45,409.0,0.56,927.0,0.47,393.0,0.5,787.81,0.46,427.49,0.51,547.0,0.45,210.0,0.52,498.0,0.44,927.0,0.53,758.0,0.43,253.0,0.54,752.1
2026-01-07 06:46:24.144000+00:00,2026-01-07 06:46:22.128211+00:00,84.144,0.515,0.51,0.52,0.485,0.48,0.49,14.91,2452.37,2452.37,14.91,0.5,799.81,0.53,438.0,0.49,557.0,0.54,454.49,0.48,471.0,0.55,210.0,0.47,758.0,0.56,988.0,0.46,752.1,0.57,253.0,0.47,438.0,0.5,799.81,0.46,454.49,0.51,541.0,0.45,210.0,0.52,471.0,0.44,988.0,0.53,758.0,0.43,253.0,0.54,752.1
2026-01-07 06:46:25.653000+00:00,2026-01-07 06:46:23.133560+00:00,85.653,0.51,0.5,0.52,0.49,0.48,0.5,637.81,2452.37,2452.37,637.81,0.49,526.0,0.53,453.0,0.48,486.0,0.54,439.49,0.47,758.0,0.55,393.0,0.46,752.1,0.56,988.0,0.45,434.0,0.57,253.0,0.47,453.0,0.51,526.0,0.46,439.49,0.52,486.0,0.45,393.0,0.53,758.0,0.44,988.0,0.54,752.1,0.43,253.0,0.55,434.0
2026-01-07 06:46:26.646000+00:00,2026-01-07 06:46:24.141590+00:00,86.646,0.51,0.5,0.52,0.49,0.48,0.5,637.81,2452.37,2452.37,643.81,0.49,541.0,0.53,438.0,0.48,471.0,0.54,454.49,0.47,758.0,0.55,393.0,0.46,752.1,0.56,988.0,0.45,434.0,0.57,253.0,0.47,438.0,0.51,541.0,0.46,454.49,0.52,471.0,0.45,393.0,0.53,758.0,0.44,988.0,0.54,752.1,0.43,253.0,0.55,434.0
2026-01-07 06:46:27.553000+00:00,2026-01-07 06:46:25.150009+00:00,87.553,0.51,0.5,0.52,0.49,0.48,0.5,621.81,2452.37,2452.37,621.81,0.49,557.0,0.53,438.0,0.48,471.0,0.54,454.49,0.47,758.0,0.55,393.0,0.46,752.1,0.56,993.0,0.45,434.0,0.57,253.0,0.47,438.0,0.51,557.0,0.46,454.49,0.52,471.0,0.45,393.0,0.53,758.0,0.44,993.0,0.54,752.1,0.43,253.0,0.55,434.0
2026-01-07 06:46:28.597000+00:00,2026-01-07 06:46:26.157964+00:00,88.597,0.51,0.5,0.52,0.485,0.48,0.49,627.81,2458.44,2378.44,80.0,0.49,557.0,0.53,438.0,0.48,471.0,0.54,454.49,0.47,758.0,0.55,393.0,0.46,752.1,0.56,988.0,0.45,434.0,0.57,253.0,0.47,473.0,0.5,601.81,0.46,454.49,0.51,557.0,0.45,393.0,0.52,471.0,0.44,988.0,0.53,758.0,0.43,253.0,0.54,752.1
2026-01-07 06:46:29.747000+00:00,2026-01-07 06:46:27.177908+00:00,89.747,0.515,0.51,0.52,0.485,0.48,0.49,509.0,1070.2,1009.2,509.0,0.5,1072.81,0.53,5.0,0.49,454.0,0.54,277.49,0.48,484.0,0.55,155.0,0.47,534.0,0.56,790.0,0.46,732.1,0.57,127.0,0.47,5.0,0.5,1072.81,0.46,277.49,0.51,454.0,0.45,155.0,0.52,484.0,0.44,790.0,0.53,534.0,0.43,127.0,0.54,732.1
2026-01-07 06:46:30.755000+00:00,2026-01-07 06:46:28.177715+00:00,90.755,0.515,0.51,0.52,0.485,0.48,0.49,454.0,480.0,435.0,454.0,0.5,1072.81,0.53,5.0,0.49,454.0,0.54,277.49,0.48,484.0,0.55,140.0,0.47,534.0,0.56,710.0,0.46,732.1,0.57,163.0,0.47,5.0,0.5,1072.81,0.46,277.49,0.51,505.0,0.45,140.0,0.52,484.0,0.44,775.0,0.53,534.0,0.43,164.0,0.54,737.1
2026-01-07 06:46:31.767000+00:00,2026-01-07 06:46:29.186790+00:00,91.767,0.515,0.51,0.52,0.485,0.48,0.49,484.0,404.87,389.58,718.0,0.5,848.81,0.53,5.0,0.49,505.0,0.54,277.49,0.48,484.0,0.55,105.0,0.47,534.0,0.56,762.0,0.46,737.1,0.57,306.0,0.47,5.0,0.5,848.81,0.46,277.49,0.51,454.0,0.45,105.0,0.52,484.0,0.44,700.0,0.53,534.0,0.43,35.0,0.54,737.1
2026-01-07 06:46:32.745000+00:00,2026-01-07 06:46:30.191846+00:00,92.745,0.555,0.55,0.56,0.445,0.44,0.45,80.0,611.49,480.49,141.0,0.54,60.0,0.57,16.0,0.53,80.0,0.6,119.0,0.52,96.0,0.61,187.0,0.51,608.0,0.62,70.0,0.5,822.81,0.63,105.0,0.43,16.0,0.46,55.0,0.4,154.0,0.47,80.0,0.39,167.0,0.48,96.0,0.38,70.0,0.49,553.0,0.37,105.0,0.5,822.81
2026-01-07 06:46:33.781000+00:00,2026-01-07 06:46:31.211557+00:00,93.781,0.555,0.55,0.56,0.445,0.44,0.45,96.0,675.49,669.49,96.0,0.54,46.0,0.57,218.0,0.53,35.0,0.58,182.0,0.52,35.0,0.59,283.0,0.51,506.0,0.6,353.0,0.5,776.81,0.61,288.0,0.43,218.0,0.46,46.0,0.42,217.0,0.47,35.0,0.41,283.0,0.48,40.0,0.4,388.0,0.49,434.0,0.39,323.0,0.5,752.81
2026-01-07 06:46:34.862000+00:00,2026-01-07 06:46:32.216955+00:00,94.862,0.545,0.54,0.55,0.455,0.45,0.46,36.0,113.54,113.54,20.0,0.53,40.0,0.56,625.31,0.52,55.0,0.57,308.0,0.51,154.0,0.58,333.0,0.5,519.81,0.59,439.0,0.49,396.0,0.6,519.0,0.44,637.31,0.47,40.0,0.43,308.0,0.48,67.0,0.42,333.0,0.49,142.0,0.41,439.0,0.5,543.81,0.4,519.0,0.51,384.0
2026-01-07 06:46:35.783000+00:00,2026-01-07 06:46:33.223516+00:00,95.783,0.545,0.54,0.55,0.455,0.45,0.46,25.0,52.26,67.26,25.0,0.53,75.0,0.56,621.26,0.52,77.0,0.57,332.0,0.51,166.0,0.58,333.0,0.5,483.81,0.59,439.0,0.49,384.0,0.6,519.0,0.44,594.26,0.47,75.0,0.43,332.0,0.48,101.0,0.42,333.0,0.49,130.0,0.41,439.0,0.5,483.81,0.4,519.0,0.51,384.0
2026-01-07 06:46:36.678000+00:00,2026-01-07 06:46:34.262973+00:00,96.678,0.545,0.54,0.55,0.455,0.45,0.46,25.0,65.07,52.26,25.0,0.53,75.0,0.56,606.26,0.52,183.0,0.57,332.0,0.51,200.0,0.58,338.0,0.5,553.81,0.59,439.0,0.49,454.0,0.6,519.0,0.44,621.26,0.47,153.0,0.43,332.0,0.48,147.0,0.42,338.0,0.49,200.0,0.41,439.0,0.5,553.81,0.4,519.0,0.51,505.0
2026-01-07 06:46:37.798000+00:00,2026-01-07 06:46:35.269480+00:00,97.798,0.545,0.54,0.55,0.455,0.45,0.46,49.0,52.26,52.26,49.0,0.53,392.0,0.56,609.26,0.52,135.0,0.57,344.0,0.51,200.0,0.58,338.0,0.5,553.81,0.59,451.0,0.49,505.0,0.6,519.0,0.44,609.26,0.47,392.0,0.43,344.0,0.48,135.0,0.42,333.0,0.49,200.0,0.41,451.0,0.5,553.81,0.4,519.0,0.51,505.0
2026-01-07 06:46:38.832000+00:00,2026-01-07 06:46:36.292259+00:00,98.832,0.545,0.54,0.55,0.455,0.45,0.46,25.0,44.83,44.83,25.0,0.53,392.0,0.56,621.26,0.52,147.0,0.57,332.0,0.51,200.0,0.58,345.0,0.5,553.81,0.59,495.0,0.49,505.0,0.6,531.0,0.44,621.26,0.47,392.0,0.43,332.0,0.48,159.0,0.42,345.0,0.49,200.0,0.41,495.0,0.5,553.81,0.4,531.0,0.51,505.0
2026-01-07 06:46:39.732000+00:00,2026-01-07 06:46:37.299247+00:00,99.732,0.545,0.54,0.55,0.455,0.45,0.46,25.0,25.6,16.2,25.0,0.53,392.0,0.56,633.26,0.52,159.0,0.57,320.0,0.51,200.0,0.58,345.0,0.5,553.81,0.59,495.0,0.49,505.0,0.6,531.0,0.44,633.26,0.47,392.0,0.43,320.0,0.48,159.0,0.42,345.0,0.49,200.0,0.41,495.0,0.5,553.81,0.4,531.0,0.51,505.0
2026-01-07 06:46:40.809000+00:00,2026-01-07 06:46:38.311747+00:00,100.809,0.545,0.54,0.55,0.455,0.45,0.46,25.0,32.4,32.4,25.0,0.53,392.0,0.56,633.26,0.52,159.0,0.57,320.0,0.51,200.0,0.58,345.0,0.5,796.81,0.59,495.0,0.49,505.0,0.6,531.0,0.44,450.26,0.47,392.0,0.43,137.0,0.48,159.0,0.42,345.0,0.49,200.0,0.41,374.0,0.5,857.81,0.4,531.0,0.51,505.0
2026-01-07 06:46:41.870000+00:00,2026-01-07 06:46:39.315179+00:00,101.87,0.55,0.54,0.56,0.45,0.44,0.46,122.0,231.97,231.97,170.0,0.53,368.0,0.57,137.0,0.52,135.0,0.58,348.0,0.51,200.0,0.59,610.0,0.5,907.81,0.6,531.0,0.49,454.0,0.61,409.0,0.43,149.0,0.47,356.0,0.42,360.0,0.48,135.0,0.41,610.0,0.49,200.0,0.4,519.0,0.5,907.81,0.39,409.0,0.51,454.0
2026-01-07 06:46:42.905000+00:00,2026-01-07 06:46:40.320731+00:00,102.905,0.555,0.55,0.56,0.445,0.44,0.45,185.0,116.97,96.61,185.0,0.54,181.0,0.57,16.0,0.53,517.0,0.58,69.0,0.52,464.0,0.59,132.0,0.51,504.0,0.6,132.0,0.5,822.81,0.61,359.0,0.43,16.0,0.46,181.0,0.42,104.0,0.47,517.0,0.41,112.0,0.48,464.0,0.4,147.0,0.49,504.0,0.39,359.0,0.5,822.81
2026-01-07 06:46:43.914000+00:00,2026-01-07 06:46:41.327791+00:00,103.914,0.555,0.55,0.56,0.445,0.44,0.45,138.95,109.61,104.61,138.95,0.54,197.0,0.57,96.0,0.53,454.0,0.58,69.0,0.52,464.0,0.59,127.0,0.51,553.0,0.6,132.0,0.5,822.81,0.61,289.0,0.43,96.0,0.46,197.0,0.42,69.0,0.47,454.0,0.41,127.0,0.48,464.0,0.4,132.0,0.49,553.0,0.39,289.0,0.5,822.81
2026-01-07 06:46:44.915000+00:00,2026-01-07 06:46:42.333658+00:00,104.915,0.555,0.55,0.56,0.445,0.44,0.45,637.0,99.61,99.61,463.0,0.54,404.0,0.57,16.0,0.53,454.0,0.6,65.0,0.52,464.0,0.61,203.0,0.51,504.0,0.62,218.0,0.5,822.81,0.63,445.0,0.43,16.0,0.46,404.0,0.4,65.0,0.47,454.0,0.39,183.0,0.48,464.0,0.38,183.0,0.49,504.0,0.37,365.0,0.5,822.81
2026-01-07 06:46:45.922000+00:00,2026-01-07 06:46:43.352080+00:00,105.922,0.595,0.59,0.6,0.405,0.4,0.41,284.0,110.0,85.0,289.0,0.58,460.0,0.61,16.0,0.57,298.0,0.62,80.0,0.56,330.11,0.63,141.0,0.55,474.0,0.64,94.0,0.54,454.0,0.65,169.0,0.39,16.0,0.42,460.0,0.38,80.0,0.43,298.0,0.37,141.0,0.44,374.11,0.36,94.0,0.45,454.0,0.35,169.0,0.46,454.0
2026-01-07 06:46:46.939000+00:00,2026-01-07 06:46:44.357300+00:00,106.939,0.595,0.59,0.6,0.405,0.4,0.41,292.0,65.0,65.0,281.0,0.58,460.0,0.61,5.0,0.57,341.0,0.62,24.0,0.56,330.11,0.63,126.0,0.55,454.0,0.64,79.0,0.54,454.0,0.65,160.0,0.39,5.0,0.42,424.0,0.38,24.0,0.43,341.0,0.37,72.0,0.44,330.11,0.36,114.0,0.45,454.0,0.35,172.0,0.46,454.0
2026-01-07 06:46:47.942000+00:00,2026-01-07 06:46:45.364568+00:00,107.942,0.595,0.59,0.6,0.405,0.4,0.41,333.0,30.77,70.77,297.0,0.58,400.0,0.61,5.0,0.57,341.0,0.63,164.0,0.56,330.11,0.64,161.0,0.55,454.0,0.65,194.0,0.54,454.0,0.66,117.0,0.39,10.0,0.42,436.0,0.37,152.0,0.43,298.0,0.36,164.0,0.44,374.11,0.35,179.0,0.45,454.0,0.34,117.0,0.46,454.0
2026-01-07 06:46:48.948000+00:00,2026-01-07 06:46:46.368841+00:00,108.948,0.595,0.59,0.6,0.405,0.4,0.41,233.75,284.77,284.77,193.0,0.58,16.0,0.61,150.0,0.57,35.0,0.62,150.0,0.56,260.11,0.63,358.0,0.55,339.0,0.64,333.0,0.54,384.0,0.65,542.0,0.39,150.0,0.42,16.0,0.38,150.0,0.43,35.0,0.37,358.0,0.44,260.11,0.36,333.0,0.45,339.0,0.35,542.0,0.46,384.0
2026-01-07 06:46:49.964000+00:00,2026-01-07 06:46:47.375989+00:00,109.964,0.575,0.57,0.58,0.425,0.42,0.43,35.0,129.0,129.0,35.0,0.56,276.11,0.59,89.0,0.55,339.0,0.6,195.99,0.54,399.0,0.61,125.0,0.53,396.0,0.62,150.0,0.52,489.0,0.63,358.0,0.41,89.0,0.44,276.11,0.4,195.99,0.45,339.0,0.39,125.0,0.46,399.0,0.38,150.0,0.47,420.0,0.37,358.0,0.48,465.0
2026-01-07 06:46:50.928000+00:00,2026-01-07 06:46:48.384257+00:00,110.928,0.575,0.57,0.58,0.425,0.42,0.43,67.0,103.02,98.02,67.0,0.56,360.11,0.59,81.0,0.55,339.0,0.6,207.99,0.54,399.0,0.61,161.0,0.53,384.0,0.62,174.0,0.52,429.0,0.63,370.0,0.41,81.0,0.44,360.11,0.4,207.99,0.45,339.0,0.39,161.0,0.46,399.0,0.38,174.0,0.47,384.0,0.37,370.0,0.48,429.0
2026-01-07 06:46:51.964000+00:00,2026-01-07 06:46:49.390715+00:00,111.964,0.575,0.57,0.58,0.425,0.42,0.43,20.0,240.02,250.02,20.0,0.56,298.11,0.59,237.0,0.55,375.0,0.6,329.99,0.54,538.0,0.61,405.0,0.53,404.0,0.62,417.0,0.52,464.0,0.63,471.0,0.41,298.0,0.44,40.0,0.4,614.99,0.45,72.0,0.39,466.0,0.46,259.0,0.38,478.0,0.47,60.0,0.37,459.0,0.48,105.0
2026-01-07 06:46:52.967000+00:00,2026-01-07 06:46:50.396981+00:00,112.967,0.565,0.56,0.57,0.435,0.43,0.44,89.0,294.39,294.39,89.0,0.55,48.0,0.58,236.02,0.54,319.0,0.59,373.0,0.53,75.05,0.6,614.99,0.52,90.0,0.61,466.0,0.51,260.0,0.62,443.0,0.42,231.02,0.45,48.0,0.41,373.0,0.46,319.0,0.4,614.99,0.47,75.05,0.39,466.0,0.48,90.0,0.38,443.0,0.49,260.0
2026-01-07 06:46:53.986000+00:00,2026-01-07 06:46:51.404390+00:00,113.986,0.565,0.56,0.57,0.435,0.43,0.44,41.0,87.45,70.0,25.0,0.55,72.0,0.58,75.02,0.54,331.0,0.59,373.0,0.53,140.05,0.6,602.99,0.52,160.0,0.61,498.0,0.51,564.0,0.62,431.0,0.42,112.02,0.45,111.0,0.41,348.0,0.46,318.0,0.4,602.99,0.47,165.05,0.39,498.0,0.48,160.0,0.38,466.0,0.49,564.0
2026-01-07 06:46:54.969000+00:00,2026-01-07 06:46:52.415552+00:00,114.969,0.555,0.55,0.56,0.445,0.44,0.45,57.0,70.0,70.0,57.0,0.54,378.0,0.57,69.0,0.53,177.05,0.58,116.02,0.52,160.0,0.59,332.0,0.51,564.0,0.6,614.99,0.5,932.81,0.61,486.0,0.43,69.0,0.46,378.0,0.42,116.02,0.47,177.05,0.41,332.0,0.48,160.0,0.4,614.99,0.49,564.0,0.39,486.0,0.5,932.81
2026-01-07 06:46:55.941000+00:00,2026-01-07 06:46:53.420770+00:00,115.941,0.555,0.55,0.56,0.445,0.44,0.45,60.36,70.0,68.21,44.36,0.54,378.0,0.57,69.0,0.53,177.05,0.58,116.02,0.52,160.0,0.59,332.0,0.51,564.0,0.6,614.99,0.5,932.81,0.61,486.0,0.43,69.0,0.46,394.0,0.42,116.02,0.47,177.05,0.41,332.0,0.48,160.0,0.4,390.99,0.49,564.0,0.39,486.0,0.5,932.81
2026-01-07 06:46:57.800000+00:00,2026-01-07 06:46:55.448356+00:00,117.8,0.555,0.55,0.56,0.445,0.44,0.45,104.36,5.0,5.0,112.36,0.54,449.0,0.57,105.0,0.53,177.05,0.58,85.02,0.52,343.0,0.59,347.0,0.51,564.0,0.6,614.99,0.5,932.81,0.61,486.0,0.43,105.0,0.46,449.0,0.42,85.02,0.47,177.05,0.41,347.0,0.48,343.0,0.4,614.99,0.49,564.0,0.39,486.0,0.5,882.81
2026-01-07 06:46:58.846000+00:00,2026-01-07 06:46:56.457897+00:00,118.846,0.56,0.55,0.57,0.44,0.43,0.45,177.36,70.0,70.0,177.36,0.54,401.0,0.58,113.02,0.53,165.05,0.59,347.0,0.52,343.0,0.6,617.99,0.51,564.0,0.61,474.0,0.5,882.81,0.62,451.0,0.42,113.02,0.46,401.0,0.41,347.0,0.47,165.05,0.4,617.99,0.48,343.0,0.39,474.0,0.49,564.0,0.38,451.0,0.5,882.81
2026-01-07 06:47:00.037000+00:00,2026-01-07 06:46:57.477000+00:00,120.037,0.555,0.55,0.56,0.445,0.44,0.45,199.36,15.0,9.64,166.36,0.54,389.0,0.57,70.0,0.53,165.05,0.58,198.02,0.52,343.0,0.59,332.0,0.51,564.0,0.6,593.99,0.5,932.81,0.61,478.0,0.43,70.0,0.46,389.0,0.42,198.02,0.47,165.05,0.41,332.0,0.48,343.0,0.4,593.99,0.49,564.0,0.39,478.0,0.5,882.81
2026-01-07 06:47:01.057000+00:00,2026-01-07 06:46:58.484899+00:00,121.057,0.555,0.55,0.56,0.445,0.44,0.45,121.36,50.0,84.64,80.36,0.54,404.0,0.57,64.2,0.53,165.05,0.58,183.02,0.52,343.0,0.59,332.0,0.51,564.0,0.6,593.99,0.5,937.81,0.61,466.0,0.43,64.2,0.46,421.0,0.42,159.02,0.47,165.05,0.41,320.0,0.48,343.0,0.4,605.99,0.49,564.0,0.39,466.0,0.5,937.81
2026-01-07 06:47:02.072000+00:00,2026-01-07 06:46:59.497673+00:00,122.072,0.555,0.55,0.56,0.445,0.44,0.45,61.36,44.64,44.64,61.36,0.54,464.0,0.57,88.2,0.53,348.05,0.58,171.02,0.52,464.0,0.59,149.0,0.51,564.0,0.6,605.99,0.5,882.81,0.61,345.0,0.43,88.2,0.46,464.0,0.42,171.02,0.47,348.05,0.41,149.0,0.48,464.0,0.4,605.99,0.49,564.0,0.39,345.0,0.5,882.81
2026-01-07 06:47:03.961000+00:00,2026-01-07 06:47:01.509706+00:00,123.961,0.545,0.54,0.55,0.455,0.45,0.46,71.0,78.0,78.0,71.0,0.53,90.05,0.56,237.36,0.52,141.0,0.57,356.2,0.51,260.0,0.58,549.02,0.5,613.81,0.59,345.0,0.49,479.0,0.6,490.99,0.44,237.36,0.47,90.05,0.43,356.2,0.48,141.0,0.42,549.02,0.49,260.0,0.41,345.0,0.5,613.81,0.4,490.99,0.51,479.0
2026-01-07 06:47:05.074000+00:00,2026-01-07 06:47:02.515673+00:00,125.074,0.535,0.53,0.54,0.46499999999999997,0.46,0.47,86.05,70.0,70.0,86.05,0.52,164.0,0.55,69.87,0.51,310.82,0.56,269.36,0.5,613.81,0.57,319.2,0.49,514.0,0.58,574.02,0.48,489.0,0.59,353.0,0.45,69.87,0.48,164.0,0.44,269.36,0.49,334.64,0.43,319.2,0.5,613.81,0.42,574.02,0.51,514.0,0.41,353.0,0.52,489.0
2026-01-07 06:47:06.031000+00:00,2026-01-07 06:47:03.523122+00:00,126.031,0.535,0.53,0.54,0.46499999999999997,0.46,0.47,107.05,61.29,61.29,107.05,0.52,128.0,0.55,57.87,0.51,346.46,0.56,281.36,0.5,618.81,0.57,307.2,0.49,514.0,0.58,586.02,0.48,489.0,0.59,353.0,0.45,57.87,0.48,128.0,0.44,257.36,0.49,346.46,0.43,307.2,0.5,618.81,0.42,574.02,0.51,514.0,0.41,353.0,0.52,489.0
2026-01-07 06:47:07.130000+00:00,2026-01-07 06:47:04.545367+00:00,127.13,0.545,0.54,0.55,0.455,0.45,0.46,757.0,13.0,13.0,788.0,0.53,468.05,0.56,183.0,0.52,419.0,0.57,188.0,0.51,662.28,0.58,183.0,0.5,856.81,0.59,183.0,0.49,479.0,0.6,378.99,0.4,79.99,0.47,529.05,0.39,75.0,0.48,480.0,0.38,275.0,0.49,723.28,0.37,379.0,0.5,917.81,0.36,451.0,0.51,479.0
2026-01-07 06:47:08.119000+00:00,2026-01-07 06:47:05.553238+00:00,128.119,0.595,0.59,0.6,0.405,0.4,0.41,15.0,79.99,79.99,15.0,0.58,134.0,0.61,103.84,0.57,63.0,0.62,92.0,0.56,10.0,0.63,379.0,0.55,452.83,0.64,342.0,0.54,693.0,0.65,391.0,0.39,103.84,0.42,134.0,0.38,92.0,0.43,63.0,0.37,379.0,0.44,10.0,0.36,342.0,0.45,407.83,0.35,391.0,0.46,716.83
2026-01-07 06:47:09.164000+00:00,2026-01-07 06:47:06.573013+00:00,129.164,0.595,0.59,0.6,0.405,0.4,0.41,40.0,74.99,74.99,40.0,0.58,114.0,0.61,127.84,0.57,63.0,0.62,109.0,0.56,10.0,0.63,355.0,0.55,407.83,0.64,342.0,0.54,762.83,0.65,391.0,0.39,127.84,0.42,114.0,0.38,109.0,0.43,63.0,0.37,355.0,0.44,10.0,0.36,342.0,0.45,407.83,0.35,391.0,0.46,762.83
2026-01-07 06:47:10.065000+00:00,2026-01-07 06:47:07.577774+00:00,130.065,0.595,0.59,0.6,0.405,0.4,0.41,40.0,77.74,77.74,40.0,0.58,130.0,0.61,127.84,0.57,47.0,0.62,104.0,0.56,10.0,0.63,355.0,0.55,407.83,0.64,342.0,0.54,762.83,0.65,391.0,0.39,127.84,0.42,130.0,0.38,104.0,0.43,47.0,0.37,355.0,0.44,10.0,0.36,342.0,0.45,407.83,0.35,391.0,0.46,762.83
2026-01-07 06:47:11.054000+00:00,2026-01-07 06:47:08.584827+00:00,131.054,0.595,0.59,0.6,0.405,0.4,0.41,35.0,82.74,132.74,20.0,0.58,135.0,0.61,127.84,0.57,47.0,0.62,174.0,0.56,10.0,0.63,579.0,0.55,477.83,0.64,342.0,0.54,538.83,0.65,391.0,0.39,110.0,0.42,138.0,0.38,159.0,0.43,47.0,0.37,579.0,0.44,10.0,0.36,342.0,0.45,477.83,0.35,391.0,0.46,538.83
2026-01-07 06:47:12.187000+00:00,2026-01-07 06:47:09.606047+00:00,132.187,0.555,0.55,0.56,0.445,0.44,0.45,88.81,30.0,15.0,103.81,0.54,220.83,0.57,163.0,0.53,204.23,0.58,146.0,0.52,160.0,0.59,184.0,0.51,370.28,0.6,482.74,0.5,882.81,0.61,462.0,0.43,229.0,0.46,236.83,0.42,156.0,0.47,204.23,0.41,214.0,0.48,160.0,0.4,517.74,0.49,370.28,0.39,481.0,0.5,882.81
2026-01-07 06:47:13.021000+00:00,2026-01-07 06:47:10.614616+00:00,133.021,0.555,0.55,0.56,0.44,0.43,0.45,108.81,8.22,310.0,123.81,0.54,200.83,0.57,295.0,0.53,240.23,0.58,232.0,0.52,160.0,0.59,299.0,0.51,370.28,0.6,488.74,0.5,882.81,0.61,466.0,0.42,232.0,0.46,200.83,0.41,299.0,0.47,228.23,0.4,488.74,0.48,160.0,0.39,466.0,0.49,370.28,0.38,404.0,0.5,882.81
2026-01-07 06:47:14.191000+00:00,2026-01-07 06:47:11.621465+00:00,134.191,0.56,0.55,0.57,0.44,0.43,0.45,167.81,130.8,122.8,167.81,0.54,224.83,0.58,49.0,0.53,192.23,0.59,287.0,0.52,343.0,0.6,379.74,0.51,674.28,0.61,345.0,0.5,882.81,0.62,404.0,0.42,49.0,0.46,224.83,0.41,287.0,0.47,192.23,0.4,379.74,0.48,343.0,0.39,345.0,0.49,674.28,0.38,404.0,0.5,882.81
2026-01-07 06:47:15.211000+00:00,2026-01-07 06:47:12.630229+00:00,135.211,0.565,0.56,0.57,0.435,0.43,0.44,160.0,43.0,8.0,146.0,0.55,123.83,0.58,31.0,0.54,164.83,0.59,263.0,0.53,180.23,0.6,379.74,0.52,343.0,0.61,372.0,0.51,674.28,0.62,416.0,0.42,51.0,0.45,123.83,0.41,198.0,0.46,510.83,0.4,387.74,0.47,470.23,0.39,372.0,0.48,464.0,0.38,463.0,0.49,674.28
2026-01-07 06:47:16.223000+00:00,2026-01-07 06:47:13.638133+00:00,136.223,0.565,0.56,0.57,0.435,0.43,0.44,160.0,8.0,8.0,136.0,0.55,98.83,0.58,16.0,0.54,596.83,0.59,50.0,0.53,489.23,0.6,179.74,0.52,512.0,0.61,372.0,0.51,639.28,0.62,342.0,0.42,21.0,0.45,98.83,0.41,50.0,0.46,580.83,0.4,179.74,0.47,489.23,0.39,348.0,0.48,512.0,0.38,318.0,0.49,639.28
2026-01-07 06:47:17.172000+00:00,2026-01-07 06:47:14.645128+00:00,137.172,0.565,0.56,0.57,0.435,0.43,0.44,151.0,8.0,8.0,151.0,0.55,150.83,0.58,21.0,0.54,580.83,0.59,59.0,0.53,489.23,0.6,179.74,0.52,512.0,0.61,348.0,0.51,639.28,0.62,318.0,0.42,21.0,0.45,150.83,0.41,59.0,0.46,580.83,0.4,179.74,0.47,489.23,0.39,348.0,0.48,512.0,0.38,318.0,0.49,639.28
2026-01-07 06:47:18.193000+00:00,2026-01-07 06:47:15.652318+00:00,138.193,0.565,0.56,0.57,0.435,0.43,0.44,175.0,6.24,6.24,175.0,0.55,150.83,0.58,21.0,0.54,580.83,0.59,59.0,0.53,489.23,0.6,179.74,0.52,512.0,0.61,372.0,0.51,639.28,0.62,342.0,0.42,21.0,0.45,150.83,0.41,59.0,0.46,580.83,0.4,179.74,0.47,489.23,0.39,372.0,0.48,512.0,0.38,342.0,0.49,639.28
2026-01-07 06:47:19.214000+00:00,2026-01-07 06:47:16.658085+00:00,139.214,0.585,0.58,0.59,0.415,0.41,0.42,37.61,92.0,92.0,37.61,0.57,96.0,0.6,84.0,0.56,167.0,0.61,303.0,0.55,314.83,0.62,459.0,0.54,501.83,0.63,273.0,0.53,449.23,0.64,389.0,0.4,84.0,0.43,96.0,0.39,303.0,0.44,167.0,0.38,459.0,0.45,314.83,0.37,273.0,0.46,501.83,0.36,389.0,0.47,449.23
2026-01-07 06:47:20.258000+00:00,2026-01-07 06:47:17.662638+00:00,140.258,0.585,0.58,0.59,0.415,0.41,0.42,46.91,35.0,70.0,31.91,0.57,108.0,0.6,45.0,0.56,239.0,0.61,330.0,0.55,254.83,0.62,471.0,0.54,477.83,0.63,285.0,0.53,449.23,0.64,389.0,0.4,60.0,0.43,108.0,0.39,315.0,0.44,239.0,0.38,471.0,0.45,254.83,0.37,285.0,0.46,477.83,0.36,389.0,0.47,449.23
2026-01-07 06:47:21.229000+00:00,2026-01-07 06:47:18.669814+00:00,141.229,0.585,0.58,0.59,0.415,0.41,0.42,36.91,70.0,70.0,36.91,0.57,96.0,0.6,100.0,0.56,191.0,0.61,287.0,0.55,253.83,0.62,471.0,0.54,294.83,0.63,273.0,0.53,449.23,0.64,389.0,0.4,100.0,0.43,96.0,0.39,287.0,0.44,191.0,0.38,471.0,0.45,253.83,0.37,273.0,0.46,294.83,0.36,389.0,0.47,449.23
2026-01-07 06:47:22.260000+00:00,2026-01-07 06:47:19.681362+00:00,142.26,0.59,0.58,0.6,0.41000000000000003,0.4,0.42,106.91,101.0,101.0,106.91,0.57,207.0,0.61,290.0,0.56,167.0,0.62,483.0,0.55,193.83,0.63,309.0,0.54,294.83,0.64,401.0,0.53,496.23,0.65,344.0,0.39,290.0,0.43,219.0,0.38,471.0,0.44,167.0,0.37,321.0,0.45,193.83,0.36,401.0,0.46,294.83,0.35,344.0,0.47,496.23
2026-01-07 06:47:23.043000+00:00,2026-01-07 06:47:20.687320+00:00,143.043,0.585,0.58,0.59,0.415,0.41,0.42,91.91,30.0,30.0,91.91,0.57,219.0,0.6,101.0,0.56,391.0,0.61,290.0,0.55,193.83,0.62,476.0,0.54,294.83,0.63,321.0,0.53,496.23,0.64,401.0,0.4,101.0,0.43,219.0,0.39,290.0,0.44,391.0,0.38,476.0,0.45,193.83,0.37,321.0,0.46,294.83,0.36,401.0,0.47,496.23
2026-01-07 06:47:24.272000+00:00,2026-01-07 06:47:21.695760+00:00,144.272,0.585,0.58,0.59,0.415,0.41,0.42,103.91,21.0,21.0,103.91,0.57,223.0,0.6,101.0,0.56,391.0,0.61,290.0,0.55,193.83,0.62,471.0,0.54,294.83,0.63,341.0,0.53,496.23,0.64,381.0,0.4,101.0,0.43,223.0,0.39,290.0,0.44,391.0,0.38,471.0,0.45,193.83,0.37,341.0,0.46,294.83,0.36,381.0,0.47,496.23
2026-01-07 06:47:25.175000+00:00,2026-01-07 06:47:22.700717+00:00,145.175,0.585,0.58,0.59,0.415,0.41,0.42,118.91,6.0,6.0,118.91,0.57,223.0,0.6,101.0,0.56,391.0,0.61,290.0,0.55,193.83,0.62,471.0,0.54,294.83,0.63,341.0,0.53,496.23,0.64,381.0,0.4,101.0,0.43,223.0,0.39,290.0,0.44,391.0,0.38,471.0,0.45,193.83,0.37,341.0,0.46,294.83,0.36,381.0,0.47,496.23
2026-01-07 06:47:26.252000+00:00,2026-01-07 06:47:23.722542+00:00,146.252,0.585,0.58,0.59,0.415,0.41,0.42,118.91,6.0,21.0,103.91,0.57,223.0,0.6,101.0,0.56,391.0,0.61,290.0,0.55,193.83,0.62,471.0,0.54,477.83,0.63,341.0,0.53,501.23,0.64,381.0,0.4,101.0,0.43,223.0,0.39,290.0,0.44,391.0,0.38,471.0,0.45,193.83,0.37,341.0,0.46,477.83,0.36,381.0,0.47,501.23
2026-01-07 06:47:27.316000+00:00,2026-01-07 06:47:24.743373+00:00,147.316,0.585,0.58,0.59,0.415,0.41,0.42,80.91,63.79,78.79,80.91,0.57,190.0,0.6,73.0,0.56,466.0,0.61,305.0,0.55,193.83,0.62,508.61,0.54,477.83,0.63,305.0,0.53,501.23,0.64,395.0,0.4,73.0,0.43,201.21,0.39,305.0,0.44,466.0,0.38,508.61,0.45,193.83,0.37,319.0,0.46,477.83,0.36,381.0,0.47,486.18
2026-01-07 06:47:28.269000+00:00,2026-01-07 06:47:25.748577+00:00,148.269,0.585,0.58,0.59,0.415,0.41,0.42,228.96,20.0,20.0,240.96,0.57,163.0,0.6,86.0,0.56,394.0,0.61,263.0,0.55,193.83,0.62,499.61,0.54,477.83,0.63,320.0,0.53,481.18,0.64,395.0,0.4,86.0,0.43,163.0,0.39,263.0,0.44,394.0,0.38,499.61,0.45,193.83,0.37,320.0,0.46,477.83,0.36,431.0,0.47,481.18
2026-01-07 06:47:29.337000+00:00,2026-01-07 06:47:26.753400+00:00,149.337,0.595,0.59,0.6,0.405,0.4,0.41,60.21,5.0,5.0,115.21,0.58,173.96,0.61,279.0,0.57,195.0,0.62,499.61,0.56,394.0,0.63,354.0,0.55,193.83,0.64,417.0,0.54,477.83,0.65,426.0,0.39,299.0,0.42,206.91,0.38,487.61,0.43,147.0,0.37,352.0,0.44,394.0,0.36,417.0,0.45,193.83,0.35,426.0,0.46,477.83
2026-01-07 06:47:30.236000+00:00,2026-01-07 06:47:27.761156+00:00,150.236,0.595,0.59,0.6,0.405,0.4,0.41,19.0,55.0,55.0,19.0,0.58,188.96,0.61,294.0,0.57,195.0,0.62,519.46,0.56,394.0,0.63,309.0,0.55,193.83,0.64,389.0,0.54,477.83,0.65,426.0,0.39,294.0,0.42,188.96,0.38,519.46,0.43,195.0,0.37,323.0,0.44,394.0,0.36,389.0,0.45,193.83,0.35,426.0,0.46,477.83
2026-01-07 06:47:31.352000+00:00,2026-01-07 06:47:28.769447+00:00,151.352,0.595,0.59,0.6,0.405,0.4,0.41,9.16,55.0,40.0,24.16,0.58,203.96,0.61,294.0,0.57,195.0,0.62,519.46,0.56,394.0,0.63,347.0,0.55,193.83,0.64,406.0,0.54,523.83,0.65,414.0,0.39,279.0,0.42,203.96,0.38,519.61,0.43,195.0,0.37,362.0,0.44,394.0,0.36,406.0,0.45,193.83,0.35,414.0,0.46,477.83
2026-01-07 06:47:32.211000+00:00,2026-01-07 06:47:29.771148+00:00,152.211,0.595,0.59,0.6,0.4,0.39,0.41,23.16,55.0,234.0,85.37,0.58,294.96,0.61,294.0,0.57,159.0,0.62,519.46,0.56,394.0,0.63,323.0,0.55,193.83,0.64,430.0,0.54,477.83,0.65,414.0,0.38,241.61,0.42,216.91,0.37,312.0,0.43,147.0,0.36,408.0,0.44,291.0,0.35,344.0,0.45,314.83,0.34,339.0,0.46,477.83
2026-01-07 06:47:33.309000+00:00,2026-01-07 06:47:30.778295+00:00,153.309,0.605,0.6,0.61,0.395,0.39,0.4,30.0,95.61,83.61,44.0,0.59,199.37,0.62,153.46,0.58,209.0,0.63,142.0,0.57,391.0,0.64,280.0,0.56,474.0,0.65,223.0,0.55,477.83,0.66,339.0,0.38,116.0,0.41,201.37,0.37,109.0,0.42,193.0,0.36,268.0,0.43,355.0,0.35,223.0,0.44,474.0,0.34,339.0,0.45,477.83
2026-01-07 06:47:34.299000+00:00,2026-01-07 06:47:31.782024+00:00,154.299,0.605,0.6,0.61,0.39,0.38,0.4,49.0,56.64,113.73,159.0,0.59,249.37,0.62,112.0,0.58,193.0,0.63,133.0,0.57,567.0,0.64,316.0,0.56,474.0,0.65,235.0,0.55,522.83,0.66,339.0,0.37,104.0,0.41,232.16,0.36,309.0,0.42,157.0,0.35,247.0,0.43,567.0,0.34,351.0,0.44,474.0,0.33,389.0,0.45,522.83
2026-01-07 06:47:35.157000+00:00,2026-01-07 06:47:32.788160+00:00,155.157,0.61,0.6,0.62,0.39,0.38,0.4,159.0,116.6,116.6,156.67,0.59,244.16,0.63,92.0,0.58,157.0,0.64,301.0,0.57,567.0,0.65,271.0,0.56,474.0,0.66,351.0,0.55,522.83,0.67,389.0,0.37,92.0,0.41,244.16,0.36,301.0,0.42,157.0,0.35,271.0,0.43,567.0,0.34,371.0,0.44,474.0,0.33,389.0,0.45,522.83
2026-01-07 06:47:36.368000+00:00,2026-01-07 06:47:33.796351+00:00,156.368,0.605,0.6,0.61,0.395,0.39,0.4,168.67,40.0,38.36,168.67,0.59,232.16,0.62,86.6,0.58,145.0,0.63,117.0,0.57,567.0,0.64,118.0,0.56,474.0,0.65,271.0,0.55,522.83,0.66,220.0,0.38,86.6,0.41,244.16,0.37,117.0,0.42,145.0,0.36,118.0,0.43,567.0,0.35,271.0,0.44,474.0,0.34,220.0,0.45,522.83
2026-01-07 06:47:37.403000+00:00,2026-01-07 06:47:34.819197+00:00,157.403,0.61,0.6,0.62,0.385,0.38,0.39,208.67,42.6,92.6,15.0,0.59,244.16,0.63,102.0,0.58,267.0,0.64,355.46,0.57,343.0,0.65,271.0,0.56,474.0,0.66,255.0,0.55,522.83,0.67,389.0,0.37,105.0,0.4,241.67,0.36,355.46,0.41,168.16,0.35,271.0,0.42,267.0,0.34,243.0,0.43,464.0,0.33,401.0,0.44,519.0
2026-01-07 06:47:38.339000+00:00,2026-01-07 06:47:35.825325+00:00,158.339,0.615,0.61,0.62,0.385,0.38,0.39,5.0,132.6,132.6,5.0,0.6,306.67,0.63,95.0,0.59,156.16,0.64,342.0,0.58,328.0,0.65,235.0,0.57,464.0,0.66,286.0,0.56,474.0,0.67,401.0,0.37,95.0,0.4,321.67,0.36,342.0,0.41,156.16,0.35,235.0,0.42,328.0,0.34,286.0,0.43,464.0,0.33,401.0,0.44,474.0
2026-01-07 06:47:39.413000+00:00,2026-01-07 06:47:36.831830+00:00,159.413,0.61,0.6,0.62,0.39,0.38,0.4,321.67,116.6,116.6,321.67,0.59,156.16,0.63,111.0,0.58,328.0,0.64,342.0,0.57,464.0,0.65,235.0,0.56,519.0,0.66,286.0,0.55,477.83,0.67,401.0,0.37,111.0,0.41,156.16,0.36,342.0,0.42,328.0,0.35,235.0,0.43,464.0,0.34,286.0,0.44,519.0,0.33,401.0,0.45,477.83
2026-01-07 06:47:40.280000+00:00,2026-01-07 06:47:37.838613+00:00,160.28,0.615,0.61,0.62,0.385,0.38,0.39,15.0,101.6,101.6,15.0,0.6,305.67,0.63,96.0,0.59,172.16,0.64,355.46,0.58,328.0,0.65,235.0,0.57,464.0,0.66,286.0,0.56,519.0,0.67,401.0,0.37,96.0,0.4,305.67,0.36,355.46,0.41,172.16,0.35,235.0,0.42,328.0,0.34,286.0,0.43,464.0,0.33,401.0,0.44,519.0
2026-01-07 06:47:41.408000+00:00,2026-01-07 06:47:38.844380+00:00,161.408,0.615,0.61,0.62,0.385,0.38,0.39,54.0,99.98,99.98,54.0,0.6,276.67,0.63,80.0,0.59,172.16,0.64,355.46,0.58,552.0,0.65,235.0,0.57,464.0,0.66,266.0,0.56,519.0,0.67,406.0,0.37,80.0,0.4,276.67,0.36,355.46,0.41,172.16,0.35,255.0,0.42,552.0,0.34,266.0,0.43,464.0,0.33,406.0,0.44,519.0
2026-01-07 06:47:42.269000+00:00,2026-01-07 06:47:39.852230+00:00,162.269,0.615,0.61,0.62,0.375,0.37,0.38,45.0,99.98,40.0,15.0,0.6,292.67,0.63,80.0,0.59,156.16,0.64,343.46,0.58,552.0,0.65,267.0,0.57,464.0,0.66,266.0,0.56,519.0,0.67,406.0,0.35,208.0,0.39,284.0,0.34,197.0,0.4,504.67,0.33,444.73,0.41,231.16,0.32,403.0,0.42,439.0,0.31,442.0,0.43,464.0
2026-01-07 06:47:43.414000+00:00,2026-01-07 06:47:40.856302+00:00,163.414,0.645,0.64,0.65,0.335,0.33,0.34,209.0,10.0,35.0,14.98,0.63,116.0,0.67,50.0,0.62,590.0,0.68,324.0,0.61,494.0,0.69,83.46,0.6,464.0,0.7,59.0,0.59,413.16,0.71,95.0,0.32,324.0,0.35,215.0,0.31,83.46,0.36,291.0,0.3,59.0,0.37,349.0,0.29,95.0,0.38,550.0,0.28,305.0,0.39,464.0
2026-01-07 06:47:44.380000+00:00,2026-01-07 06:47:41.862635+00:00,164.38,0.655,0.65,0.66,0.345,0.34,0.35,371.99,5.0,68.0,269.0,0.64,318.67,0.67,116.0,0.63,384.0,0.68,319.0,0.62,524.0,0.69,82.0,0.61,505.0,0.7,59.0,0.6,414.0,0.71,71.0,0.33,76.0,0.36,297.67,0.32,334.0,0.37,408.0,0.31,67.0,0.38,524.0,0.3,47.0,0.39,505.0,0.29,35.0,0.4,414.0
2026-01-07 06:47:45.444000+00:00,2026-01-07 06:47:42.868236+00:00,165.444,0.655,0.65,0.66,0.345,0.34,0.35,11.0,120.0,120.0,11.0,0.64,102.67,0.67,131.46,0.63,369.87,0.68,333.0,0.62,607.0,0.69,250.0,0.61,435.0,0.7,230.0,0.6,379.0,0.71,304.0,0.33,131.46,0.36,102.67,0.32,333.0,0.37,369.87,0.31,250.0,0.38,607.0,0.3,230.0,0.39,394.0,0.29,304.0,0.4,421.0
2026-01-07 06:47:46.460000+00:00,2026-01-07 06:47:43.875656+00:00,166.46,0.655,0.65,0.66,0.345,0.34,0.35,124.87,51.0,16.0,317.87,0.64,155.67,0.67,70.0,0.63,69.0,0.68,281.0,0.62,45.0,0.69,355.19,0.61,435.0,0.7,242.0,0.6,379.0,0.71,316.0,0.33,50.0,0.36,389.67,0.32,40.0,0.37,433.0,0.31,247.0,0.38,272.0,0.3,275.0,0.39,464.0,0.29,352.0,0.4,414.0
2026-01-07 06:47:47.436000+00:00,2026-01-07 06:47:44.883037+00:00,167.436,0.715,0.7,0.73,0.275,0.27,0.28,97.0,35.0,51.0,73.0,0.69,220.0,0.74,35.0,0.68,263.0,0.75,125.0,0.67,302.0,0.76,55.0,0.66,342.0,0.77,245.0,0.65,523.87,0.78,278.0,0.26,30.0,0.29,85.0,0.25,52.0,0.3,168.0,0.24,157.0,0.31,213.0,0.23,270.46,0.32,273.0,0.22,278.0,0.33,363.0
2026-01-07 06:47:48.478000+00:00,2026-01-07 06:47:45.903394+00:00,168.478,0.725,0.72,0.73,0.275,0.27,0.28,170.28,35.0,35.0,170.28,0.71,133.0,0.74,30.0,0.7,96.0,0.75,40.0,0.69,238.0,0.76,157.0,0.68,376.88,0.77,255.46,0.67,363.0,0.78,266.0,0.26,30.0,0.29,168.0,0.25,57.0,0.3,107.0,0.24,67.0,0.31,608.0,0.23,376.46,0.32,339.88,0.22,230.0,0.33,363.0
2026-01-07 06:47:49.370000+00:00,2026-01-07 06:47:46.908295+00:00,169.37,0.735,0.73,0.74,0.265,0.26,0.27,95.24,36.0,36.0,95.24,0.72,112.54,0.75,81.0,0.71,178.0,0.76,101.0,0.7,120.0,0.77,322.0,0.69,608.0,0.78,268.0,0.68,339.88,0.79,339.0,0.25,81.0,0.28,112.54,0.24,101.0,0.29,162.0,0.23,322.0,0.3,120.0,0.22,268.0,0.31,608.0,0.21,339.0,0.32,339.88
2026-01-07 06:47:50.494000+00:00,2026-01-07 06:47:47.913234+00:00,170.494,0.735,0.73,0.74,0.265,0.26,0.27,100.24,36.0,36.0,135.24,0.72,93.54,0.75,57.0,0.71,117.0,0.76,81.0,0.7,125.0,0.77,342.0,0.69,644.0,0.78,250.0,0.68,304.88,0.79,367.46,0.25,52.0,0.28,197.54,0.24,74.0,0.29,198.0,0.23,590.0,0.3,304.0,0.22,280.0,0.31,490.0,0.21,339.0,0.32,374.88
2026-01-07 06:47:51.365000+00:00,2026-01-07 06:47:48.921214+00:00,171.365,0.735,0.73,0.74,0.265,0.26,0.27,125.24,36.0,36.0,125.24,0.72,214.14,0.75,69.0,0.71,222.0,0.76,69.0,0.7,316.0,0.77,578.0,0.69,454.0,0.78,280.0,0.68,374.88,0.79,218.0,0.25,69.0,0.28,179.14,0.24,119.0,0.29,222.0,0.23,543.0,0.3,316.0,0.22,280.0,0.31,454.0,0.21,218.0,0.32,374.88
2026-01-07 06:47:52.399000+00:00,2026-01-07 06:47:49.929025+00:00,172.399,0.735,0.73,0.74,0.265,0.26,0.27,120.24,36.0,31.93,190.24,0.72,121.14,0.75,235.0,0.71,152.0,0.76,481.0,0.7,228.0,0.77,366.0,0.69,150.0,0.78,401.0,0.68,253.88,0.79,339.0,0.25,40.0,0.28,251.14,0.24,457.0,0.29,174.0,0.23,342.0,0.3,146.0,0.22,389.0,0.31,272.0,0.21,339.0,0.32,374.88
2026-01-07 06:47:53.416000+00:00,2026-01-07 06:47:50.936764+00:00,173.416,0.735,0.73,0.74,0.265,0.26,0.27,115.24,30.74,30.74,115.24,0.72,251.14,0.75,45.0,0.71,174.0,0.76,464.0,0.7,110.0,0.77,342.0,0.69,369.0,0.78,457.0,0.68,374.88,0.79,351.0,0.25,45.0,0.28,321.14,0.24,464.0,0.29,174.0,0.23,342.0,0.3,110.0,0.22,457.0,0.31,369.0,0.21,351.0,0.32,374.88
2026-01-07 06:47:54.512000+00:00,2026-01-07 06:47:51.941922+00:00,174.512,0.735,0.73,0.74,0.265,0.26,0.27,173.24,29.55,29.55,243.24,0.72,239.14,0.75,10.0,0.71,162.0,0.76,489.0,0.7,370.0,0.77,317.0,0.69,454.0,0.78,427.0,0.68,374.88,0.79,379.46,0.25,10.0,0.28,239.14,0.24,306.0,0.29,162.0,0.23,317.0,0.3,370.0,0.22,306.0,0.31,454.0,0.21,379.46,0.32,374.88
2026-01-07 06:47:55.528000+00:00,2026-01-07 06:47:52.947863+00:00,175.528,0.745,0.74,0.75,0.255,0.25,0.26,79.99,3.81,3.81,84.99,0.73,145.0,0.76,286.0,0.72,239.14,0.77,317.0,0.71,150.0,0.78,286.0,0.7,370.0,0.79,379.46,0.69,454.0,0.8,487.16,0.24,279.0,0.27,145.0,0.23,317.0,0.28,297.14,0.22,274.0,0.29,150.0,0.21,379.46,0.3,370.0,0.2,557.16,0.31,454.0
2026-01-07 06:47:56.405000+00:00,2026-01-07 06:47:53.954525+00:00,176.405,0.745,0.74,0.75,0.255,0.25,0.26,83.99,18.21,18.21,83.99,0.73,279.0,0.76,293.0,0.72,175.14,0.77,317.0,0.71,150.0,0.78,250.0,0.7,553.0,0.79,415.46,0.69,454.0,0.8,569.16,0.24,293.0,0.27,279.0,0.23,317.0,0.28,175.14,0.22,250.0,0.29,150.0,0.21,415.46,0.3,553.0,0.2,569.16,0.31,454.0
2026-01-07 06:47:57.471000+00:00,2026-01-07 06:47:54.945042+00:00,177.471,0.745,0.74,0.75,0.255,0.25,0.26,83.99,6.02,6.02,78.99,0.73,209.0,0.76,279.0,0.72,175.14,0.77,317.0,0.71,185.0,0.78,280.0,0.7,517.0,0.79,392.0,0.69,454.0,0.8,569.16,0.24,278.0,0.27,209.0,0.23,323.0,0.28,245.14,0.22,280.0,0.29,185.0,0.21,392.0,0.3,517.0,0.2,569.16,0.31,454.0
2026-01-07 06:47:58.535000+00:00,2026-01-07 06:47:55.953196+00:00,178.535,0.755,0.75,0.76,0.245,0.24,0.25,22.67,420.31,385.31,22.67,0.74,89.99,0.77,100.46,0.73,107.0,0.78,250.0,0.72,241.47,0.79,351.0,0.71,345.0,0.8,557.16,0.7,517.0,0.81,449.0,0.23,84.0,0.26,89.99,0.22,316.0,0.27,165.0,0.21,351.0,0.28,217.47,0.2,557.16,0.29,345.0,0.19,449.0,0.3,517.0
2026-01-07 06:47:59.539000+00:00,2026-01-07 06:47:56.962108+00:00,179.539,0.755,0.75,0.76,0.255,0.25,0.26,22.67,383.73,521.47,89.99,0.74,74.99,0.77,100.46,0.73,177.0,0.78,278.0,0.72,217.47,0.79,351.0,0.71,345.0,0.8,557.16,0.7,517.0,0.81,449.0,0.24,400.73,0.27,170.0,0.23,253.46,0.28,157.47,0.22,218.0,0.29,405.0,0.21,371.0,0.3,529.0,0.2,557.16,0.31,454.0
2026-01-07 06:48:00.553000+00:00,2026-01-07 06:47:57.968654+00:00,180.553,0.745,0.74,0.75,0.255,0.25,0.26,43.99,548.47,548.47,43.99,0.73,228.0,0.76,376.73,0.72,157.47,0.77,250.0,0.71,150.0,0.78,230.0,0.7,517.0,0.79,407.0,0.69,454.0,0.8,569.16,0.24,376.73,0.27,228.0,0.23,250.0,0.28,157.47,0.22,230.0,0.29,150.0,0.21,407.0,0.3,517.0,0.2,569.16,0.31,454.0
2026-01-07 06:48:01.544000+00:00,2026-01-07 06:47:58.978266+00:00,181.544,0.745,0.74,0.75,0.255,0.25,0.26,62.99,531.13,531.13,62.99,0.73,228.0,0.76,291.73,0.72,145.47,0.77,299.0,0.71,150.0,0.78,242.0,0.7,517.0,0.79,383.0,0.69,459.0,0.8,591.16,0.24,291.73,0.27,228.0,0.23,299.0,0.28,159.47,0.22,242.0,0.29,150.0,0.21,395.0,0.3,517.0,0.2,591.16,0.31,459.0
2026-01-07 06:48:02.419000+00:00,2026-01-07 06:47:59.997527+00:00,182.419,0.745,0.74,0.75,0.255,0.25,0.26,38.99,529.94,529.94,38.99,0.73,228.0,0.76,305.73,0.72,159.47,0.77,299.0,0.71,150.0,0.78,230.0,0.7,517.0,0.79,383.0,0.69,454.0,0.8,569.16,0.24,305.73,0.27,228.0,0.23,299.0,0.28,159.47,0.22,230.0,0.29,150.0,0.21,383.0,0.3,517.0,0.2,569.16,0.31,454.0
2026-01-07 06:48:03.573000+00:00,2026-01-07 06:48:01.002623+00:00,183.573,0.745,0.74,0.75,0.255,0.25,0.26,38.99,499.94,499.94,38.99,0.73,252.0,0.76,334.19,0.72,159.47,0.77,311.0,0.71,150.0,0.78,254.0,0.7,517.0,0.79,395.0,0.69,454.0,0.8,564.16,0.24,334.19,0.27,252.0,0.23,311.0,0.28,159.47,0.22,254.0,0.29,150.0,0.21,395.0,0.3,517.0,0.2,564.16,0.31,454.0
2026-01-07 06:48:04.618000+00:00,2026-01-07 06:48:02.009555+00:00,184.618,0.745,0.74,0.75,0.255,0.25,0.26,38.99,498.6,498.6,38.99,0.73,192.0,0.76,320.19,0.72,183.47,0.77,311.0,0.71,150.0,0.78,254.0,0.7,517.0,0.79,351.0,0.69,490.0,0.8,564.16,0.24,334.19,0.27,192.0,0.23,311.0,0.28,183.47,0.22,254.0,0.29,150.0,0.21,351.0,0.3,517.0,0.2,564.16,0.31,490.0
2026-01-07 06:48:05.421000+00:00,2026-01-07 06:48:03.014742+00:00,185.421,0.745,0.74,0.75,0.255,0.25,0.26,35.14,582.6,567.6,35.14,0.73,168.0,0.76,388.73,0.72,213.47,0.77,250.0,0.71,150.0,0.78,266.0,0.7,517.0,0.79,363.0,0.69,454.0,0.8,552.16,0.24,388.73,0.27,168.0,0.23,250.0,0.28,213.47,0.22,266.0,0.29,150.0,0.21,363.0,0.3,517.0,0.2,552.16,0.31,454.0
2026-01-07 06:48:06.602000+00:00,2026-01-07 06:48:04.020687+00:00,186.602,0.735,0.73,0.74,0.265,0.26,0.27,61.0,44.9,84.9,61.0,0.72,169.47,0.75,683.6,0.71,181.0,0.76,288.73,0.7,323.0,0.77,323.0,0.69,338.0,0.78,363.0,0.68,409.88,0.79,459.0,0.25,643.6,0.28,169.47,0.24,288.73,0.29,181.0,0.23,323.0,0.3,323.0,0.22,363.0,0.31,338.0,0.21,459.0,0.32,409.88
2026-01-07 06:48:07.361000+00:00,2026-01-07 06:48:05.023065+00:00,187.361,0.735,0.73,0.74,0.265,0.26,0.27,66.0,73.36,68.36,66.0,0.72,132.47,0.75,628.6,0.71,189.0,0.76,410.73,0.7,323.0,0.77,323.0,0.69,333.0,0.78,363.0,0.68,409.88,0.79,459.0,0.25,628.6,0.28,132.47,0.24,471.73,0.29,189.0,0.23,323.0,0.3,140.0,0.22,363.0,0.31,333.0,0.21,459.0,0.32,409.88
2026-01-07 06:48:08.552000+00:00,2026-01-07 06:48:06.031280+00:00,188.552,0.725,0.72,0.73,0.275,0.27,0.28,77.46,44.0,44.0,77.46,0.71,136.0,0.74,365.46,0.7,57.0,0.75,718.6,0.69,304.0,0.76,408.0,0.68,201.79,0.77,420.0,0.67,354.0,0.78,433.0,0.26,365.46,0.29,136.0,0.25,718.6,0.3,57.0,0.24,408.0,0.31,304.0,0.23,408.0,0.32,201.79,0.22,433.0,0.33,354.0
2026-01-07 06:48:09.600000+00:00,2026-01-07 06:48:07.035613+00:00,189.6,0.735,0.73,0.74,0.265,0.26,0.27,45.0,224.77,224.77,45.0,0.72,86.47,0.75,809.6,0.71,128.0,0.76,395.0,0.7,82.0,0.77,408.0,0.69,404.0,0.78,433.0,0.68,110.88,0.79,459.0,0.25,809.6,0.28,86.47,0.24,395.0,0.29,128.0,0.23,408.0,0.3,82.0,0.22,433.0,0.31,404.0,0.21,459.0,0.32,110.88
2026-01-07 06:48:10.600000+00:00,2026-01-07 06:48:08.057047+00:00,190.6,0.735,0.73,0.74,0.265,0.26,0.27,70.0,210.77,210.77,70.0,0.72,91.47,0.75,811.6,0.71,223.0,0.76,371.0,0.7,152.0,0.77,444.0,0.69,440.0,0.78,433.0,0.68,115.88,0.79,459.0,0.25,811.6,0.28,91.47,0.24,371.0,0.29,223.0,0.23,444.0,0.3,152.0,0.22,433.0,0.31,440.0,0.21,459.0,0.32,115.88
2026-01-07 06:48:11.395000+00:00,2026-01-07 06:48:09.060296+00:00,191.395,0.735,0.73,0.74,0.265,0.26,0.27,31.99,210.77,210.77,23.99,0.72,139.47,0.75,811.6,0.71,187.0,0.76,371.0,0.7,140.0,0.77,444.0,0.69,440.0,0.78,363.0,0.68,115.88,0.79,459.0,0.25,797.6,0.28,139.47,0.24,371.0,0.29,187.0,0.23,444.0,0.3,140.0,0.22,363.0,0.31,440.0,0.21,459.0,0.32,110.88
2026-01-07 06:48:12.636000+00:00,2026-01-07 06:48:10.067420+00:00,192.636,0.735,0.73,0.74,0.265,0.26,0.27,33.99,210.77,210.77,33.99,0.72,177.47,0.75,1035.6,0.71,149.0,0.76,371.0,0.7,140.0,0.77,432.0,0.69,440.0,0.78,375.0,0.68,110.88,0.79,459.0,0.25,1035.6,0.28,177.47,0.24,371.0,0.29,149.0,0.23,432.0,0.3,140.0,0.22,363.0,0.31,440.0,0.21,459.0,0.32,110.88
2026-01-07 06:48:13.604000+00:00,2026-01-07 06:48:11.073576+00:00,193.604,0.735,0.73,0.74,0.265,0.26,0.27,23.99,44.9,44.9,23.99,0.72,209.47,0.75,861.6,0.71,187.0,0.76,250.0,0.7,140.0,0.77,444.0,0.69,623.0,0.78,363.0,0.68,293.88,0.79,459.0,0.25,861.6,0.28,209.47,0.24,250.0,0.29,187.0,0.23,444.0,0.3,140.0,0.22,363.0,0.31,623.0,0.21,459.0,0.32,293.88
2026-01-07 06:48:14.741000+00:00,2026-01-07 06:48:12.079764+00:00,194.741,0.735,0.73,0.74,0.265,0.26,0.27,23.99,44.9,44.9,23.99,0.72,209.47,0.75,861.6,0.71,187.0,0.76,250.0,0.7,140.0,0.77,444.0,0.69,623.0,0.78,363.0,0.68,293.88,0.79,459.0,0.25,861.6,0.28,209.47,0.24,67.0,0.29,187.0,0.23,444.0,0.3,140.0,0.22,363.0,0.31,623.0,0.21,459.0,0.32,293.88
2026-01-07 06:48:15.645000+00:00,2026-01-07 06:48:13.103089+00:00,195.645,0.735,0.73,0.74,0.265,0.26,0.27,43.99,44.9,44.9,43.99,0.72,266.47,0.75,826.6,0.71,125.0,0.76,102.0,0.7,191.0,0.77,408.0,0.69,572.0,0.78,375.0,0.68,293.88,0.79,483.0,0.25,826.6,0.28,266.47,0.24,102.0,0.29,125.0,0.23,408.0,0.3,191.0,0.22,375.0,0.31,572.0,0.21,483.0,0.32,293.88
2026-01-07 06:48:16.605000+00:00,2026-01-07 06:48:14.113149+00:00,196.605,0.735,0.73,0.74,0.265,0.26,0.27,67.99,44.9,44.9,67.99,0.72,312.47,0.75,776.6,0.71,125.0,0.76,125.0,0.7,206.0,0.77,396.0,0.69,557.0,0.78,399.0,0.68,293.88,0.79,483.0,0.25,776.6,0.28,296.47,0.24,125.0,0.29,125.0,0.23,396.0,0.3,206.0,0.22,399.0,0.31,557.0,0.21,483.0,0.32,293.88
2026-01-07 06:48:17.568000+00:00,2026-01-07 06:48:15.122022+00:00,197.568,0.735,0.73,0.74,0.265,0.26,0.27,43.99,44.9,44.9,43.99,0.72,366.47,0.75,776.6,0.71,125.0,0.76,137.0,0.7,206.0,0.77,396.0,0.69,557.0,0.78,387.0,0.68,293.88,0.79,483.0,0.25,776.6,0.28,366.47,0.24,137.0,0.29,125.0,0.23,396.0,0.3,206.0,0.22,387.0,0.31,557.0,0.21,483.0,0.32,293.88
2026-01-07 06:48:18.664000+00:00,2026-01-07 06:48:16.129463+00:00,198.664,0.735,0.73,0.74,0.265,0.26,0.27,133.99,44.9,44.9,133.99,0.72,271.47,0.75,517.6,0.71,150.0,0.76,127.0,0.7,394.0,0.77,408.0,0.69,333.0,0.78,350.0,0.68,258.88,0.79,413.0,0.25,517.6,0.28,271.47,0.24,127.0,0.29,150.0,0.23,408.0,0.3,389.0,0.22,350.0,0.31,333.0,0.21,413.0,0.32,258.88
2026-01-07 06:48:19.618000+00:00,2026-01-07 06:48:17.139483+00:00,199.618,0.735,0.73,0.74,0.265,0.26,0.27,57.1,44.9,44.9,57.1,0.72,341.47,0.75,517.6,0.71,150.0,0.76,127.0,0.7,389.0,0.77,408.0,0.69,333.0,0.78,350.0,0.68,258.88,0.79,413.0,0.25,517.6,0.28,341.47,0.24,127.0,0.29,150.0,0.23,408.0,0.3,389.0,0.22,350.0,0.31,333.0,0.21,413.0,0.32,258.88
2026-01-07 06:48:20.710000+00:00,2026-01-07 06:48:18.148011+00:00,200.71,0.735,0.73,0.74,0.255,0.25,0.26,140.1,13.54,498.6,61.36,0.72,303.47,0.75,503.6,0.71,180.0,0.76,44.0,0.7,359.0,0.77,466.0,0.69,333.0,0.78,374.0,0.68,258.88,0.79,413.0,0.24,44.0,0.27,100.1,0.23,466.0,0.28,293.47,0.22,374.0,0.29,180.0,0.21,413.0,0.3,359.0,0.2,482.16,0.31,298.0
2026-01-07 06:48:21.627000+00:00,2026-01-07 06:48:19.151230+00:00,201.627,0.745,0.74,0.75,0.255,0.25,0.26,81.36,506.93,506.93,81.36,0.73,48.1,0.76,132.0,0.72,278.47,0.77,420.0,0.71,186.0,0.78,338.0,0.7,394.0,0.79,389.0,0.69,298.0,0.8,552.16,0.24,132.0,0.27,48.1,0.23,432.0,0.28,278.47,0.22,350.0,0.29,222.0,0.21,389.0,0.3,394.0,0.2,552.16,0.31,298.0
2026-01-07 06:48:22.603000+00:00,2026-01-07 06:48:20.155802+00:00,202.603,0.745,0.74,0.75,0.255,0.25,0.26,105.36,492.93,184.37,105.36,0.73,128.1,0.76,49.0,0.72,276.47,0.77,466.0,0.71,180.0,0.78,338.0,0.7,578.0,0.79,413.0,0.69,298.0,0.8,576.16,0.24,49.0,0.27,123.1,0.23,466.0,0.28,276.47,0.22,338.0,0.29,180.0,0.21,425.0,0.3,578.0,0.2,596.16,0.31,298.0
2026-01-07 06:48:23.613000+00:00,2026-01-07 06:48:21.159619+00:00,203.613,0.745,0.74,0.75,0.255,0.25,0.26,122.36,184.37,184.37,122.36,0.73,217.1,0.76,49.0,0.72,170.47,0.77,454.0,0.71,180.0,0.78,326.0,0.7,578.0,0.79,425.0,0.69,298.0,0.8,608.16,0.24,49.0,0.27,217.1,0.23,454.0,0.28,170.47,0.22,326.0,0.29,180.0,0.21,425.0,0.3,578.0,0.2,608.16,0.31,298.0
2026-01-07 06:48:24.746000+00:00,2026-01-07 06:48:22.168572+00:00,204.746,0.745,0.74,0.75,0.255,0.25,0.26,86.36,184.37,184.37,86.36,0.73,253.1,0.76,49.0,0.72,170.47,0.77,454.0,0.71,180.0,0.78,338.0,0.7,578.0,0.79,437.0,0.69,298.0,0.8,596.16,0.24,49.0,0.27,253.1,0.23,454.0,0.28,170.47,0.22,338.0,0.29,180.0,0.21,437.0,0.3,578.0,0.2,596.16,0.31,298.0
2026-01-07 06:48:25.732000+00:00,2026-01-07 06:48:23.173930+00:00,205.732,0.745,0.74,0.75,0.255,0.25,0.26,101.36,184.37,184.37,101.36,0.73,253.1,0.76,49.0,0.72,170.47,0.77,150.0,0.71,220.0,0.78,338.0,0.7,542.0,0.79,387.0,0.69,298.0,0.8,596.16,0.24,49.0,0.27,253.1,0.23,150.0,0.28,170.47,0.22,338.0,0.29,220.0,0.21,387.0,0.3,542.0,0.2,596.16,0.31,298.0
2026-01-07 06:48:26.728000+00:00,2026-01-07 06:48:24.182654+00:00,206.728,0.745,0.74,0.75,0.255,0.25,0.26,86.36,184.37,184.37,86.36,0.73,155.1,0.76,49.0,0.72,256.47,0.77,398.0,0.71,185.0,0.78,362.0,0.7,542.0,0.79,363.0,0.69,334.0,0.8,572.16,0.24,134.0,0.27,125.1,0.23,328.0,0.28,256.47,0.22,362.0,0.29,185.0,0.21,363.0,0.3,542.0,0.2,572.16,0.31,334.0
2026-01-07 06:48:27.331000+00:00,2026-01-07 06:48:25.187533+00:00,207.331,0.745,0.74,0.75,0.255,0.25,0.26,86.36,184.37,184.37,86.36,0.73,128.1,0.76,134.0,0.72,280.47,0.77,328.0,0.71,180.0,0.78,362.0,0.7,542.0,0.79,363.0,0.69,334.0,0.8,572.16,0.24,134.0,0.27,128.1,0.23,328.0,0.28,280.47,0.22,362.0,0.29,180.0,0.21,363.0,0.3,542.0,0.2,572.16,0.31,334.0
2026-01-07 06:48:28.665000+00:00,2026-01-07 06:48:26.193742+00:00,208.665,0.745,0.74,0.75,0.255,0.25,0.26,66.36,347.37,347.37,66.36,0.73,118.1,0.76,86.0,0.72,140.47,0.77,340.0,0.71,186.0,0.78,314.0,0.7,668.0,0.79,339.0,0.69,298.0,0.8,552.16,0.24,86.0,0.27,118.1,0.23,340.0,0.28,140.47,0.22,314.0,0.29,186.0,0.21,359.0,0.3,668.0,0.2,552.16,0.31,298.0
2026-01-07 06:48:29.620000+00:00,2026-01-07 06:48:27.201139+00:00,209.62,0.745,0.74,0.75,0.255,0.25,0.26,71.36,318.37,318.37,71.36,0.73,125.1,0.76,50.0,0.72,224.47,0.77,328.0,0.71,155.0,0.78,362.0,0.7,572.0,0.79,383.0,0.69,334.0,0.8,552.16,0.24,50.0,0.27,125.1,0.23,328.0,0.28,224.47,0.22,362.0,0.29,155.0,0.21,383.0,0.3,572.0,0.2,552.16,0.31,334.0
2026-01-07 06:48:30.776000+00:00,2026-01-07 06:48:28.209612+00:00,210.776,0.735,0.73,0.74,0.265,0.26,0.27,141.99,99.0,104.0,71.99,0.72,174.6,0.75,269.37,0.71,135.0,0.76,263.0,0.7,439.0,0.77,595.0,0.69,369.0,0.78,375.0,0.68,258.88,0.79,383.0,0.25,269.37,0.28,174.6,0.24,275.0,0.29,135.0,0.23,607.0,0.3,475.0,0.22,375.0,0.31,333.0,0.21,383.0,0.32,258.88
2026-01-07 06:48:31.791000+00:00,2026-01-07 06:48:29.217439+00:00,211.791,0.735,0.73,0.74,0.265,0.26,0.27,55.99,149.0,159.0,55.99,0.72,275.6,0.75,214.37,0.71,149.0,0.76,275.0,0.7,439.0,0.77,619.0,0.69,333.0,0.78,363.0,0.68,258.88,0.79,383.0,0.25,214.37,0.28,275.6,0.24,275.0,0.29,149.0,0.23,619.0,0.3,439.0,0.22,363.0,0.31,369.0,0.21,383.0,0.32,258.88
2026-01-07 06:48:32.789000+00:00,2026-01-07 06:48:30.225709+00:00,212.789,0.725,0.72,0.73,0.275,0.27,0.28,26.6,127.99,132.99,26.6,0.71,253.0,0.74,105.0,0.7,382.0,0.75,236.37,0.69,412.98,0.76,323.0,0.68,330.88,0.77,620.0,0.67,438.0,0.78,351.0,0.26,80.0,0.29,78.0,0.25,261.37,0.3,337.0,0.24,323.0,0.31,387.98,0.23,396.0,0.32,330.88,0.22,316.0,0.33,438.0
2026-01-07 06:48:33.811000+00:00,2026-01-07 06:48:31.230548+00:00,213.811,0.725,0.72,0.73,0.275,0.27,0.28,22.6,125.85,111.85,34.6,0.71,106.0,0.74,80.0,0.7,304.0,0.75,249.37,0.69,442.98,0.76,287.0,0.68,293.88,0.77,478.0,0.67,438.0,0.78,398.0,0.26,94.0,0.29,94.0,0.25,249.37,0.3,354.0,0.24,275.0,0.31,444.0,0.23,502.0,0.32,293.88,0.22,398.0,0.33,438.0
2026-01-07 06:48:34.787000+00:00,2026-01-07 06:48:32.238646+00:00,214.787,0.725,0.72,0.73,0.275,0.27,0.28,70.6,111.85,111.85,70.6,0.71,82.0,0.74,94.0,0.7,389.0,0.75,249.37,0.69,414.0,0.76,275.0,0.68,293.88,0.77,502.0,0.67,438.0,0.78,386.0,0.26,94.0,0.29,82.0,0.25,249.37,0.3,389.0,0.24,275.0,0.31,414.0,0.23,502.0,0.32,293.88,0.22,386.0,0.33,438.0
2026-01-07 06:48:35.809000+00:00,2026-01-07 06:48:33.246837+00:00,215.809,0.725,0.72,0.73,0.275,0.27,0.28,164.6,83.99,83.99,164.6,0.71,166.98,0.74,94.0,0.7,340.0,0.75,249.37,0.69,378.0,0.76,263.0,0.68,293.88,0.77,408.0,0.67,438.0,0.78,422.0,0.26,94.0,0.29,166.98,0.25,249.37,0.3,340.0,0.24,263.0,0.31,378.0,0.23,408.0,0.32,293.88,0.22,422.0,0.33,438.0
2026-01-07 06:48:36.781000+00:00,2026-01-07 06:48:34.255400+00:00,216.781,0.725,0.72,0.73,0.275,0.27,0.28,115.6,83.99,83.99,115.6,0.71,230.98,0.74,94.0,0.7,440.0,0.75,249.37,0.69,313.0,0.76,263.0,0.68,293.88,0.77,420.0,0.67,438.0,0.78,398.0,0.26,94.0,0.29,230.98,0.25,473.37,0.3,440.0,0.24,275.0,0.31,313.0,0.23,420.0,0.32,293.88,0.22,410.0,0.33,438.0
2026-01-07 06:48:37.773000+00:00,2026-01-07 06:48:35.248972+00:00,217.773,0.725,0.72,0.73,0.275,0.27,0.28,84.6,83.99,83.99,84.6,0.71,230.98,0.74,94.0,0.7,440.0,0.75,473.37,0.69,308.0,0.76,92.0,0.68,293.88,0.77,408.0,0.67,438.0,0.78,398.0,0.26,94.0,0.29,230.98,0.25,473.37,0.3,440.0,0.24,92.0,0.31,308.0,0.23,408.0,0.32,293.88,0.22,398.0,0.33,438.0
2026-01-07 06:48:38.694000+00:00,2026-01-07 06:48:36.255988+00:00,218.694,0.725,0.72,0.73,0.275,0.27,0.28,79.6,29.2,29.2,79.6,0.71,232.0,0.74,84.0,0.7,445.0,0.75,485.37,0.69,333.0,0.76,67.0,0.68,330.88,0.77,432.0,0.67,403.0,0.78,433.0,0.26,84.0,0.29,232.0,0.25,485.37,0.3,445.0,0.24,67.0,0.31,333.0,0.23,432.0,0.32,330.88,0.22,433.0,0.33,403.0
2026-01-07 06:48:39.782000+00:00,2026-01-07 06:48:37.278452+00:00,219.782,0.725,0.72,0.73,0.275,0.27,0.28,79.6,29.2,29.2,79.6,0.71,232.0,0.74,84.0,0.7,445.0,0.75,485.37,0.69,333.0,0.76,67.0,0.68,293.88,0.77,420.0,0.67,440.0,0.78,433.0,0.26,84.0,0.29,232.0,0.25,485.37,0.3,445.0,0.24,67.0,0.31,333.0,0.23,420.0,0.32,293.88,0.22,433.0,0.33,440.0
2026-01-07 06:48:40.718000+00:00,2026-01-07 06:48:38.285932+00:00,220.718,0.725,0.72,0.73,0.275,0.27,0.28,43.28,59.2,59.2,43.28,0.71,232.0,0.74,84.0,0.7,445.0,0.75,497.37,0.69,338.0,0.76,67.0,0.68,293.88,0.77,420.0,0.67,440.0,0.78,433.0,0.26,84.0,0.29,232.0,0.25,497.37,0.3,445.0,0.24,67.0,0.31,338.0,0.23,420.0,0.32,293.88,0.22,433.0,0.33,440.0
2026-01-07 06:48:41.833000+00:00,2026-01-07 06:48:39.293346+00:00,221.833,0.725,0.72,0.73,0.275,0.27,0.28,43.28,59.2,59.2,43.28,0.71,232.0,0.74,84.0,0.7,445.0,0.75,497.37,0.69,333.0,0.76,67.0,0.68,330.88,0.77,420.0,0.67,403.0,0.78,433.0,0.26,84.0,0.29,232.0,0.25,497.37,0.3,445.0,0.24,67.0,0.31,333.0,0.23,420.0,0.32,330.88,0.22,433.0,0.33,403.0
2026-01-07 06:48:42.703000+00:00,2026-01-07 06:48:40.301145+00:00,222.703,0.725,0.72,0.73,0.275,0.27,0.28,43.28,59.2,59.2,43.28,0.71,244.0,0.74,84.0,0.7,445.0,0.75,509.37,0.69,333.0,0.76,55.0,0.68,330.88,0.77,420.0,0.67,403.0,0.78,433.0,0.26,84.0,0.29,244.0,0.25,509.37,0.3,445.0,0.24,55.0,0.31,333.0,0.23,420.0,0.32,330.88,0.22,433.0,0.33,403.0
2026-01-07 06:48:43.757000+00:00,2026-01-07 06:48:41.325646+00:00,223.757,0.725,0.72,0.73,0.275,0.27,0.28,113.28,47.83,47.83,113.28,0.71,308.98,0.74,70.0,0.7,440.0,0.75,499.37,0.69,333.0,0.76,79.0,0.68,293.88,0.77,420.0,0.67,403.0,0.78,433.0,0.26,70.0,0.29,308.98,0.25,499.37,0.3,440.0,0.24,79.0,0.31,333.0,0.23,420.0,0.32,293.88,0.22,433.0,0.33,403.0
2026-01-07 06:48:44.839000+00:00,2026-01-07 06:48:42.330768+00:00,224.839,0.725,0.72,0.73,0.275,0.27,0.28,114.28,46.46,46.46,114.28,0.71,312.98,0.74,70.0,0.7,593.0,0.75,499.37,0.69,333.0,0.76,79.0,0.68,293.88,0.77,92.0,0.67,403.0,0.78,445.0,0.26,70.0,0.29,312.98,0.25,499.37,0.3,593.0,0.24,79.0,0.31,333.0,0.23,92.0,0.32,293.88,0.22,445.0,0.33,403.0
2026-01-07 06:48:45.870000+00:00,2026-01-07 06:48:43.354354+00:00,225.87,0.725,0.72,0.73,0.275,0.27,0.28,102.28,37.37,37.37,102.28,0.71,324.98,0.74,70.0,0.7,593.0,0.75,499.37,0.69,333.0,0.76,79.0,0.68,293.88,0.77,116.0,0.67,403.0,0.78,433.0,0.26,70.0,0.29,324.98,0.25,499.37,0.3,593.0,0.24,79.0,0.31,333.0,0.23,116.0,0.32,293.88,0.22,433.0,0.33,403.0
2026-01-07 06:48:46.941000+00:00,2026-01-07 06:48:44.362588+00:00,226.941,0.735,0.73,0.74,0.265,0.26,0.27,203.98,25.0,25.0,203.98,0.72,378.0,0.75,219.37,0.71,369.0,0.76,80.0,0.7,333.0,0.77,55.0,0.69,454.0,0.78,35.0,0.68,379.88,0.79,363.0,0.25,224.37,0.28,408.0,0.24,80.0,0.29,369.0,0.23,55.0,0.3,333.0,0.22,35.0,0.31,454.0,0.21,363.0,0.32,379.88
2026-01-07 06:48:47.957000+00:00,2026-01-07 06:48:45.384208+00:00,227.957,0.745,0.74,0.75,0.255,0.25,0.26,66.0,219.37,224.37,81.0,0.73,262.98,0.76,92.0,0.72,420.0,0.77,79.0,0.71,353.0,0.78,35.0,0.7,333.0,0.79,375.0,0.69,459.0,0.8,506.16,0.24,92.0,0.27,278.98,0.23,79.0,0.28,420.0,0.22,35.0,0.29,353.0,0.21,375.0,0.3,333.0,0.2,506.16,0.31,454.0
2026-01-07 06:48:48.965000+00:00,2026-01-07 06:48:46.383770+00:00,228.965,0.745,0.74,0.75,0.255,0.25,0.26,81.0,224.37,224.37,81.0,0.73,263.98,0.76,92.0,0.72,420.0,0.77,79.0,0.71,353.0,0.78,35.0,0.7,333.0,0.79,375.0,0.69,454.0,0.8,506.16,0.24,92.0,0.27,263.98,0.23,79.0,0.28,420.0,0.22,35.0,0.29,353.0,0.21,375.0,0.3,333.0,0.2,506.16,0.31,454.0
2026-01-07 06:48:49.866000+00:00,2026-01-07 06:48:47.373832+00:00,229.866,0.745,0.74,0.75,0.255,0.25,0.26,81.0,224.37,224.37,81.0,0.73,263.98,0.76,92.0,0.72,420.0,0.77,79.0,0.71,353.0,0.78,35.0,0.7,333.0,0.79,375.0,0.69,454.0,0.8,576.16,0.24,92.0,0.27,247.98,0.23,79.0,0.28,420.0,0.22,35.0,0.29,577.0,0.21,375.0,0.3,333.0,0.2,576.16,0.31,454.0
2026-01-07 06:48:50.728000+00:00,2026-01-07 06:48:48.382128+00:00,230.728,0.745,0.74,0.75,0.255,0.25,0.26,116.0,220.87,220.87,101.0,0.73,308.98,0.76,92.0,0.72,387.0,0.77,79.0,0.71,577.0,0.78,35.0,0.7,338.0,0.79,375.0,0.69,419.0,0.8,576.16,0.24,92.0,0.27,308.98,0.23,79.0,0.28,387.0,0.22,35.0,0.29,577.0,0.21,375.0,0.3,338.0,0.2,576.16,0.31,419.0
2026-01-07 06:48:51.853000+00:00,2026-01-07 06:48:49.390018+00:00,231.853,0.745,0.74,0.75,0.255,0.25,0.26,150.0,220.87,220.87,150.0,0.73,274.98,0.76,92.0,0.72,387.0,0.77,79.0,0.71,577.0,0.78,35.0,0.7,333.0,0.79,375.0,0.69,419.0,0.8,576.16,0.24,92.0,0.27,274.98,0.23,79.0,0.28,387.0,0.22,35.0,0.29,577.0,0.21,375.0,0.3,333.0,0.2,576.16,0.31,419.0
2026-01-07 06:48:52.959000+00:00,2026-01-07 06:48:50.382473+00:00,232.959,0.745,0.74,0.75,0.255,0.25,0.26,150.0,185.87,180.87,458.28,0.73,254.98,0.76,92.0,0.72,357.0,0.77,93.0,0.71,577.0,0.78,35.0,0.7,333.0,0.79,375.0,0.69,419.0,0.8,576.16,0.24,17.0,0.27,377.0,0.23,103.0,0.28,357.0,0.21,340.0,0.29,474.0,0.2,506.16,0.3,454.0,0.19,389.0,0.31,419.0
2026-01-07 06:48:53.982000+00:00,2026-01-07 06:48:51.407193+00:00,233.982,0.745,0.74,0.75,0.255,0.25,0.26,564.99,126.59,126.59,564.99,0.73,324.0,0.77,40.0,0.72,466.0,0.78,42.0,0.71,474.0,0.79,24.0,0.7,454.0,0.8,178.16,0.69,419.0,0.81,425.0,0.24,5.0,0.27,324.0,0.23,15.0,0.28,466.0,0.22,42.0,0.29,479.0,0.21,24.0,0.3,454.0,0.2,103.16,0.31,419.0
2026-01-07 06:48:54.985000+00:00,2026-01-07 06:48:52.415376+00:00,234.985,0.775,0.77,0.78,0.225,0.22,0.23,35.0,85.0,85.0,94.0,0.76,119.0,0.79,69.0,0.75,125.98,0.8,150.16,0.74,401.0,0.81,350.0,0.73,403.0,0.82,363.0,0.72,431.0,0.83,393.79,0.21,69.0,0.24,119.0,0.2,145.16,0.25,125.98,0.19,350.0,0.26,342.0,0.18,363.0,0.27,403.0,0.17,393.79,0.28,431.0
2026-01-07 06:48:55.893000+00:00,2026-01-07 06:48:53.420182+00:00,235.893,0.775,0.77,0.78,0.225,0.22,0.23,94.0,90.0,90.0,94.0,0.76,230.0,0.79,45.0,0.75,125.98,0.8,145.16,0.74,315.0,0.81,338.0,0.73,403.0,0.82,375.0,0.72,431.0,0.83,417.79,0.21,45.0,0.24,230.0,0.2,145.16,0.25,125.98,0.19,338.0,0.26,315.0,0.18,375.0,0.27,403.0,0.17,417.79,0.28,431.0
2026-01-07 06:48:57.008000+00:00,2026-01-07 06:48:54.430737+00:00,237.008,0.775,0.77,0.78,0.225,0.22,0.23,73.0,85.38,85.38,73.0,0.76,230.0,0.79,57.0,0.75,119.98,0.8,157.16,0.74,315.0,0.81,34.0,0.73,403.0,0.82,351.0,0.72,431.0,0.83,417.79,0.21,57.0,0.24,246.0,0.2,157.16,0.25,119.98,0.19,34.0,0.26,539.0,0.18,351.0,0.27,403.0,0.17,487.79,0.28,431.0
2026-01-07 06:48:58.028000+00:00,2026-01-07 06:48:55.451524+00:00,238.028,0.775,0.77,0.78,0.22,0.21,0.23,192.99,5.0,90.0,199.99,0.76,196.0,0.79,97.0,0.75,160.0,0.8,157.16,0.74,609.0,0.81,34.0,0.73,333.0,0.82,351.0,0.72,431.0,0.83,487.79,0.2,145.16,0.24,196.0,0.19,34.0,0.25,160.0,0.18,375.0,0.26,609.0,0.17,487.79,0.27,333.0,0.16,497.54,0.28,431.0
2026-01-07 06:48:59.888000+00:00,2026-01-07 06:48:57.453268+00:00,239.888,0.78,0.77,0.79,0.22,0.21,0.23,242.99,73.21,73.21,227.99,0.76,218.0,0.8,145.16,0.75,160.0,0.81,34.0,0.74,609.0,0.82,363.0,0.73,333.0,0.83,475.79,0.72,431.0,0.84,521.54,0.2,145.16,0.24,206.0,0.19,22.0,0.25,160.0,0.18,351.0,0.26,609.0,0.17,475.79,0.27,333.0,0.16,521.54,0.28,431.0
2026-01-07 06:49:00.808000+00:00,2026-01-07 06:48:58.460132+00:00,240.808,0.785,0.78,0.79,0.215,0.21,0.22,95.0,5.0,5.0,110.0,0.77,211.0,0.8,202.16,0.76,182.0,0.81,51.97,0.75,343.0,0.82,363.0,0.74,609.0,0.83,499.79,0.73,333.0,0.84,521.54,0.2,202.16,0.23,196.0,0.19,275.97,0.24,182.0,0.18,363.0,0.25,343.0,0.17,499.79,0.26,609.0,0.16,521.54,0.27,333.0
2026-01-07 06:49:01.963000+00:00,2026-01-07 06:48:59.466277+00:00,241.963,0.785,0.78,0.79,0.215,0.21,0.22,101.0,19.0,19.0,101.0,0.77,282.0,0.8,188.16,0.76,166.0,0.81,287.97,0.75,343.0,0.82,351.0,0.74,609.0,0.83,499.79,0.73,333.0,0.84,521.54,0.2,188.16,0.23,282.0,0.19,287.97,0.24,166.0,0.18,351.0,0.25,343.0,0.17,499.79,0.26,609.0,0.16,521.54,0.27,333.0
2026-01-07 06:49:02.783000+00:00,2026-01-07 06:49:00.469674+00:00,242.783,0.785,0.78,0.79,0.215,0.21,0.22,30.0,89.0,89.0,15.0,0.77,320.0,0.8,148.16,0.76,178.0,0.81,287.97,0.75,343.0,0.82,351.0,0.74,614.0,0.83,499.79,0.73,333.0,0.84,521.54,0.2,148.16,0.23,335.0,0.19,287.97,0.24,178.0,0.18,351.0,0.25,343.0,0.17,499.79,0.26,609.0,0.16,521.54,0.27,333.0
2026-01-07 06:49:04.823000+00:00,2026-01-07 06:49:02.479010+00:00,244.823,0.785,0.78,0.79,0.215,0.21,0.22,122.0,89.0,89.0,107.0,0.77,288.0,0.8,148.16,0.76,178.0,0.81,287.97,0.75,343.0,0.82,351.0,0.74,609.0,0.83,499.79,0.73,333.0,0.84,521.54,0.2,148.16,0.23,288.0,0.19,287.97,0.24,178.0,0.18,351.0,0.25,343.0,0.17,499.79,0.26,609.0,0.16,521.54,0.27,333.0
2026-01-07 06:49:06.028000+00:00,2026-01-07 06:49:03.487126+00:00,246.028,0.785,0.78,0.79,0.215,0.21,0.22,147.0,89.0,89.0,147.0,0.77,288.0,0.8,148.16,0.76,178.0,0.81,287.97,0.75,343.0,0.82,351.0,0.74,614.0,0.83,499.79,0.73,333.0,0.84,521.54,0.2,148.16,0.23,288.0,0.19,287.97,0.24,178.0,0.18,351.0,0.25,343.0,0.17,499.79,0.26,614.0,0.16,521.54,0.27,333.0
2026-01-07 06:49:07.047000+00:00,2026-01-07 06:49:04.496143+00:00,247.047,0.795,0.79,0.8,0.20500000000000002,0.2,0.21,167.97,82.16,82.16,167.97,0.78,187.0,0.81,91.01,0.77,428.0,0.82,89.0,0.76,348.0,0.83,64.79,0.75,343.0,0.84,463.54,0.74,471.0,0.85,449.3,0.19,91.01,0.22,257.0,0.18,89.0,0.23,428.0,0.17,64.79,0.24,348.0,0.16,463.54,0.25,343.0,0.15,449.3,0.26,471.0
2026-01-07 06:49:08.057000+00:00,2026-01-07 06:49:05.504064+00:00,248.057,0.795,0.79,0.8,0.20500000000000002,0.2,0.21,261.97,17.56,17.56,261.97,0.78,223.0,0.81,79.01,0.77,400.0,0.82,89.0,0.76,348.0,0.83,76.79,0.75,343.0,0.84,463.54,0.74,471.0,0.85,437.3,0.19,79.01,0.22,223.0,0.18,89.0,0.23,400.0,0.17,76.79,0.24,348.0,0.16,463.54,0.25,343.0,0.15,437.3,0.26,471.0
2026-01-07 06:49:09.099000+00:00,2026-01-07 06:49:06.529542+00:00,249.099,0.8,0.79,0.81,0.2,0.19,0.21,219.97,79.01,74.01,276.97,0.78,175.0,0.82,77.0,0.77,388.0,0.83,88.79,0.76,348.0,0.84,427.54,0.75,348.0,0.85,461.3,0.74,471.0,0.86,444.6,0.18,77.0,0.22,213.0,0.17,93.79,0.23,388.0,0.16,427.54,0.24,348.0,0.15,461.3,0.25,348.0,0.14,444.6,0.26,471.0
2026-01-07 06:49:10.935000+00:00,2026-01-07 06:49:08.558322+00:00,250.935,0.81,0.8,0.82,0.19,0.18,0.2,141.0,188.8,179.8,141.0,0.79,148.0,0.83,145.76,0.78,323.0,0.84,320.54,0.77,333.0,0.85,235.0,0.76,469.0,0.86,414.0,0.75,429.0,0.87,507.0,0.17,145.76,0.21,148.0,0.16,320.54,0.22,323.0,0.15,223.0,0.23,333.0,0.14,414.0,0.24,469.0,0.13,507.0,0.25,429.0
2026-01-07 06:49:11.971000+00:00,2026-01-07 06:49:09.565021+00:00,251.971,0.81,0.8,0.82,0.19,0.18,0.2,141.0,159.33,159.33,125.0,0.79,148.0,0.83,169.76,0.78,323.0,0.84,296.54,0.77,333.0,0.85,223.0,0.76,469.0,0.86,414.0,0.75,429.0,0.87,507.0,0.17,169.76,0.21,164.0,0.16,284.54,0.22,323.0,0.15,223.0,0.23,333.0,0.14,414.0,0.24,469.0,0.13,507.0,0.25,429.0
2026-01-07 06:49:13.154000+00:00,2026-01-07 06:49:10.572932+00:00,253.154,0.815,0.81,0.82,0.185,0.18,0.19,6.17,140.86,140.86,6.17,0.8,153.0,0.83,168.79,0.79,217.0,0.84,314.54,0.78,322.0,0.85,223.0,0.77,333.0,0.86,414.0,0.76,469.0,0.87,507.0,0.17,168.79,0.2,153.0,0.16,314.54,0.21,217.0,0.15,223.0,0.22,322.0,0.14,339.0,0.23,333.0,0.13,507.0,0.24,469.0
2026-01-07 06:49:14.134000+00:00,2026-01-07 06:49:11.595295+00:00,254.134,0.815,0.81,0.82,0.185,0.18,0.19,6.17,145.86,145.86,6.17,0.8,208.0,0.83,163.79,0.79,441.0,0.84,314.54,0.78,322.0,0.85,223.0,0.77,333.0,0.86,339.0,0.76,469.0,0.87,577.0,0.17,163.79,0.2,232.0,0.16,314.54,0.21,425.0,0.15,223.0,0.22,322.0,0.14,339.0,0.23,333.0,0.13,577.0,0.24,469.0
2026-01-07 06:49:15.043000+00:00,2026-01-07 06:49:12.585086+00:00,255.043,0.815,0.81,0.82,0.185,0.18,0.19,27.17,131.86,145.86,27.17,0.8,224.0,0.83,177.79,0.79,425.0,0.84,314.54,0.78,322.0,0.85,223.0,0.77,333.0,0.86,339.0,0.76,469.0,0.87,577.0,0.17,163.79,0.2,224.0,0.16,314.54,0.21,425.0,0.15,223.0,0.22,322.0,0.14,339.0,0.23,333.0,0.13,577.0,0.24,469.0
2026-01-07 06:49:16.114000+00:00,2026-01-07 06:49:13.607807+00:00,256.114,0.815,0.81,0.82,0.185,0.18,0.19,31.17,145.86,145.86,31.17,0.8,224.0,0.83,163.79,0.79,425.0,0.84,314.54,0.78,322.0,0.85,223.0,0.77,333.0,0.86,339.0,0.76,469.0,0.87,577.0,0.17,163.79,0.2,208.0,0.16,314.54,0.21,425.0,0.15,223.0,0.22,322.0,0.14,339.0,0.23,333.0,0.13,577.0,0.24,469.0
2026-01-07 06:49:17.047000+00:00,2026-01-07 06:49:14.612028+00:00,257.047,0.815,0.81,0.82,0.185,0.18,0.19,31.17,145.86,130.86,31.17,0.8,224.0,0.83,163.79,0.79,425.0,0.84,314.54,0.78,322.0,0.85,223.0,0.77,333.0,0.86,339.0,0.76,469.0,0.87,577.0,0.17,163.79,0.2,224.0,0.16,314.54,0.21,425.0,0.15,223.0,0.22,322.0,0.14,339.0,0.23,333.0,0.13,577.0,0.24,469.0
2026-01-07 06:49:18.204000+00:00,2026-01-07 06:49:15.619568+00:00,258.204,0.815,0.81,0.82,0.185,0.18,0.19,36.17,116.86,116.86,36.17,0.8,193.0,0.83,177.79,0.79,457.0,0.84,314.54,0.78,322.0,0.85,223.0,0.77,333.0,0.86,339.0,0.76,469.0,0.87,577.0,0.17,177.79,0.2,193.0,0.16,314.54,0.21,457.0,0.15,223.0,0.22,322.0,0.14,339.0,0.23,333.0,0.13,577.0,0.24,469.0
2026-01-07 06:49:19.162000+00:00,2026-01-07 06:49:16.627211+00:00,259.162,0.815,0.81,0.82,0.185,0.18,0.19,56.17,55.0,50.0,141.16,0.8,173.0,0.83,247.79,0.79,457.0,0.84,314.54,0.78,327.0,0.85,223.0,0.77,333.0,0.86,339.0,0.76,469.0,0.87,577.0,0.17,163.79,0.2,228.0,0.16,124.54,0.21,480.0,0.15,276.97,0.22,328.0,0.14,339.0,0.23,454.0,0.13,577.0,0.24,469.0
2026-01-07 06:49:20.164000+00:00,2026-01-07 06:49:17.634948+00:00,260.164,0.815,0.81,0.82,0.185,0.18,0.19,198.16,20.0,20.0,198.16,0.8,283.0,0.83,174.79,0.79,521.0,0.84,109.54,0.78,323.0,0.85,93.97,0.77,454.0,0.86,218.0,0.76,469.0,0.87,612.0,0.17,174.79,0.2,240.0,0.16,109.54,0.21,553.0,0.15,93.97,0.22,323.0,0.14,218.0,0.23,454.0,0.13,612.0,0.24,469.0
2026-01-07 06:49:21.105000+00:00,2026-01-07 06:49:18.636979+00:00,261.105,0.815,0.81,0.82,0.185,0.18,0.19,183.16,20.0,20.0,198.16,0.8,247.0,0.83,174.79,0.79,557.0,0.84,121.54,0.78,333.0,0.85,81.97,0.77,454.0,0.86,218.0,0.76,469.0,0.87,612.0,0.17,174.79,0.2,247.0,0.16,121.54,0.21,557.0,0.15,69.97,0.22,333.0,0.14,218.0,0.23,454.0,0.13,612.0,0.24,469.0
2026-01-07 06:49:22.197000+00:00,2026-01-07 06:49:19.645354+00:00,262.197,0.815,0.81,0.82,0.185,0.18,0.19,162.16,5.53,5.53,137.16,0.8,303.0,0.83,159.79,0.79,557.0,0.84,148.54,0.78,338.0,0.85,69.97,0.77,454.0,0.86,218.0,0.76,469.0,0.87,612.0,0.17,159.79,0.2,303.0,0.16,148.54,0.21,557.0,0.15,69.97,0.22,338.0,0.14,442.0,0.23,454.0,0.13,612.0,0.24,469.0
2026-01-07 06:49:23.090000+00:00,2026-01-07 06:49:20.667433+00:00,263.09,0.815,0.81,0.82,0.185,0.18,0.19,198.16,5.53,5.53,183.16,0.8,247.0,0.83,159.79,0.79,557.0,0.84,148.54,0.78,333.0,0.85,69.97,0.77,454.0,0.86,442.0,0.76,469.0,0.87,612.0,0.17,159.79,0.2,247.0,0.16,148.54,0.21,557.0,0.15,69.97,0.22,333.0,0.14,442.0,0.23,454.0,0.13,612.0,0.24,469.0
2026-01-07 06:49:24.029000+00:00,2026-01-07 06:49:21.673737+00:00,264.029,0.815,0.81,0.82,0.185,0.18,0.19,171.16,4.31,4.31,171.16,0.8,264.0,0.83,212.79,0.79,557.0,0.84,110.54,0.78,333.0,0.85,69.97,0.77,454.0,0.86,442.0,0.76,469.0,0.87,612.0,0.17,212.79,0.2,264.0,0.16,110.54,0.21,557.0,0.15,69.97,0.22,333.0,0.14,442.0,0.23,454.0,0.13,612.0,0.24,469.0
2026-01-07 06:49:25.190000+00:00,2026-01-07 06:49:22.677463+00:00,265.19,0.805,0.8,0.81,0.195,0.19,0.2,16.0,139.0,165.0,16.0,0.79,95.0,0.82,85.0,0.78,117.0,0.83,317.79,0.77,195.0,0.84,470.54,0.76,348.0,0.85,414.0,0.75,405.0,0.86,374.0,0.18,85.0,0.21,30.0,0.17,317.79,0.22,172.0,0.16,470.54,0.23,195.0,0.15,414.0,0.24,348.0,0.14,374.0,0.25,405.0
2026-01-07 06:49:26.263000+00:00,2026-01-07 06:49:23.687846+00:00,266.263,0.805,0.8,0.81,0.195,0.19,0.2,21.0,112.33,112.33,16.0,0.79,115.0,0.82,110.0,0.78,107.0,0.83,292.79,0.77,220.0,0.84,470.54,0.76,396.0,0.85,414.0,0.75,369.0,0.86,409.0,0.18,110.0,0.21,135.0,0.17,292.79,0.22,92.0,0.16,470.54,0.23,80.0,0.15,414.0,0.24,396.0,0.14,409.0,0.25,381.0
2026-01-07 06:49:27.175000+00:00,2026-01-07 06:49:24.693716+00:00,267.175,0.805,0.8,0.81,0.2,0.19,0.21,5.0,139.33,139.33,146.0,0.79,146.0,0.82,182.0,0.78,127.0,0.83,304.79,0.77,220.0,0.84,470.54,0.76,348.0,0.85,414.0,0.75,333.0,0.86,409.0,0.18,182.0,0.22,127.0,0.17,304.79,0.23,220.0,0.16,470.54,0.24,348.0,0.15,414.0,0.25,333.0,0.14,409.0,0.26,456.0
2026-01-07 06:49:28.265000+00:00,2026-01-07 06:49:25.715276+00:00,268.265,0.8,0.79,0.81,0.2,0.19,0.21,187.0,104.33,104.33,187.0,0.78,207.0,0.82,146.0,0.77,174.0,0.83,328.79,0.76,348.0,0.84,470.54,0.75,333.0,0.85,414.0,0.74,456.0,0.86,409.0,0.18,146.0,0.22,207.0,0.17,340.79,0.23,174.0,0.16,470.54,0.24,348.0,0.15,414.0,0.25,333.0,0.14,409.0,0.26,456.0
2026-01-07 06:49:29.120000+00:00,2026-01-07 06:49:26.721101+00:00,269.12,0.815,0.81,0.82,0.185,0.18,0.19,11.69,188.0,188.0,11.69,0.8,35.0,0.83,364.79,0.79,273.0,0.84,470.54,0.78,454.0,0.85,414.0,0.77,155.0,0.86,409.0,0.76,348.0,0.87,577.0,0.17,364.79,0.2,35.0,0.16,470.54,0.21,273.0,0.15,344.0,0.22,454.0,0.14,409.0,0.23,155.0,0.13,577.0,0.24,348.0
2026-01-07 06:49:30.258000+00:00,2026-01-07 06:49:27.743194+00:00,270.258,0.815,0.81,0.82,0.185,0.18,0.19,11.69,146.0,146.0,11.69,0.8,150.0,0.83,394.76,0.79,227.0,0.84,482.54,0.78,430.0,0.85,344.0,0.77,150.0,0.86,409.0,0.76,348.0,0.87,577.0,0.17,394.76,0.2,150.0,0.16,482.54,0.21,227.0,0.15,344.0,0.22,430.0,0.14,409.0,0.23,150.0,0.13,577.0,0.24,348.0
2026-01-07 06:49:31.163000+00:00,2026-01-07 06:49:28.742013+00:00,271.163,0.815,0.81,0.82,0.185,0.18,0.19,6.69,151.0,116.0,6.69,0.8,171.0,0.83,394.76,0.79,211.0,0.84,482.54,0.78,430.0,0.85,344.0,0.77,150.0,0.86,409.0,0.76,348.0,0.87,577.0,0.17,419.76,0.2,171.0,0.16,457.54,0.21,211.0,0.15,344.0,0.22,398.0,0.14,409.0,0.23,182.0,0.13,612.0,0.24,348.0
2026-01-07 06:49:32.264000+00:00,2026-01-07 06:49:29.749149+00:00,272.264,0.815,0.81,0.82,0.185,0.18,0.19,6.69,181.0,181.0,6.69,0.8,21.0,0.83,394.76,0.79,362.0,0.84,258.54,0.78,387.0,0.85,414.0,0.77,182.0,0.86,409.0,0.76,348.0,0.87,577.0,0.17,394.76,0.2,21.0,0.16,258.54,0.21,347.0,0.15,414.0,0.22,387.0,0.14,409.0,0.23,182.0,0.13,577.0,0.24,348.0
2026-01-07 06:49:33.360000+00:00,2026-01-07 06:49:30.773219+00:00,273.36,0.815,0.81,0.82,0.185,0.18,0.19,191.0,5.0,5.0,203.0,0.8,120.0,0.83,584.81,0.79,211.0,0.84,257.54,0.78,411.0,0.85,434.0,0.77,272.0,0.86,339.0,0.76,348.0,0.87,542.0,0.17,584.81,0.2,132.0,0.16,245.54,0.21,211.0,0.15,434.0,0.22,411.0,0.14,339.0,0.23,272.0,0.13,542.0,0.24,348.0
2026-01-07 06:49:34.313000+00:00,2026-01-07 06:49:31.778434+00:00,274.313,0.815,0.81,0.82,0.185,0.18,0.19,178.0,5.0,5.0,178.0,0.8,202.0,0.83,401.81,0.79,173.0,0.84,233.54,0.78,379.0,0.85,313.0,0.77,333.0,0.86,363.0,0.76,348.0,0.87,542.0,0.17,401.81,0.2,202.0,0.16,50.54,0.21,173.0,0.15,313.0,0.22,379.0,0.14,363.0,0.23,333.0,0.13,542.0,0.24,348.0
2026-01-07 06:49:35.273000+00:00,2026-01-07 06:49:32.783620+00:00,275.273,0.825,0.82,0.83,0.175,0.17,0.18,18.38,341.81,341.81,18.38,0.81,229.0,0.84,62.54,0.8,172.0,0.85,325.0,0.79,150.0,0.86,339.0,0.78,406.0,0.87,542.0,0.77,333.0,0.88,449.0,0.16,62.54,0.19,229.0,0.15,325.0,0.2,172.0,0.14,339.0,0.21,150.0,0.13,542.0,0.22,406.0,0.12,449.0,0.23,333.0
2026-01-07 06:49:36.259000+00:00,2026-01-07 06:49:33.793209+00:00,276.259,0.825,0.82,0.83,0.175,0.17,0.18,13.38,323.0,323.0,13.38,0.81,299.0,0.84,123.54,0.8,172.0,0.85,252.0,0.79,150.0,0.86,339.0,0.78,406.0,0.87,542.0,0.77,333.0,0.88,484.0,0.16,123.54,0.19,299.0,0.15,252.0,0.2,172.0,0.14,339.0,0.21,150.0,0.13,542.0,0.22,406.0,0.12,484.0,0.23,333.0
2026-01-07 06:49:37.232000+00:00,2026-01-07 06:49:34.799691+00:00,277.232,0.825,0.82,0.83,0.175,0.17,0.18,28.38,323.0,323.0,36.38,0.81,284.0,0.84,135.54,0.8,172.0,0.85,252.0,0.79,182.0,0.86,339.0,0.78,374.0,0.87,542.0,0.77,333.0,0.88,484.0,0.16,135.54,0.19,284.0,0.15,252.0,0.2,172.0,0.14,339.0,0.21,182.0,0.13,542.0,0.22,379.0,0.12,484.0,0.23,333.0
2026-01-07 06:49:38.384000+00:00,2026-01-07 06:49:35.807000+00:00,278.384,0.825,0.82,0.83,0.175,0.17,0.18,173.38,20.0,65.0,78.38,0.81,214.0,0.84,151.28,0.8,172.0,0.85,300.0,0.79,150.0,0.86,339.0,0.78,272.0,0.87,542.0,0.77,333.0,0.88,484.0,0.16,151.28,0.19,264.0,0.15,300.0,0.2,203.0,0.14,339.0,0.21,150.0,0.13,542.0,0.22,272.0,0.12,484.0,0.23,333.0
2026-01-07 06:49:39.346000+00:00,2026-01-07 06:49:36.815865+00:00,279.346,0.825,0.82,0.83,0.175,0.17,0.18,96.38,99.0,99.0,96.38,0.81,284.0,0.84,117.54,0.8,203.0,0.85,300.0,0.79,150.0,0.86,218.0,0.78,333.0,0.87,542.0,0.77,333.0,0.88,484.0,0.16,117.54,0.19,284.0,0.15,300.0,0.2,172.0,0.14,218.0,0.21,150.0,0.13,542.0,0.22,333.0,0.12,484.0,0.23,333.0
2026-01-07 06:49:40.354000+00:00,2026-01-07 06:49:37.820862+00:00,280.354,0.825,0.82,0.83,0.175,0.17,0.18,118.38,99.0,99.0,118.38,0.81,259.0,0.84,82.54,0.8,197.0,0.85,325.0,0.79,182.0,0.86,193.0,0.78,333.0,0.87,542.0,0.77,298.0,0.88,484.0,0.16,82.54,0.19,259.0,0.15,325.0,0.2,197.0,0.14,193.0,0.21,182.0,0.13,542.0,0.22,333.0,0.12,484.0,0.23,298.0
2026-01-07 06:49:41.407000+00:00,2026-01-07 06:49:38.832854+00:00,281.407,0.825,0.82,0.83,0.175,0.17,0.18,233.38,49.0,49.0,233.38,0.81,173.0,0.84,102.28,0.8,197.0,0.85,325.0,0.79,187.0,0.86,193.0,0.78,333.0,0.87,542.0,0.77,298.0,0.88,484.0,0.16,102.28,0.19,189.0,0.15,325.0,0.2,197.0,0.14,193.0,0.21,187.0,0.13,542.0,0.22,333.0,0.12,484.0,0.23,298.0
2026-01-07 06:49:42.435000+00:00,2026-01-07 06:49:39.854071+00:00,282.435,0.825,0.82,0.83,0.175,0.17,0.18,233.38,20.0,20.0,233.38,0.81,203.0,0.84,104.28,0.8,183.0,0.85,95.0,0.79,333.0,0.86,466.0,0.78,454.0,0.87,396.0,0.77,419.0,0.88,414.0,0.16,104.28,0.19,234.0,0.15,95.0,0.2,183.0,0.14,466.0,0.21,333.0,0.13,396.0,0.22,454.0,0.12,414.0,0.23,419.0
2026-01-07 06:49:43.418000+00:00,2026-01-07 06:49:40.856926+00:00,283.418,0.835,0.83,0.84,0.165,0.16,0.17,28.19,104.28,104.28,68.19,0.82,171.38,0.85,95.0,0.81,234.0,0.86,454.0,0.8,183.0,0.87,396.0,0.79,333.0,0.88,414.0,0.78,454.0,0.89,512.19,0.15,65.0,0.18,149.38,0.14,483.97,0.19,212.0,0.13,396.0,0.2,214.0,0.12,414.0,0.21,333.0,0.11,492.19,0.22,419.0
2026-01-07 06:49:44.457000+00:00,2026-01-07 06:49:41.877918+00:00,284.457,0.835,0.83,0.84,0.165,0.16,0.17,81.19,77.28,78.28,81.19,0.82,173.38,0.85,41.0,0.81,282.0,0.86,495.97,0.8,166.0,0.87,396.0,0.79,338.0,0.88,414.0,0.78,419.0,0.89,492.19,0.15,49.0,0.18,235.38,0.14,543.97,0.19,244.0,0.13,420.0,0.2,166.0,0.12,414.0,0.21,338.0,0.11,492.19,0.22,419.0
2026-01-07 06:49:45.331000+00:00,2026-01-07 06:49:42.883275+00:00,285.331,0.835,0.83,0.84,0.165,0.16,0.17,76.19,78.28,78.28,76.19,0.82,221.38,0.85,49.0,0.81,258.0,0.86,543.97,0.8,166.0,0.87,420.0,0.79,333.0,0.88,484.0,0.78,419.0,0.89,492.19,0.15,49.0,0.18,221.38,0.14,543.97,0.19,258.0,0.13,420.0,0.2,166.0,0.12,484.0,0.21,333.0,0.11,492.19,0.22,419.0
2026-01-07 06:49:46.203000+00:00,2026-01-07 06:49:43.890316+00:00,286.203,0.835,0.83,0.84,0.165,0.16,0.17,68.19,78.28,78.28,68.19,0.82,209.38,0.85,73.0,0.81,270.0,0.86,531.97,0.8,390.0,0.87,408.0,0.79,333.0,0.88,484.0,0.78,419.0,0.89,492.19,0.15,73.0,0.18,209.38,0.14,531.97,0.19,270.0,0.13,408.0,0.2,390.0,0.12,484.0,0.21,333.0,0.11,492.19,0.22,419.0
2026-01-07 06:49:47.395000+00:00,2026-01-07 06:49:44.897957+00:00,287.395,0.835,0.83,0.84,0.165,0.16,0.17,58.19,108.0,108.0,58.19,0.82,219.38,0.85,103.0,0.81,174.0,0.86,405.28,0.8,462.0,0.87,396.0,0.79,333.0,0.88,484.0,0.78,419.0,0.89,492.19,0.15,103.0,0.18,219.38,0.14,405.28,0.19,174.0,0.13,396.0,0.2,462.0,0.12,484.0,0.21,333.0,0.11,492.19,0.22,419.0
2026-01-07 06:49:48.396000+00:00,2026-01-07 06:49:45.905898+00:00,288.396,0.835,0.83,0.84,0.165,0.16,0.17,66.19,43.57,42.14,66.19,0.82,269.38,0.85,85.0,0.81,210.0,0.86,459.25,0.8,390.0,0.87,396.0,0.79,333.0,0.88,484.0,0.78,419.0,0.89,492.19,0.15,85.0,0.18,281.38,0.14,459.25,0.19,186.0,0.13,396.0,0.2,390.0,0.12,484.0,0.21,333.0,0.11,492.19,0.22,419.0
2026-01-07 06:49:49.058000+00:00,2026-01-07 06:49:46.931316+00:00,289.058,0.835,0.83,0.84,0.165,0.16,0.17,58.19,42.14,42.14,58.19,0.82,305.38,0.85,61.0,0.81,205.0,0.86,495.25,0.8,359.0,0.87,420.0,0.79,333.0,0.88,484.0,0.78,419.0,0.89,492.19,0.15,61.0,0.18,305.38,0.14,495.25,0.19,205.0,0.13,420.0,0.2,359.0,0.12,484.0,0.21,333.0,0.11,484.0,0.22,419.0
2026-01-07 06:49:50.156000+00:00,2026-01-07 06:49:47.939848+00:00,290.156,0.835,0.83,0.84,0.165,0.16,0.17,58.19,77.14,50.14,58.19,0.82,305.38,0.85,76.0,0.81,174.0,0.86,480.27,0.8,390.0,0.87,420.0,0.79,333.0,0.88,484.0,0.78,419.0,0.89,484.0,0.15,61.0,0.18,305.38,0.14,495.25,0.19,174.0,0.13,420.0,0.2,390.0,0.12,484.0,0.21,333.0,0.11,484.0,0.22,419.0
2026-01-07 06:49:51.453000+00:00,2026-01-07 06:49:48.931292+00:00,291.453,0.835,0.83,0.84,0.165,0.16,0.17,58.19,40.09,40.09,58.19,0.82,305.38,0.85,61.0,0.81,205.0,0.86,495.25,0.8,364.0,0.87,420.0,0.79,333.0,0.88,484.0,0.78,419.0,0.89,484.0,0.15,61.0,0.18,305.38,0.14,495.25,0.19,174.0,0.13,420.0,0.2,395.0,0.12,484.0,0.21,333.0,0.11,484.0,0.22,419.0
2026-01-07 06:49:52.514000+00:00,2026-01-07 06:49:49.948002+00:00,292.514,0.845,0.84,0.85,0.155,0.15,0.16,47.52,79.0,79.0,47.52,0.83,145.0,0.86,483.25,0.82,248.38,0.87,432.0,0.81,181.0,0.88,414.0,0.8,359.0,0.89,484.0,0.79,298.0,0.9,627.9,0.14,483.25,0.17,157.0,0.13,444.0,0.18,260.38,0.12,414.0,0.19,181.0,0.11,484.0,0.2,359.0,0.1,627.9,0.21,298.0
2026-01-07 06:49:53.444000+00:00,2026-01-07 06:49:50.953876+00:00,293.444,0.845,0.84,0.85,0.155,0.15,0.16,47.52,79.0,68.7,47.52,0.83,34.0,0.86,483.25,0.82,330.38,0.87,444.0,0.81,181.0,0.88,414.0,0.8,359.0,0.89,484.0,0.79,298.0,0.9,627.9,0.14,483.25,0.17,34.0,0.13,444.0,0.18,330.38,0.12,414.0,0.19,181.0,0.11,484.0,0.2,359.0,0.1,627.9,0.21,298.0
2026-01-07 06:49:54.473000+00:00,2026-01-07 06:49:51.959757+00:00,294.473,0.845,0.84,0.85,0.155,0.15,0.16,92.52,36.7,36.7,67.52,0.83,203.0,0.86,443.28,0.82,217.67,0.87,486.0,0.81,181.0,0.88,426.0,0.8,359.0,0.89,484.0,0.79,298.0,0.9,627.9,0.14,443.28,0.17,203.0,0.13,486.0,0.18,217.67,0.12,426.0,0.19,181.0,0.11,484.0,0.2,359.0,0.1,627.9,0.21,298.0
2026-01-07 06:49:55.553000+00:00,2026-01-07 06:49:52.968044+00:00,295.553,0.845,0.84,0.85,0.155,0.15,0.16,55.52,36.7,36.7,55.52,0.83,203.0,0.86,443.28,0.82,287.67,0.87,486.0,0.81,181.0,0.88,426.0,0.8,359.0,0.89,484.0,0.79,298.0,0.9,627.9,0.14,443.28,0.17,203.0,0.13,486.0,0.18,287.67,0.12,426.0,0.19,181.0,0.11,484.0,0.2,359.0,0.1,627.9,0.21,298.0
