timestamp,collected_at,seconds,mid,bid,ask,asset
2026-01-06 11:30:00+00:00,2026-01-06 11:39:13.656013+00:00,0.0,3238.021,3237.74,3238.19,ETH
2026-01-06 11:30:01+00:00,2026-01-06 11:39:14.664833+00:00,1.0,3237.991,3237.65,3238.21,ETH
2026-01-06 11:30:02+00:00,2026-01-06 11:39:15.656196+00:00,2.0,3238.242,3237.89,3238.45,ETH
2026-01-06 11:30:03+00:00,2026-01-06 11:39:16.678218+00:00,3.0,3238.482,3238.13,3238.74,ETH
2026-01-06 11:30:04+00:00,2026-01-06 11:39:17.680929+00:00,4.0,3238.632,3238.28,3239.01,ETH
2026-01-06 11:30:05+00:00,2026-01-06 11:39:18.742559+00:00,5.0,3238.952,3238.63,3239.2,ETH
2026-01-06 11:30:06+00:00,2026-01-06 11:39:19.685382+00:00,6.0,3238.982,3238.65,3239.26,ETH
2026-01-06 11:30:07+00:00,2026-01-06 11:39:20.742336+00:00,7.0,3239.132,3238.84,3239.43,ETH
2026-01-06 11:30:08+00:00,2026-01-06 11:39:21.691772+00:00,8.0,3239.172,3238.84,3239.46,ETH
2026-01-06 11:30:09+00:00,2026-01-06 11:39:22.743578+00:00,9.0,3239.212,3238.94,3239.5,ETH
2026-01-06 11:30:10+00:00,2026-01-06 11:39:23.727639+00:00,10.0,3239.212,3238.94,3239.5,ETH
2026-01-06 11:30:11+00:00,2026-01-06 11:39:24.746898+00:00,11.0,3239.202,3238.94,3239.5,ETH
2026-01-06 11:30:12+00:00,2026-01-06 11:39:25.754637+00:00,12.0,3239.202,3238.94,3239.55,ETH
2026-01-06 11:30:13+00:00,2026-01-06 11:39:26.749040+00:00,13.0,3239.472,3239.19,3239.8,ETH
2026-01-06 11:30:14+00:00,2026-01-06 11:39:27.771979+00:00,14.0,3239.482,3239.2,3239.8,ETH
2026-01-06 11:30:15+00:00,2026-01-06 11:39:28.766179+00:00,15.0,3239.482,3239.19,3239.8,ETH
2026-01-06 11:30:16+00:00,2026-01-06 11:39:29.766132+00:00,16.0,3239.482,3239.19,3239.8,ETH
2026-01-06 11:30:17+00:00,2026-01-06 11:39:30.764988+00:00,17.0,3239.482,3239.2,3239.8,ETH
2026-01-06 11:30:18+00:00,2026-01-06 11:39:31.784208+00:00,18.0,3239.482,3239.2,3239.8,ETH
2026-01-06 11:30:19+00:00,2026-01-06 11:39:32.785525+00:00,19.0,3239.482,3239.2,3239.8,ETH
2026-01-06 11:30:20+00:00,2026-01-06 11:39:33.804165+00:00,20.0,3239.482,3239.2,3239.8,ETH
2026-01-06 11:30:21+00:00,2026-01-06 11:39:34.799730+00:00,21.0,3239.482,3239.2,3239.79,ETH
2026-01-06 11:30:22+00:00,2026-01-06 11:39:35.817619+00:00,22.0,3239.482,3239.2,3239.79,ETH
2026-01-06 11:30:23+00:00,2026-01-06 11:39:36.820364+00:00,23.0,3239.432,3239.17,3239.62,ETH
2026-01-06 11:30:24+00:00,2026-01-06 11:39:37.836128+00:00,24.0,3239.382,3239.13,3239.45,ETH
2026-01-06 11:30:25+00:00,2026-01-06 11:39:38.836328+00:00,25.0,3239.372,3239.08,3239.45,ETH
2026-01-06 11:30:26+00:00,2026-01-06 11:39:39.852373+00:00,26.0,3239.372,3239.03,3239.43,ETH
2026-01-06 11:30:27+00:00,2026-01-06 11:39:40.838057+00:00,27.0,3239.142,3238.85,3239.33,ETH
2026-01-06 11:30:28+00:00,2026-01-06 11:39:41.840921+00:00,28.0,3238.752,3238.58,3239.09,ETH
2026-01-06 11:30:29+00:00,2026-01-06 11:39:42.855158+00:00,29.0,3238.572,3238.4,3238.92,ETH
2026-01-06 11:30:30+00:00,2026-01-06 11:39:43.873388+00:00,30.0,3238.482,3238.3,3238.9,ETH
2026-01-06 11:30:31+00:00,2026-01-06 11:39:44.871566+00:00,31.0,3238.402,3238.24,3238.83,ETH
2026-01-06 11:30:32+00:00,2026-01-06 11:39:45.888609+00:00,32.0,3238.402,3238.17,3238.7,ETH
2026-01-06 11:30:33+00:00,2026-01-06 11:39:46.900495+00:00,33.0,3238.382,3238.1,3238.54,ETH
2026-01-06 11:30:34+00:00,2026-01-06 11:39:47.913907+00:00,34.0,3238.252,3238.05,3238.42,ETH
2026-01-06 11:30:35+00:00,2026-01-06 11:39:48.903206+00:00,35.0,3238.181,3238.01,3238.37,ETH
2026-01-06 11:30:36+00:00,2026-01-06 11:39:49.904727+00:00,36.0,3238.191,3237.93,3238.33,ETH
2026-01-06 11:30:37+00:00,2026-01-06 11:39:50.920908+00:00,37.0,3238.212,3237.87,3238.27,ETH
2026-01-06 11:30:38+00:00,2026-01-06 11:39:51.950643+00:00,38.0,3238.202,3237.86,3238.25,ETH
2026-01-06 11:30:39+00:00,2026-01-06 11:39:52.959276+00:00,39.0,3238.202,3237.84,3238.26,ETH
2026-01-06 11:30:40+00:00,2026-01-06 11:39:53.954268+00:00,40.0,3238.202,3237.87,3238.26,ETH
2026-01-06 11:30:41+00:00,2026-01-06 11:39:54.969117+00:00,41.0,3238.202,3237.89,3238.26,ETH
2026-01-06 11:30:42+00:00,2026-01-06 11:39:55.997205+00:00,42.0,3238.202,3237.89,3238.31,ETH
2026-01-06 11:30:43+00:00,2026-01-06 11:39:56.991381+00:00,43.0,3238.201,3237.89,3238.3,ETH
2026-01-06 11:30:44+00:00,2026-01-06 11:39:57.989636+00:00,44.0,3238.151,3237.89,3238.25,ETH
2026-01-06 11:30:45+00:00,2026-01-06 11:39:59.001570+00:00,45.0,3238.111,3237.86,3238.22,ETH
2026-01-06 11:30:46+00:00,2026-01-06 11:40:00.031377+00:00,46.0,3238.111,3237.83,3238.21,ETH
2026-01-06 11:30:47+00:00,2026-01-06 11:40:01.032403+00:00,47.0,3238.111,3237.83,3238.2,ETH
2026-01-06 11:30:48+00:00,2026-01-06 11:40:03.052475+00:00,48.0,3238.111,3237.82,3238.16,ETH
2026-01-06 11:30:49+00:00,2026-01-06 11:40:04.056632+00:00,49.0,3238.111,3237.82,3238.14,ETH
2026-01-06 11:30:50+00:00,2026-01-06 11:40:05.051385+00:00,50.0,3238.101,3237.82,3238.13,ETH
2026-01-06 11:30:51+00:00,2026-01-06 11:40:06.063546+00:00,51.0,3237.881,3237.72,3238.11,ETH
2026-01-06 11:30:52+00:00,2026-01-06 11:40:07.070738+00:00,52.0,3237.791,3237.48,3238.1,ETH
2026-01-06 11:30:53+00:00,2026-01-06 11:40:08.085632+00:00,53.0,3237.791,3237.48,3238.1,ETH
2026-01-06 11:30:54+00:00,2026-01-06 11:40:09.106535+00:00,54.0,3238.071,3237.8,3238.34,ETH
2026-01-06 11:30:55+00:00,2026-01-06 11:40:10.116036+00:00,55.0,3238.051,3237.71,3238.34,ETH
2026-01-06 11:30:56+00:00,2026-01-06 11:40:11.101430+00:00,56.0,3238.051,3237.71,3238.39,ETH
2026-01-06 11:30:57+00:00,2026-01-06 11:40:12.113891+00:00,57.0,3238.071,3237.73,3238.39,ETH
2026-01-06 11:30:58+00:00,2026-01-06 11:40:13.098654+00:00,58.0,3238.041,3237.7,3238.38,ETH
2026-01-06 11:30:59+00:00,2026-01-06 11:40:14.096112+00:00,59.0,3238.041,3237.7,3238.38,ETH
2026-01-06 11:31:00+00:00,2026-01-06 11:40:15.100210+00:00,60.0,3238.041,3237.7,3238.34,ETH
2026-01-06 11:31:01+00:00,2026-01-06 11:40:16.094859+00:00,61.0,3238.071,3237.73,3238.45,ETH
2026-01-06 11:31:02+00:00,2026-01-06 11:40:17.106096+00:00,62.0,3238.081,3237.74,3238.39,ETH
2026-01-06 11:31:03+00:00,2026-01-06 11:40:18.113491+00:00,63.0,3238.081,3237.74,3238.34,ETH
2026-01-06 11:31:04+00:00,2026-01-06 11:40:19.121886+00:00,64.0,3238.041,3237.7,3238.37,ETH
2026-01-06 11:31:05+00:00,2026-01-06 11:40:20.129432+00:00,65.0,3238.051,3237.71,3238.37,ETH
2026-01-06 11:31:06+00:00,2026-01-06 11:40:21.132295+00:00,66.0,3238.051,3237.71,3238.34,ETH
2026-01-06 11:31:07+00:00,2026-01-06 11:40:22.136547+00:00,67.0,3238.041,3237.7,3238.34,ETH
2026-01-06 11:31:08+00:00,2026-01-06 11:40:23.201956+00:00,68.0,3238.001,3237.65,3238.26,ETH
2026-01-06 11:31:09+00:00,2026-01-06 11:40:24.203553+00:00,69.0,3237.931,3237.57,3238.14,ETH
2026-01-06 11:31:10+00:00,2026-01-06 11:40:25.205457+00:00,70.0,3237.701,3237.43,3237.88,ETH
2026-01-06 11:31:11+00:00,2026-01-06 11:40:26.169533+00:00,71.0,3237.481,3237.32,3237.68,ETH
2026-01-06 11:31:12+00:00,2026-01-06 11:40:27.183188+00:00,72.0,3237.431,3237.15,3237.68,ETH
2026-01-06 11:31:13+00:00,2026-01-06 11:40:28.186796+00:00,73.0,3237.261,3237.07,3237.42,ETH
2026-01-06 11:31:14+00:00,2026-01-06 11:40:29.193780+00:00,74.0,3237.161,3236.93,3237.32,ETH
2026-01-06 11:31:15+00:00,2026-01-06 11:40:30.200716+00:00,75.0,3237.301,3237.01,3237.4,ETH
2026-01-06 11:31:16+00:00,2026-01-06 11:40:31.219089+00:00,76.0,3237.311,3237.01,3237.43,ETH
2026-01-06 11:31:17+00:00,2026-01-06 11:40:32.230163+00:00,77.0,3237.301,3236.98,3237.36,ETH
2026-01-06 11:31:18+00:00,2026-01-06 11:40:33.229088+00:00,78.0,3237.301,3236.98,3237.36,ETH
2026-01-06 11:31:19+00:00,2026-01-06 11:40:34.236301+00:00,79.0,3237.541,3237.25,3237.61,ETH
2026-01-06 11:31:20+00:00,2026-01-06 11:40:35.234482+00:00,80.0,3237.581,3237.25,3237.87,ETH
2026-01-06 11:31:21+00:00,2026-01-06 11:40:36.291479+00:00,81.0,3237.611,3237.26,3237.91,ETH
2026-01-06 11:31:22+00:00,2026-01-06 11:40:37.297117+00:00,82.0,3237.611,3237.26,3237.98,ETH
2026-01-06 11:31:23+00:00,2026-01-06 11:40:38.295516+00:00,83.0,3237.611,3237.28,3237.98,ETH
2026-01-06 11:31:24+00:00,2026-01-06 11:40:39.297728+00:00,84.0,3237.611,3237.3,3237.96,ETH
2026-01-06 11:31:25+00:00,2026-01-06 11:40:40.282745+00:00,85.0,3237.611,3237.3,3237.98,ETH
2026-01-06 11:31:26+00:00,2026-01-06 11:40:41.295831+00:00,86.0,3237.611,3237.3,3237.99,ETH
2026-01-06 11:31:27+00:00,2026-01-06 11:40:42.304723+00:00,87.0,3237.681,3237.34,3238.02,ETH
2026-01-06 11:31:28+00:00,2026-01-06 11:40:43.302562+00:00,88.0,3237.741,3237.38,3238.03,ETH
2026-01-06 11:31:29+00:00,2026-01-06 11:40:44.298550+00:00,89.0,3237.731,3237.37,3238.02,ETH
2026-01-06 11:31:30+00:00,2026-01-06 11:40:45.311430+00:00,90.0,3237.581,3237.35,3237.85,ETH
2026-01-06 11:31:31+00:00,2026-01-06 11:40:46.320172+00:00,91.0,3237.431,3237.23,3237.62,ETH
2026-01-06 11:31:32+00:00,2026-01-06 11:40:47.326416+00:00,92.0,3237.411,3237.12,3237.54,ETH
2026-01-06 11:31:33+00:00,2026-01-06 11:40:48.316424+00:00,93.0,3237.361,3237.03,3237.47,ETH
2026-01-06 11:31:34+00:00,2026-01-06 11:40:49.319034+00:00,94.0,3237.321,3236.96,3237.44,ETH
2026-01-06 11:31:35+00:00,2026-01-06 11:40:50.335280+00:00,95.0,3237.271,3236.96,3237.39,ETH
2026-01-06 11:31:36+00:00,2026-01-06 11:40:51.349968+00:00,96.0,3237.251,3236.89,3237.38,ETH
2026-01-06 11:31:37+00:00,2026-01-06 11:40:52.347381+00:00,97.0,3237.181,3236.85,3237.3,ETH
2026-01-06 11:31:38+00:00,2026-01-06 11:40:53.363694+00:00,98.0,3237.191,3236.84,3237.37,ETH
2026-01-06 11:31:39+00:00,2026-01-06 11:40:54.367874+00:00,99.0,3237.211,3237.17,3237.38,ETH
2026-01-06 11:31:40+00:00,2026-01-06 11:40:55.364952+00:00,100.0,3237.161,3237.12,3237.33,ETH
2026-01-06 11:31:41+00:00,2026-01-06 11:40:56.399286+00:00,101.0,3237.021,3236.98,3237.24,ETH
2026-01-06 11:31:42+00:00,2026-01-06 11:40:57.417703+00:00,102.0,3237.181,3237.03,3237.24,ETH
2026-01-06 11:31:43+00:00,2026-01-06 11:40:58.435187+00:00,103.0,3237.171,3236.98,3237.22,ETH
2026-01-06 11:31:44+00:00,2026-01-06 11:40:59.430431+00:00,104.0,3237.201,3236.98,3237.25,ETH
2026-01-06 11:31:45+00:00,2026-01-06 11:41:00.445981+00:00,105.0,3237.191,3236.99,3237.29,ETH
2026-01-06 11:31:46+00:00,2026-01-06 11:41:01.450153+00:00,106.0,3237.161,3236.95,3237.29,ETH
2026-01-06 11:31:47+00:00,2026-01-06 11:41:02.463978+00:00,107.0,3237.121,3237.0,3237.29,ETH
2026-01-06 11:31:48+00:00,2026-01-06 11:41:03.483007+00:00,108.0,3237.141,3236.99,3237.21,ETH
2026-01-06 11:31:49+00:00,2026-01-06 11:41:04.484087+00:00,109.0,3237.141,3236.98,3237.2,ETH
2026-01-06 11:31:50+00:00,2026-01-06 11:41:05.505078+00:00,110.0,3237.141,3236.99,3237.25,ETH
2026-01-06 11:31:51+00:00,2026-01-06 11:41:06.497255+00:00,111.0,3237.191,3237.05,3237.33,ETH
2026-01-06 11:31:52+00:00,2026-01-06 11:41:07.502147+00:00,112.0,3237.211,3237.1,3237.28,ETH
2026-01-06 11:31:53+00:00,2026-01-06 11:41:08.512488+00:00,113.0,3237.271,3237.12,3237.32,ETH
2026-01-06 11:31:54+00:00,2026-01-06 11:41:09.517820+00:00,114.0,3237.221,3237.04,3237.32,ETH
2026-01-06 11:31:55+00:00,2026-01-06 11:41:10.534168+00:00,115.0,3237.181,3236.97,3237.33,ETH
2026-01-06 11:31:56+00:00,2026-01-06 11:41:11.531068+00:00,116.0,3237.141,3236.89,3237.33,ETH
2026-01-06 11:31:57+00:00,2026-01-06 11:41:12.544047+00:00,117.0,3237.141,3236.89,3237.32,ETH
2026-01-06 11:31:58+00:00,2026-01-06 11:41:13.545518+00:00,118.0,3237.141,3236.89,3237.33,ETH
2026-01-06 11:31:59+00:00,2026-01-06 11:41:14.547248+00:00,119.0,3237.141,3236.89,3237.38,ETH
2026-01-06 11:32:00+00:00,2026-01-06 11:41:15.552937+00:00,120.0,3237.201,3236.95,3237.39,ETH
2026-01-06 11:32:01+00:00,2026-01-06 11:41:16.551837+00:00,121.0,3237.201,3236.95,3237.39,ETH
2026-01-06 11:32:02+00:00,2026-01-06 11:41:17.569526+00:00,122.0,3237.201,3236.95,3237.45,ETH
2026-01-06 11:32:03+00:00,2026-01-06 11:41:18.565021+00:00,123.0,3237.231,3236.99,3237.4,ETH
2026-01-06 11:32:04+00:00,2026-01-06 11:41:19.577508+00:00,124.0,3237.231,3236.98,3237.39,ETH
2026-01-06 11:32:05+00:00,2026-01-06 11:41:20.582544+00:00,125.0,3237.231,3236.98,3237.39,ETH
2026-01-06 11:32:06+00:00,2026-01-06 11:41:21.580733+00:00,126.0,3237.221,3236.98,3237.39,ETH
2026-01-06 11:32:07+00:00,2026-01-06 11:41:22.581892+00:00,127.0,3237.221,3236.98,3237.39,ETH
2026-01-06 11:32:08+00:00,2026-01-06 11:41:23.601414+00:00,128.0,3237.221,3236.98,3237.39,ETH
2026-01-06 11:32:09+00:00,2026-01-06 11:41:24.598826+00:00,129.0,3237.151,3236.98,3237.28,ETH
2026-01-06 11:32:10+00:00,2026-01-06 11:41:25.617374+00:00,130.0,3237.141,3237.01,3237.28,ETH
2026-01-06 11:32:11+00:00,2026-01-06 11:41:26.633430+00:00,131.0,3237.151,3237.01,3237.28,ETH
2026-01-06 11:32:12+00:00,2026-01-06 11:41:27.640913+00:00,132.0,3237.231,3237.1,3237.51,ETH
2026-01-06 11:32:13+00:00,2026-01-06 11:41:28.629588+00:00,133.0,3237.211,3237.09,3237.41,ETH
2026-01-06 11:32:14+00:00,2026-01-06 11:41:29.630737+00:00,134.0,3237.261,3237.08,3237.41,ETH
2026-01-06 11:32:15+00:00,2026-01-06 11:41:30.648523+00:00,135.0,3237.321,3237.08,3237.42,ETH
2026-01-06 11:32:16+00:00,2026-01-06 11:41:31.647262+00:00,136.0,3237.321,3237.08,3237.43,ETH
2026-01-06 11:32:17+00:00,2026-01-06 11:41:32.649887+00:00,137.0,3237.321,3237.08,3237.44,ETH
2026-01-06 11:32:18+00:00,2026-01-06 11:41:33.658526+00:00,138.0,3237.321,3237.08,3237.44,ETH
2026-01-06 11:32:19+00:00,2026-01-06 11:41:34.655108+00:00,139.0,3237.321,3237.08,3237.47,ETH
2026-01-06 11:32:20+00:00,2026-01-06 11:41:35.652180+00:00,140.0,3237.321,3237.08,3237.46,ETH
2026-01-06 11:32:21+00:00,2026-01-06 11:41:36.666261+00:00,141.0,3237.331,3237.08,3237.46,ETH
2026-01-06 11:32:22+00:00,2026-01-06 11:41:37.678750+00:00,142.0,3237.331,3237.08,3237.46,ETH
2026-01-06 11:32:23+00:00,2026-01-06 11:41:38.740015+00:00,143.0,3237.241,3237.07,3237.41,ETH
2026-01-06 11:32:24+00:00,2026-01-06 11:41:39.725543+00:00,144.0,3237.241,3237.07,3237.37,ETH
2026-01-06 11:32:25+00:00,2026-01-06 11:41:40.717205+00:00,145.0,3237.091,3236.87,3237.15,ETH
2026-01-06 11:32:26+00:00,2026-01-06 11:41:41.732566+00:00,146.0,3237.091,3236.87,3237.15,ETH
2026-01-06 11:32:27+00:00,2026-01-06 11:41:42.717025+00:00,147.0,3237.151,3236.9,3237.32,ETH
2026-01-06 11:32:28+00:00,2026-01-06 11:41:43.721541+00:00,148.0,3237.151,3236.9,3237.32,ETH
2026-01-06 11:32:29+00:00,2026-01-06 11:41:44.736655+00:00,149.0,3237.221,3237.03,3237.38,ETH
2026-01-06 11:32:30+00:00,2026-01-06 11:41:45.729239+00:00,150.0,3237.261,3237.03,3237.38,ETH
2026-01-06 11:32:31+00:00,2026-01-06 11:41:46.716465+00:00,151.0,3237.261,3237.02,3237.38,ETH
2026-01-06 11:32:32+00:00,2026-01-06 11:41:47.729554+00:00,152.0,3237.261,3237.02,3237.38,ETH
2026-01-06 11:32:33+00:00,2026-01-06 11:41:48.745133+00:00,153.0,3237.261,3237.02,3237.39,ETH
2026-01-06 11:32:34+00:00,2026-01-06 11:41:49.756224+00:00,154.0,3237.251,3237.01,3237.4,ETH
2026-01-06 11:32:35+00:00,2026-01-06 11:41:50.751996+00:00,155.0,3237.251,3237.01,3237.41,ETH
2026-01-06 11:32:36+00:00,2026-01-06 11:41:51.750407+00:00,156.0,3237.291,3237.03,3237.49,ETH
2026-01-06 11:32:37+00:00,2026-01-06 11:41:52.765221+00:00,157.0,3237.291,3237.1,3237.75,ETH
2026-01-06 11:32:38+00:00,2026-01-06 11:41:53.779249+00:00,158.0,3237.711,3237.46,3237.97,ETH
2026-01-06 11:32:39+00:00,2026-01-06 11:41:54.795005+00:00,159.0,3237.711,3237.46,3237.96,ETH
2026-01-06 11:32:40+00:00,2026-01-06 11:41:55.797884+00:00,160.0,3237.701,3237.47,3237.96,ETH
2026-01-06 11:32:41+00:00,2026-01-06 11:41:56.809607+00:00,161.0,3237.701,3237.47,3238.11,ETH
2026-01-06 11:32:42+00:00,2026-01-06 11:41:57.814933+00:00,162.0,3238.272,3238.0,3238.54,ETH
2026-01-06 11:32:43+00:00,2026-01-06 11:41:58.829418+00:00,163.0,3238.272,3237.97,3238.56,ETH
2026-01-06 11:32:44+00:00,2026-01-06 11:41:59.834967+00:00,164.0,3238.282,3237.97,3238.45,ETH
2026-01-06 11:32:45+00:00,2026-01-06 11:42:00.851047+00:00,165.0,3238.232,3237.97,3238.44,ETH
2026-01-06 11:32:46+00:00,2026-01-06 11:42:01.845183+00:00,166.0,3238.181,3237.92,3238.44,ETH
2026-01-06 11:32:47+00:00,2026-01-06 11:42:02.842891+00:00,167.0,3238.181,3237.92,3238.33,ETH
2026-01-06 11:32:48+00:00,2026-01-06 11:42:03.844093+00:00,168.0,3238.171,3237.91,3238.36,ETH
2026-01-06 11:32:49+00:00,2026-01-06 11:42:04.862665+00:00,169.0,3238.171,3237.91,3238.32,ETH
2026-01-06 11:32:50+00:00,2026-01-06 11:42:05.878917+00:00,170.0,3237.921,3237.86,3238.04,ETH
2026-01-06 11:32:51+00:00,2026-01-06 11:42:06.881043+00:00,171.0,3237.711,3237.48,3237.88,ETH
2026-01-06 11:32:52+00:00,2026-01-06 11:42:07.878849+00:00,172.0,3237.541,3237.48,3237.78,ETH
2026-01-06 11:32:53+00:00,2026-01-06 11:42:08.868686+00:00,173.0,3237.541,3237.48,3237.89,ETH
2026-01-06 11:32:54+00:00,2026-01-06 11:42:09.884311+00:00,174.0,3237.511,3237.46,3237.89,ETH
2026-01-06 11:32:55+00:00,2026-01-06 11:42:10.881556+00:00,175.0,3237.511,3237.45,3237.88,ETH
2026-01-06 11:32:56+00:00,2026-01-06 11:42:11.877417+00:00,176.0,3237.491,3237.44,3237.85,ETH
2026-01-06 11:32:57+00:00,2026-01-06 11:42:12.895722+00:00,177.0,3237.471,3237.43,3237.86,ETH
2026-01-06 11:32:58+00:00,2026-01-06 11:42:13.917978+00:00,178.0,3237.501,3237.43,3237.85,ETH
2026-01-06 11:32:59+00:00,2026-01-06 11:42:14.910102+00:00,179.0,3237.511,3237.43,3237.87,ETH
2026-01-06 11:33:00+00:00,2026-01-06 11:42:15.910755+00:00,180.0,3237.511,3237.44,3237.83,ETH
2026-01-06 11:33:01+00:00,2026-01-06 11:42:16.897876+00:00,181.0,3237.711,3237.45,3237.81,ETH
2026-01-06 11:33:02+00:00,2026-01-06 11:42:17.898713+00:00,182.0,3237.721,3237.46,3238.0,ETH
2026-01-06 11:33:03+00:00,2026-01-06 11:42:18.901311+00:00,183.0,3237.781,3237.52,3238.03,ETH
2026-01-06 11:33:04+00:00,2026-01-06 11:42:19.896111+00:00,184.0,3237.781,3237.52,3238.03,ETH
2026-01-06 11:33:05+00:00,2026-01-06 11:42:20.900492+00:00,185.0,3237.771,3237.42,3238.02,ETH
2026-01-06 11:33:06+00:00,2026-01-06 11:42:21.925581+00:00,186.0,3237.761,3237.42,3238.02,ETH
2026-01-06 11:33:07+00:00,2026-01-06 11:42:22.944914+00:00,187.0,3237.761,3237.42,3238.02,ETH
2026-01-06 11:33:08+00:00,2026-01-06 11:42:23.934384+00:00,188.0,3237.761,3237.42,3238.03,ETH
2026-01-06 11:33:09+00:00,2026-01-06 11:42:24.946633+00:00,189.0,3237.771,3237.43,3238.04,ETH
2026-01-06 11:33:10+00:00,2026-01-06 11:42:25.962017+00:00,190.0,3237.731,3237.4,3238.02,ETH
2026-01-06 11:33:11+00:00,2026-01-06 11:42:27.945918+00:00,191.0,3237.851,3237.52,3238.14,ETH
2026-01-06 11:33:12+00:00,2026-01-06 11:42:28.966843+00:00,192.0,3237.981,3237.64,3238.22,ETH
2026-01-06 11:33:13+00:00,2026-01-06 11:42:29.982366+00:00,193.0,3237.991,3237.64,3238.22,ETH
2026-01-06 11:33:14+00:00,2026-01-06 11:42:30.996049+00:00,194.0,3238.001,3237.65,3238.23,ETH
2026-01-06 11:33:15+00:00,2026-01-06 11:42:31.994786+00:00,195.0,3238.001,3237.65,3238.25,ETH
2026-01-06 11:33:16+00:00,2026-01-06 11:42:33.013478+00:00,196.0,3238.001,3237.65,3238.24,ETH
2026-01-06 11:33:17+00:00,2026-01-06 11:42:34.037090+00:00,197.0,3238.001,3237.65,3238.21,ETH
2026-01-06 11:33:18+00:00,2026-01-06 11:42:35.046143+00:00,198.0,3238.001,3237.65,3238.21,ETH
2026-01-06 11:33:19+00:00,2026-01-06 11:42:36.043578+00:00,199.0,3237.991,3237.65,3238.22,ETH
2026-01-06 11:33:20+00:00,2026-01-06 11:42:37.062488+00:00,200.0,3237.991,3237.64,3238.22,ETH
2026-01-06 11:33:21+00:00,2026-01-06 11:42:38.082736+00:00,201.0,3237.991,3237.64,3238.22,ETH
2026-01-06 11:33:22+00:00,2026-01-06 11:42:39.080328+00:00,202.0,3237.991,3237.64,3238.23,ETH
2026-01-06 11:33:23+00:00,2026-01-06 11:42:40.081381+00:00,203.0,3237.991,3237.64,3238.23,ETH
2026-01-06 11:33:24+00:00,2026-01-06 11:42:41.082315+00:00,204.0,3237.991,3237.64,3238.22,ETH
2026-01-06 11:33:25+00:00,2026-01-06 11:42:42.074980+00:00,205.0,3237.991,3237.64,3238.21,ETH
2026-01-06 11:33:26+00:00,2026-01-06 11:42:43.096871+00:00,206.0,3237.991,3237.64,3238.22,ETH
2026-01-06 11:33:27+00:00,2026-01-06 11:42:44.094741+00:00,207.0,3237.991,3237.64,3238.24,ETH
2026-01-06 11:33:28+00:00,2026-01-06 11:42:45.100070+00:00,208.0,3238.071,3237.77,3238.27,ETH
2026-01-06 11:33:29+00:00,2026-01-06 11:42:46.123636+00:00,209.0,3238.161,3237.9,3238.26,ETH
2026-01-06 11:33:30+00:00,2026-01-06 11:42:47.114291+00:00,210.0,3238.151,3237.89,3238.26,ETH
2026-01-06 11:33:31+00:00,2026-01-06 11:42:48.126667+00:00,211.0,3238.151,3237.89,3238.25,ETH
2026-01-06 11:33:32+00:00,2026-01-06 11:42:49.141660+00:00,212.0,3238.151,3237.89,3238.27,ETH
2026-01-06 11:33:33+00:00,2026-01-06 11:42:50.146765+00:00,213.0,3238.161,3237.9,3238.35,ETH
2026-01-06 11:33:34+00:00,2026-01-06 11:42:51.143064+00:00,214.0,3238.322,3238.02,3238.58,ETH
2026-01-06 11:33:35+00:00,2026-01-06 11:42:52.147386+00:00,215.0,3238.482,3238.14,3238.75,ETH
2026-01-06 11:33:36+00:00,2026-01-06 11:42:53.165456+00:00,216.0,3238.482,3238.14,3238.73,ETH
2026-01-06 11:33:37+00:00,2026-01-06 11:42:54.206369+00:00,217.0,3238.482,3238.14,3238.72,ETH
2026-01-06 11:33:38+00:00,2026-01-06 11:42:55.216736+00:00,218.0,3238.482,3238.14,3238.72,ETH
2026-01-06 11:33:39+00:00,2026-01-06 11:42:56.195785+00:00,219.0,3238.492,3238.15,3238.73,ETH
2026-01-06 11:33:40+00:00,2026-01-06 11:42:57.217180+00:00,220.0,3238.482,3238.15,3238.74,ETH
2026-01-06 11:33:41+00:00,2026-01-06 11:42:58.232893+00:00,221.0,3238.482,3238.15,3238.73,ETH
2026-01-06 11:33:42+00:00,2026-01-06 11:42:59.206056+00:00,222.0,3238.442,3238.15,3238.73,ETH
2026-01-06 11:33:43+00:00,2026-01-06 11:43:00.240846+00:00,223.0,3238.392,3238.14,3238.73,ETH
2026-01-06 11:33:44+00:00,2026-01-06 11:43:01.223544+00:00,224.0,3238.432,3238.14,3238.73,ETH
2026-01-06 11:33:45+00:00,2026-01-06 11:43:02.225150+00:00,225.0,3238.452,3238.14,3238.73,ETH
2026-01-06 11:33:46+00:00,2026-01-06 11:43:03.222216+00:00,226.0,3238.422,3238.14,3238.73,ETH
2026-01-06 11:33:47+00:00,2026-01-06 11:43:04.246136+00:00,227.0,3238.402,3238.14,3238.73,ETH
2026-01-06 11:33:48+00:00,2026-01-06 11:43:05.260353+00:00,228.0,3238.392,3238.14,3238.73,ETH
2026-01-06 11:33:49+00:00,2026-01-06 11:43:06.280577+00:00,229.0,3238.442,3238.14,3238.73,ETH
2026-01-06 11:33:50+00:00,2026-01-06 11:43:07.273973+00:00,230.0,3238.472,3238.14,3238.73,ETH
2026-01-06 11:33:51+00:00,2026-01-06 11:43:08.276030+00:00,231.0,3238.442,3238.14,3238.73,ETH
2026-01-06 11:33:52+00:00,2026-01-06 11:43:09.275887+00:00,232.0,3238.412,3238.14,3238.73,ETH
2026-01-06 11:33:53+00:00,2026-01-06 11:43:10.296341+00:00,233.0,3238.442,3238.15,3238.72,ETH
2026-01-06 11:33:54+00:00,2026-01-06 11:43:11.278282+00:00,234.0,3238.482,3238.15,3238.71,ETH
2026-01-06 11:33:55+00:00,2026-01-06 11:43:12.300598+00:00,235.0,3238.482,3238.15,3238.71,ETH
2026-01-06 11:33:56+00:00,2026-01-06 11:43:13.299981+00:00,236.0,3238.482,3238.15,3238.72,ETH
2026-01-06 11:33:57+00:00,2026-01-06 11:43:14.295375+00:00,237.0,3238.482,3238.15,3238.72,ETH
2026-01-06 11:33:58+00:00,2026-01-06 11:43:15.308943+00:00,238.0,3238.482,3238.15,3238.72,ETH
2026-01-06 11:33:59+00:00,2026-01-06 11:43:16.329154+00:00,239.0,3236.901,3236.89,3237.09,ETH
2026-01-06 11:34:00+00:00,2026-01-06 11:43:17.332964+00:00,240.0,3236.881,3236.64,3237.02,ETH
2026-01-06 11:34:01+00:00,2026-01-06 11:43:18.332512+00:00,241.0,3237.061,3236.95,3237.14,ETH
2026-01-06 11:34:02+00:00,2026-01-06 11:43:19.362580+00:00,242.0,3236.991,3236.86,3237.08,ETH
2026-01-06 11:34:03+00:00,2026-01-06 11:43:20.361365+00:00,243.0,3237.071,3236.84,3237.14,ETH
2026-01-06 11:34:04+00:00,2026-01-06 11:43:21.361856+00:00,244.0,3236.901,3236.79,3237.04,ETH
2026-01-06 11:34:05+00:00,2026-01-06 11:43:22.410295+00:00,245.0,3236.901,3236.79,3236.97,ETH
2026-01-06 11:34:06+00:00,2026-01-06 11:43:23.414729+00:00,246.0,3236.901,3236.74,3236.94,ETH
2026-01-06 11:34:07+00:00,2026-01-06 11:43:24.426665+00:00,247.0,3236.901,3236.76,3236.94,ETH
2026-01-06 11:34:08+00:00,2026-01-06 11:43:25.413073+00:00,248.0,3236.901,3236.77,3236.94,ETH
2026-01-06 11:34:09+00:00,2026-01-06 11:43:26.427978+00:00,249.0,3236.841,3236.78,3236.91,ETH
2026-01-06 11:34:10+00:00,2026-01-06 11:43:27.444654+00:00,250.0,3236.771,3236.73,3236.9,ETH
2026-01-06 11:34:11+00:00,2026-01-06 11:43:28.442732+00:00,251.0,3236.781,3236.59,3236.9,ETH
2026-01-06 11:34:12+00:00,2026-01-06 11:43:29.459476+00:00,252.0,3236.731,3236.57,3236.84,ETH
2026-01-06 11:34:13+00:00,2026-01-06 11:43:30.474261+00:00,253.0,3236.751,3236.57,3236.82,ETH
2026-01-06 11:34:14+00:00,2026-01-06 11:43:31.459454+00:00,254.0,3236.731,3236.56,3236.79,ETH
2026-01-06 11:34:15+00:00,2026-01-06 11:43:32.461650+00:00,255.0,3236.691,3236.56,3236.72,ETH
2026-01-06 11:34:16+00:00,2026-01-06 11:43:33.460944+00:00,256.0,3236.681,3236.56,3236.73,ETH
2026-01-06 11:34:17+00:00,2026-01-06 11:43:34.479180+00:00,257.0,3236.681,3236.52,3236.8,ETH
2026-01-06 11:34:18+00:00,2026-01-06 11:43:35.477603+00:00,258.0,3236.641,3236.52,3236.8,ETH
2026-01-06 11:34:19+00:00,2026-01-06 11:43:36.476843+00:00,259.0,3236.711,3236.53,3236.79,ETH
2026-01-06 11:34:20+00:00,2026-01-06 11:43:37.476995+00:00,260.0,3236.721,3236.53,3236.81,ETH
2026-01-06 11:34:21+00:00,2026-01-06 11:43:38.489214+00:00,261.0,3236.691,3236.53,3236.81,ETH
2026-01-06 11:34:22+00:00,2026-01-06 11:43:39.482666+00:00,262.0,3236.691,3236.53,3236.84,ETH
2026-01-06 11:34:23+00:00,2026-01-06 11:43:40.490592+00:00,263.0,3236.701,3236.53,3236.85,ETH
2026-01-06 11:34:24+00:00,2026-01-06 11:43:41.478500+00:00,264.0,3236.661,3236.53,3236.8,ETH
2026-01-06 11:34:25+00:00,2026-01-06 11:43:42.495734+00:00,265.0,3236.651,3236.53,3236.8,ETH
2026-01-06 11:34:26+00:00,2026-01-06 11:43:43.528298+00:00,266.0,3236.671,3236.53,3236.8,ETH
2026-01-06 11:34:27+00:00,2026-01-06 11:43:44.511897+00:00,267.0,3236.721,3236.54,3236.84,ETH
2026-01-06 11:34:28+00:00,2026-01-06 11:43:45.538062+00:00,268.0,3236.751,3236.63,3236.86,ETH
2026-01-06 11:34:29+00:00,2026-01-06 11:43:46.558091+00:00,269.0,3237.281,3237.08,3237.32,ETH
2026-01-06 11:34:30+00:00,2026-01-06 11:43:47.539564+00:00,270.0,3237.301,3237.08,3237.47,ETH
2026-01-06 11:34:31+00:00,2026-01-06 11:43:48.527738+00:00,271.0,3237.281,3237.05,3237.48,ETH
2026-01-06 11:34:32+00:00,2026-01-06 11:43:49.528236+00:00,272.0,3237.621,3237.41,3237.76,ETH
2026-01-06 11:34:33+00:00,2026-01-06 11:43:50.560705+00:00,273.0,3237.701,3237.46,3237.94,ETH
2026-01-06 11:34:34+00:00,2026-01-06 11:43:51.569865+00:00,274.0,3237.771,3237.5,3238.04,ETH
2026-01-06 11:34:35+00:00,2026-01-06 11:43:52.578414+00:00,275.0,3237.821,3237.53,3238.04,ETH
2026-01-06 11:34:36+00:00,2026-01-06 11:43:53.595653+00:00,276.0,3237.831,3237.56,3238.04,ETH
2026-01-06 11:34:37+00:00,2026-01-06 11:43:54.590286+00:00,277.0,3237.831,3237.56,3238.04,ETH
2026-01-06 11:34:38+00:00,2026-01-06 11:43:55.589688+00:00,278.0,3237.831,3237.55,3238.04,ETH
2026-01-06 11:34:39+00:00,2026-01-06 11:43:56.595378+00:00,279.0,3237.831,3237.55,3238.04,ETH
2026-01-06 11:34:40+00:00,2026-01-06 11:43:57.605685+00:00,280.0,3237.831,3237.55,3238.04,ETH
2026-01-06 11:34:41+00:00,2026-01-06 11:43:58.608683+00:00,281.0,3237.831,3237.55,3238.1,ETH
2026-01-06 11:34:42+00:00,2026-01-06 11:43:59.611673+00:00,282.0,3237.851,3237.58,3238.12,ETH
2026-01-06 11:34:43+00:00,2026-01-06 11:44:00.791864+00:00,283.0,3237.851,3237.58,3238.07,ETH
2026-01-06 11:34:44+00:00,2026-01-06 11:44:01.799599+00:00,284.0,3237.851,3237.58,3238.07,ETH
2026-01-06 11:34:45+00:00,2026-01-06 11:44:02.808095+00:00,285.0,3237.851,3237.58,3238.11,ETH
2026-01-06 11:34:46+00:00,2026-01-06 11:44:03.827418+00:00,286.0,3237.851,3237.58,3238.12,ETH
2026-01-06 11:34:47+00:00,2026-01-06 11:44:04.830584+00:00,287.0,3237.851,3237.58,3238.12,ETH
2026-01-06 11:34:48+00:00,2026-01-06 11:44:05.834277+00:00,288.0,3237.851,3237.58,3238.08,ETH
2026-01-06 11:34:49+00:00,2026-01-06 11:44:06.812156+00:00,289.0,3237.851,3237.58,3238.11,ETH
2026-01-06 11:34:50+00:00,2026-01-06 11:44:07.823155+00:00,290.0,3237.851,3237.58,3238.02,ETH
2026-01-06 11:34:51+00:00,2026-01-06 11:44:08.842975+00:00,291.0,3237.841,3237.58,3238.08,ETH
2026-01-06 11:34:52+00:00,2026-01-06 11:44:09.843240+00:00,292.0,3237.851,3237.6,3238.08,ETH
2026-01-06 11:34:53+00:00,2026-01-06 11:44:10.842504+00:00,293.0,3237.871,3237.62,3238.11,ETH
2026-01-06 11:34:54+00:00,2026-01-06 11:44:11.910312+00:00,294.0,3238.081,3237.86,3238.31,ETH
2026-01-06 11:34:55+00:00,2026-01-06 11:44:12.906753+00:00,295.0,3238.081,3237.86,3238.31,ETH
2026-01-06 11:34:56+00:00,2026-01-06 11:44:13.906501+00:00,296.0,3238.111,3237.88,3238.33,ETH
2026-01-06 11:34:57+00:00,2026-01-06 11:44:14.910637+00:00,297.0,3238.212,3237.97,3238.45,ETH
2026-01-06 11:34:58+00:00,2026-01-06 11:44:15.913235+00:00,298.0,3238.161,3237.97,3238.44,ETH
2026-01-06 11:34:59+00:00,2026-01-06 11:44:16.913175+00:00,299.0,3238.111,3237.97,3238.28,ETH
2026-01-06 11:35:00+00:00,2026-01-06 11:44:17.906654+00:00,300.0,3238.031,3237.92,3238.12,ETH
2026-01-06 11:35:01+00:00,2026-01-06 11:44:18.912795+00:00,301.0,3237.881,3237.83,3238.07,ETH
2026-01-06 11:35:02+00:00,2026-01-06 11:44:19.921758+00:00,302.0,3237.881,3237.83,3238.07,ETH
2026-01-06 11:35:03+00:00,2026-01-06 11:44:20.922523+00:00,303.0,3237.881,3237.83,3237.95,ETH
2026-01-06 11:35:04+00:00,2026-01-06 11:44:21.923991+00:00,304.0,3237.881,3237.82,3237.96,ETH
2026-01-06 11:35:05+00:00,2026-01-06 11:44:22.944140+00:00,305.0,3237.881,3237.81,3238.05,ETH
2026-01-06 11:35:06+00:00,2026-01-06 11:44:23.940633+00:00,306.0,3237.881,3237.8,3238.05,ETH
2026-01-06 11:35:07+00:00,2026-01-06 11:44:24.961560+00:00,307.0,3237.881,3237.8,3237.96,ETH
2026-01-06 11:35:08+00:00,2026-01-06 11:44:25.964062+00:00,308.0,3237.881,3237.8,3237.95,ETH
2026-01-06 11:35:09+00:00,2026-01-06 11:44:26.961912+00:00,309.0,3237.881,3237.81,3238.03,ETH
2026-01-06 11:35:10+00:00,2026-01-06 11:44:27.980140+00:00,310.0,3237.881,3237.82,3238.01,ETH
2026-01-06 11:35:11+00:00,2026-01-06 11:44:29.974640+00:00,311.0,3237.881,3237.76,3237.99,ETH
2026-01-06 11:35:12+00:00,2026-01-06 11:44:30.971594+00:00,312.0,3237.881,3237.76,3237.97,ETH
2026-01-06 11:35:13+00:00,2026-01-06 11:44:31.994003+00:00,313.0,3237.881,3237.75,3237.95,ETH
2026-01-06 11:35:14+00:00,2026-01-06 11:44:33.012261+00:00,314.0,3237.881,3237.75,3237.94,ETH
2026-01-06 11:35:15+00:00,2026-01-06 11:44:34.018022+00:00,315.0,3237.881,3237.75,3237.97,ETH
2026-01-06 11:35:16+00:00,2026-01-06 11:44:35.026882+00:00,316.0,3237.881,3237.76,3237.99,ETH
2026-01-06 11:35:17+00:00,2026-01-06 11:44:36.042224+00:00,317.0,3237.881,3237.76,3238.03,ETH
2026-01-06 11:35:18+00:00,2026-01-06 11:44:37.054022+00:00,318.0,3237.881,3237.76,3238.04,ETH
2026-01-06 11:35:19+00:00,2026-01-06 11:44:38.058572+00:00,319.0,3237.881,3237.78,3238.06,ETH
2026-01-06 11:35:20+00:00,2026-01-06 11:44:39.077336+00:00,320.0,3237.881,3237.78,3238.09,ETH
2026-01-06 11:35:21+00:00,2026-01-06 11:44:40.073221+00:00,321.0,3237.881,3237.77,3238.07,ETH
2026-01-06 11:35:22+00:00,2026-01-06 11:44:41.088877+00:00,322.0,3237.881,3237.77,3238.07,ETH
2026-01-06 11:35:23+00:00,2026-01-06 11:44:42.092824+00:00,323.0,3237.881,3237.76,3237.99,ETH
2026-01-06 11:35:24+00:00,2026-01-06 11:44:43.116479+00:00,324.0,3237.881,3237.76,3237.92,ETH
2026-01-06 11:35:25+00:00,2026-01-06 11:44:44.106027+00:00,325.0,3237.881,3237.76,3237.92,ETH
2026-01-06 11:35:26+00:00,2026-01-06 11:44:45.105037+00:00,326.0,3237.881,3237.76,3237.92,ETH
2026-01-06 11:35:27+00:00,2026-01-06 11:44:46.123606+00:00,327.0,3237.891,3237.76,3237.93,ETH
2026-01-06 11:35:28+00:00,2026-01-06 11:44:47.111629+00:00,328.0,3237.911,3237.77,3238.02,ETH
2026-01-06 11:35:29+00:00,2026-01-06 11:44:48.119208+00:00,329.0,3237.921,3237.77,3238.11,ETH
2026-01-06 11:35:30+00:00,2026-01-06 11:44:49.127727+00:00,330.0,3237.921,3237.77,3238.11,ETH
2026-01-06 11:35:31+00:00,2026-01-06 11:44:50.130505+00:00,331.0,3237.991,3237.79,3238.18,ETH
2026-01-06 11:35:32+00:00,2026-01-06 11:44:51.142512+00:00,332.0,3238.141,3237.96,3238.42,ETH
2026-01-06 11:35:33+00:00,2026-01-06 11:44:52.148730+00:00,333.0,3238.282,3238.1,3238.58,ETH
2026-01-06 11:35:34+00:00,2026-01-06 11:44:53.157395+00:00,334.0,3238.342,3238.08,3238.63,ETH
2026-01-06 11:35:35+00:00,2026-01-06 11:44:54.152922+00:00,335.0,3238.342,3238.06,3238.69,ETH
2026-01-06 11:35:36+00:00,2026-01-06 11:44:55.186863+00:00,336.0,3238.502,3238.23,3238.72,ETH
2026-01-06 11:35:37+00:00,2026-01-06 11:44:56.190668+00:00,337.0,3238.512,3238.24,3238.73,ETH
2026-01-06 11:35:38+00:00,2026-01-06 11:44:57.221374+00:00,338.0,3238.522,3238.27,3238.77,ETH
2026-01-06 11:35:39+00:00,2026-01-06 11:44:58.194756+00:00,339.0,3238.522,3238.27,3238.73,ETH
2026-01-06 11:35:40+00:00,2026-01-06 11:44:59.194328+00:00,340.0,3238.522,3238.26,3238.69,ETH
2026-01-06 11:35:41+00:00,2026-01-06 11:45:00.221776+00:00,341.0,3238.512,3238.25,3238.68,ETH
2026-01-06 11:35:42+00:00,2026-01-06 11:45:01.238224+00:00,342.0,3238.512,3238.24,3238.68,ETH
2026-01-06 11:35:43+00:00,2026-01-06 11:45:02.237205+00:00,343.0,3238.502,3238.23,3238.67,ETH
2026-01-06 11:35:44+00:00,2026-01-06 11:45:03.216250+00:00,344.0,3238.432,3238.18,3238.65,ETH
2026-01-06 11:35:45+00:00,2026-01-06 11:45:04.232539+00:00,345.0,3238.422,3238.16,3238.64,ETH
2026-01-06 11:35:46+00:00,2026-01-06 11:45:05.225302+00:00,346.0,3238.562,3238.28,3238.71,ETH
2026-01-06 11:35:47+00:00,2026-01-06 11:45:06.225305+00:00,347.0,3238.712,3238.45,3238.85,ETH
2026-01-06 11:35:48+00:00,2026-01-06 11:45:07.225687+00:00,348.0,3238.872,3238.62,3238.99,ETH
2026-01-06 11:35:49+00:00,2026-01-06 11:45:08.220536+00:00,349.0,3239.032,3238.79,3239.13,ETH
2026-01-06 11:35:50+00:00,2026-01-06 11:45:09.225155+00:00,350.0,3239.102,3238.87,3239.25,ETH
2026-01-06 11:35:51+00:00,2026-01-06 11:45:10.242226+00:00,351.0,3239.032,3238.87,3239.25,ETH
2026-01-06 11:35:52+00:00,2026-01-06 11:45:11.258724+00:00,352.0,3238.942,3238.87,3239.2,ETH
2026-01-06 11:35:53+00:00,2026-01-06 11:45:12.258419+00:00,353.0,3238.942,3238.87,3239.19,ETH
2026-01-06 11:35:54+00:00,2026-01-06 11:45:13.254516+00:00,354.0,3238.942,3238.85,3239.19,ETH
2026-01-06 11:35:55+00:00,2026-01-06 11:45:14.258796+00:00,355.0,3238.962,3238.85,3239.19,ETH
2026-01-06 11:35:56+00:00,2026-01-06 11:45:15.269258+00:00,356.0,3239.042,3238.87,3239.19,ETH
2026-01-06 11:35:57+00:00,2026-01-06 11:45:16.294267+00:00,357.0,3239.092,3238.86,3239.2,ETH
2026-01-06 11:35:58+00:00,2026-01-06 11:45:17.292025+00:00,358.0,3239.082,3238.85,3239.2,ETH
2026-01-06 11:35:59+00:00,2026-01-06 11:45:18.308625+00:00,359.0,3239.092,3238.85,3239.23,ETH
2026-01-06 11:36:00+00:00,2026-01-06 11:45:19.330161+00:00,360.0,3239.092,3238.85,3239.25,ETH
2026-01-06 11:36:01+00:00,2026-01-06 11:45:20.330140+00:00,361.0,3239.092,3238.85,3239.2,ETH
2026-01-06 11:36:02+00:00,2026-01-06 11:45:21.322105+00:00,362.0,3239.092,3238.85,3239.29,ETH
2026-01-06 11:36:03+00:00,2026-01-06 11:45:22.342107+00:00,363.0,3239.172,3238.91,3239.28,ETH
2026-01-06 11:36:04+00:00,2026-01-06 11:45:23.369965+00:00,364.0,3239.192,3238.91,3239.55,ETH
2026-01-06 11:36:05+00:00,2026-01-06 11:45:24.359896+00:00,365.0,3239.442,3239.17,3239.48,ETH
2026-01-06 11:36:06+00:00,2026-01-06 11:45:25.354680+00:00,366.0,3239.442,3239.16,3239.54,ETH
2026-01-06 11:36:07+00:00,2026-01-06 11:45:26.368616+00:00,367.0,3239.432,3239.16,3239.54,ETH
2026-01-06 11:36:08+00:00,2026-01-06 11:45:27.384325+00:00,368.0,3239.432,3239.16,3239.51,ETH
2026-01-06 11:36:09+00:00,2026-01-06 11:45:28.407817+00:00,369.0,3239.412,3239.16,3239.51,ETH
2026-01-06 11:36:10+00:00,2026-01-06 11:45:29.406344+00:00,370.0,3239.072,3238.84,3239.27,ETH
2026-01-06 11:36:11+00:00,2026-01-06 11:45:30.424771+00:00,371.0,3239.062,3238.84,3239.1,ETH
2026-01-06 11:36:12+00:00,2026-01-06 11:45:31.441199+00:00,372.0,3238.932,3238.82,3239.07,ETH
2026-01-06 11:36:13+00:00,2026-01-06 11:45:32.443290+00:00,373.0,3238.772,3238.71,3238.95,ETH
2026-01-06 11:36:14+00:00,2026-01-06 11:45:33.455659+00:00,374.0,3238.692,3238.66,3238.78,ETH
2026-01-06 11:36:15+00:00,2026-01-06 11:45:34.440260+00:00,375.0,3238.662,3238.62,3238.78,ETH
2026-01-06 11:36:16+00:00,2026-01-06 11:45:35.455967+00:00,376.0,3238.692,3238.65,3238.73,ETH
2026-01-06 11:36:17+00:00,2026-01-06 11:45:36.457896+00:00,377.0,3238.642,3238.59,3238.72,ETH
2026-01-06 11:36:18+00:00,2026-01-06 11:45:37.440397+00:00,378.0,3238.652,3238.47,3238.72,ETH
2026-01-06 11:36:19+00:00,2026-01-06 11:45:38.436567+00:00,379.0,3238.522,3238.46,3238.72,ETH
2026-01-06 11:36:20+00:00,2026-01-06 11:45:39.439065+00:00,380.0,3238.692,3238.45,3238.74,ETH
2026-01-06 11:36:21+00:00,2026-01-06 11:45:40.443710+00:00,381.0,3238.642,3238.45,3238.75,ETH
2026-01-06 11:36:22+00:00,2026-01-06 11:45:41.435278+00:00,382.0,3238.582,3238.47,3238.68,ETH
2026-01-06 11:36:23+00:00,2026-01-06 11:45:42.439834+00:00,383.0,3238.612,3238.48,3238.68,ETH
2026-01-06 11:36:24+00:00,2026-01-06 11:45:43.451417+00:00,384.0,3238.632,3238.48,3238.8,ETH
2026-01-06 11:36:25+00:00,2026-01-06 11:45:44.457561+00:00,385.0,3238.612,3238.47,3238.83,ETH
2026-01-06 11:36:26+00:00,2026-01-06 11:45:45.457737+00:00,386.0,3238.542,3238.46,3238.77,ETH
2026-01-06 11:36:27+00:00,2026-01-06 11:45:46.476083+00:00,387.0,3238.582,3238.46,3238.77,ETH
2026-01-06 11:36:28+00:00,2026-01-06 11:45:47.472540+00:00,388.0,3238.572,3238.45,3238.76,ETH
2026-01-06 11:36:29+00:00,2026-01-06 11:45:48.473979+00:00,389.0,3238.582,3238.45,3238.74,ETH
2026-01-06 11:36:30+00:00,2026-01-06 11:45:49.490063+00:00,390.0,3238.632,3238.45,3238.75,ETH
2026-01-06 11:36:31+00:00,2026-01-06 11:45:50.506874+00:00,391.0,3238.572,3238.45,3238.76,ETH
2026-01-06 11:36:32+00:00,2026-01-06 11:45:51.507705+00:00,392.0,3238.652,3238.46,3238.78,ETH
2026-01-06 11:36:33+00:00,2026-01-06 11:45:52.522508+00:00,393.0,3238.522,3238.48,3238.78,ETH
2026-01-06 11:36:34+00:00,2026-01-06 11:45:53.525751+00:00,394.0,3238.502,3238.46,3238.78,ETH
2026-01-06 11:36:35+00:00,2026-01-06 11:45:54.519873+00:00,395.0,3238.322,3238.28,3238.5,ETH
2026-01-06 11:36:36+00:00,2026-01-06 11:45:55.523801+00:00,396.0,3238.512,3238.36,3238.59,ETH
2026-01-06 11:36:37+00:00,2026-01-06 11:45:56.536701+00:00,397.0,3238.322,3238.28,3238.58,ETH
2026-01-06 11:36:38+00:00,2026-01-06 11:45:57.556722+00:00,398.0,3238.352,3238.31,3238.58,ETH
2026-01-06 11:36:39+00:00,2026-01-06 11:45:58.556656+00:00,399.0,3238.322,3238.27,3238.58,ETH
2026-01-06 11:36:40+00:00,2026-01-06 11:45:59.565390+00:00,400.0,3238.352,3238.31,3238.57,ETH
2026-01-06 11:36:41+00:00,2026-01-06 11:46:00.571939+00:00,401.0,3238.362,3238.32,3238.58,ETH
2026-01-06 11:36:42+00:00,2026-01-06 11:46:01.572966+00:00,402.0,3238.352,3238.31,3238.57,ETH
2026-01-06 11:36:43+00:00,2026-01-06 11:46:02.598212+00:00,403.0,3238.352,3238.31,3238.58,ETH
2026-01-06 11:36:44+00:00,2026-01-06 11:46:03.585902+00:00,404.0,3238.352,3238.3,3238.58,ETH
2026-01-06 11:36:45+00:00,2026-01-06 11:46:04.588892+00:00,405.0,3238.342,3238.31,3238.57,ETH
2026-01-06 11:36:46+00:00,2026-01-06 11:46:06.615288+00:00,406.0,3238.352,3238.3,3238.57,ETH
2026-01-06 11:36:47+00:00,2026-01-06 11:46:07.606051+00:00,407.0,3238.362,3238.31,3238.57,ETH
2026-01-06 11:36:48+00:00,2026-01-06 11:46:08.617491+00:00,408.0,3238.352,3238.31,3238.57,ETH
2026-01-06 11:36:49+00:00,2026-01-06 11:46:09.606471+00:00,409.0,3238.352,3238.31,3238.56,ETH
2026-01-06 11:36:50+00:00,2026-01-06 11:46:10.616299+00:00,410.0,3238.352,3238.31,3238.57,ETH
2026-01-06 11:36:51+00:00,2026-01-06 11:46:11.618232+00:00,411.0,3238.332,3238.26,3238.5,ETH
2026-01-06 11:36:52+00:00,2026-01-06 11:46:12.630011+00:00,412.0,3238.202,3238.12,3238.31,ETH
2026-01-06 11:36:53+00:00,2026-01-06 11:46:13.639326+00:00,413.0,3238.081,3238.04,3238.19,ETH
2026-01-06 11:36:54+00:00,2026-01-06 11:46:14.642026+00:00,414.0,3238.061,3238.02,3238.19,ETH
2026-01-06 11:36:55+00:00,2026-01-06 11:46:15.652773+00:00,415.0,3238.031,3237.99,3238.23,ETH
2026-01-06 11:36:56+00:00,2026-01-06 11:46:16.649995+00:00,416.0,3238.031,3237.99,3238.28,ETH
2026-01-06 11:36:57+00:00,2026-01-06 11:46:17.647339+00:00,417.0,3238.071,3238.03,3238.38,ETH
2026-01-06 11:36:58+00:00,2026-01-06 11:46:18.656849+00:00,418.0,3238.121,3238.07,3238.46,ETH
2026-01-06 11:37:00+00:00,2026-01-06 11:46:19.718091+00:00,420.0,3238.121,3238.09,3238.46,ETH
2026-01-06 11:37:01+00:00,2026-01-06 11:46:20.714694+00:00,421.0,3238.111,3238.08,3238.58,ETH
2026-01-06 11:37:02+00:00,2026-01-06 11:46:21.710474+00:00,422.0,3238.532,3238.42,3238.73,ETH
2026-01-06 11:37:03+00:00,2026-01-06 11:46:22.709814+00:00,423.0,3238.532,3238.42,3238.78,ETH
2026-01-06 11:37:04+00:00,2026-01-06 11:46:23.706018+00:00,424.0,3238.532,3238.38,3238.77,ETH
2026-01-06 11:37:05+00:00,2026-01-06 11:46:24.711055+00:00,425.0,3238.552,3238.38,3238.77,ETH
2026-01-06 11:37:06+00:00,2026-01-06 11:46:25.710586+00:00,426.0,3238.552,3238.39,3238.92,ETH
2026-01-06 11:37:07+00:00,2026-01-06 11:46:26.722437+00:00,427.0,3238.582,3238.39,3238.92,ETH
2026-01-06 11:37:08+00:00,2026-01-06 11:46:27.717050+00:00,428.0,3238.632,3238.39,3238.92,ETH
2026-01-06 11:37:09+00:00,2026-01-06 11:46:28.726896+00:00,429.0,3238.722,3238.39,3239.01,ETH
2026-01-06 11:37:10+00:00,2026-01-06 11:46:29.717398+00:00,430.0,3238.772,3238.62,3239.06,ETH
2026-01-06 11:37:11+00:00,2026-01-06 11:46:31.722047+00:00,431.0,3238.872,3238.63,3239.06,ETH
2026-01-06 11:37:12+00:00,2026-01-06 11:46:32.728927+00:00,432.0,3238.862,3238.63,3239.06,ETH
2026-01-06 11:37:13+00:00,2026-01-06 11:46:33.747587+00:00,433.0,3238.842,3238.63,3239.06,ETH
2026-01-06 11:37:14+00:00,2026-01-06 11:46:34.757030+00:00,434.0,3238.842,3238.63,3239.06,ETH
2026-01-06 11:37:15+00:00,2026-01-06 11:46:35.754756+00:00,435.0,3238.842,3238.62,3238.96,ETH
2026-01-06 11:37:16+00:00,2026-01-06 11:46:36.773439+00:00,436.0,3238.792,3238.63,3238.87,ETH
2026-01-06 11:37:17+00:00,2026-01-06 11:46:37.771985+00:00,437.0,3238.772,3238.64,3238.87,ETH
2026-01-06 11:37:18+00:00,2026-01-06 11:46:38.773846+00:00,438.0,3238.792,3238.64,3238.87,ETH
2026-01-06 11:37:19+00:00,2026-01-06 11:46:39.790684+00:00,439.0,3238.792,3238.64,3238.87,ETH
2026-01-06 11:37:20+00:00,2026-01-06 11:46:40.798124+00:00,440.0,3238.792,3238.64,3238.87,ETH
2026-01-06 11:37:21+00:00,2026-01-06 11:46:41.819538+00:00,441.0,3238.802,3238.64,3238.87,ETH
2026-01-06 11:37:22+00:00,2026-01-06 11:46:42.804233+00:00,442.0,3238.802,3238.64,3238.87,ETH
2026-01-06 11:37:23+00:00,2026-01-06 11:46:43.821181+00:00,443.0,3238.792,3238.64,3238.87,ETH
2026-01-06 11:37:24+00:00,2026-01-06 11:46:44.868367+00:00,444.0,3238.782,3238.64,3238.87,ETH
2026-01-06 11:37:25+00:00,2026-01-06 11:46:45.857063+00:00,445.0,3238.782,3238.65,3238.87,ETH
2026-01-06 11:37:26+00:00,2026-01-06 11:46:46.857735+00:00,446.0,3238.772,3238.66,3238.87,ETH
2026-01-06 11:37:27+00:00,2026-01-06 11:46:47.856143+00:00,447.0,3238.772,3238.66,3238.87,ETH
2026-01-06 11:37:28+00:00,2026-01-06 11:46:48.871067+00:00,448.0,3238.802,3238.66,3238.96,ETH
2026-01-06 11:37:29+00:00,2026-01-06 11:46:49.871435+00:00,449.0,3238.822,3238.64,3239.04,ETH
2026-01-06 11:37:30+00:00,2026-01-06 11:46:50.900849+00:00,450.0,3238.802,3238.61,3239.03,ETH
2026-01-06 11:37:31+00:00,2026-01-06 11:46:51.904577+00:00,451.0,3238.792,3238.6,3239.03,ETH
2026-01-06 11:37:32+00:00,2026-01-06 11:46:52.907164+00:00,452.0,3238.822,3238.59,3238.98,ETH
2026-01-06 11:37:33+00:00,2026-01-06 11:46:53.903655+00:00,453.0,3238.842,3238.57,3238.94,ETH
2026-01-06 11:37:34+00:00,2026-01-06 11:46:54.902408+00:00,454.0,3238.822,3238.59,3238.94,ETH
2026-01-06 11:37:35+00:00,2026-01-06 11:46:55.917772+00:00,455.0,3238.862,3238.59,3238.94,ETH
2026-01-06 11:37:36+00:00,2026-01-06 11:46:56.918879+00:00,456.0,3239.182,3239.05,3239.31,ETH
2026-01-06 11:37:37+00:00,2026-01-06 11:46:57.917907+00:00,457.0,3239.272,3239.08,3239.38,ETH
2026-01-06 11:37:38+00:00,2026-01-06 11:46:58.935166+00:00,458.0,3239.682,3239.42,3239.94,ETH
2026-01-06 11:37:39+00:00,2026-01-06 11:46:59.949027+00:00,459.0,3239.882,3239.62,3239.98,ETH
2026-01-06 11:37:40+00:00,2026-01-06 11:47:00.968871+00:00,460.0,3239.922,3239.63,3240.09,ETH
2026-01-06 11:37:41+00:00,2026-01-06 11:47:01.969704+00:00,461.0,3239.922,3239.64,3240.05,ETH
2026-01-06 11:37:42+00:00,2026-01-06 11:47:02.989631+00:00,462.0,3239.932,3239.65,3240.05,ETH
2026-01-06 11:37:43+00:00,2026-01-06 11:47:03.987578+00:00,463.0,3239.922,3239.64,3240.05,ETH
2026-01-06 11:37:44+00:00,2026-01-06 11:47:05.006112+00:00,464.0,3240.032,3239.85,3240.17,ETH
2026-01-06 11:37:45+00:00,2026-01-06 11:47:06.004722+00:00,465.0,3240.072,3239.85,3240.25,ETH
2026-01-06 11:37:46+00:00,2026-01-06 11:47:07.018932+00:00,466.0,3240.072,3239.85,3240.25,ETH
2026-01-06 11:37:47+00:00,2026-01-06 11:47:08.020951+00:00,467.0,3240.082,3239.86,3240.25,ETH
2026-01-06 11:37:48+00:00,2026-01-06 11:47:09.031740+00:00,468.0,3240.072,3239.86,3240.25,ETH
2026-01-06 11:37:49+00:00,2026-01-06 11:47:10.032539+00:00,469.0,3240.072,3239.86,3240.25,ETH
2026-01-06 11:37:50+00:00,2026-01-06 11:47:11.045766+00:00,470.0,3240.042,3239.85,3240.24,ETH
2026-01-06 11:37:51+00:00,2026-01-06 11:47:12.069866+00:00,471.0,3240.002,3239.85,3240.25,ETH
2026-01-06 11:37:52+00:00,2026-01-06 11:47:13.065389+00:00,472.0,3239.982,3239.85,3240.25,ETH
2026-01-06 11:37:53+00:00,2026-01-06 11:47:14.069190+00:00,473.0,3240.002,3239.85,3240.23,ETH
2026-01-06 11:37:54+00:00,2026-01-06 11:47:15.065193+00:00,474.0,3240.002,3239.87,3240.25,ETH
2026-01-06 11:37:55+00:00,2026-01-06 11:47:16.073570+00:00,475.0,3240.102,3239.87,3240.25,ETH
2026-01-06 11:37:56+00:00,2026-01-06 11:47:17.093556+00:00,476.0,3240.162,3239.91,3240.31,ETH
2026-01-06 11:37:57+00:00,2026-01-06 11:47:18.097265+00:00,477.0,3240.292,3239.99,3240.41,ETH
2026-01-06 11:37:58+00:00,2026-01-06 11:47:19.109247+00:00,478.0,3240.252,3239.98,3240.36,ETH
2026-01-06 11:37:59+00:00,2026-01-06 11:47:20.121142+00:00,479.0,3240.272,3239.98,3240.36,ETH
2026-01-06 11:38:00+00:00,2026-01-06 11:47:21.131154+00:00,480.0,3240.272,3239.98,3240.36,ETH
2026-01-06 11:38:01+00:00,2026-01-06 11:47:22.133467+00:00,481.0,3240.272,3239.98,3240.36,ETH
2026-01-06 11:38:02+00:00,2026-01-06 11:47:23.132591+00:00,482.0,3240.272,3239.98,3240.36,ETH
2026-01-06 11:38:03+00:00,2026-01-06 11:47:24.153588+00:00,483.0,3240.162,3239.94,3240.36,ETH
2026-01-06 11:38:04+00:00,2026-01-06 11:47:25.162708+00:00,484.0,3240.122,3239.94,3240.25,ETH
2026-01-06 11:38:05+00:00,2026-01-06 11:47:26.173587+00:00,485.0,3240.192,3239.97,3240.23,ETH
2026-01-06 11:38:06+00:00,2026-01-06 11:47:27.168494+00:00,486.0,3240.162,3239.99,3240.22,ETH
2026-01-06 11:38:07+00:00,2026-01-06 11:47:28.199348+00:00,487.0,3240.132,3239.99,3240.25,ETH
2026-01-06 11:38:08+00:00,2026-01-06 11:47:29.215327+00:00,488.0,3240.142,3239.98,3240.24,ETH
2026-01-06 11:38:09+00:00,2026-01-06 11:47:30.229530+00:00,489.0,3240.102,3239.98,3240.24,ETH
2026-01-06 11:38:10+00:00,2026-01-06 11:47:31.246098+00:00,490.0,3240.102,3239.98,3240.14,ETH
2026-01-06 11:38:11+00:00,2026-01-06 11:47:32.299385+00:00,491.0,3239.892,3239.78,3240.04,ETH
2026-01-06 11:38:12+00:00,2026-01-06 11:47:33.316374+00:00,492.0,3239.842,3239.73,3239.92,ETH
2026-01-06 11:38:13+00:00,2026-01-06 11:47:34.300522+00:00,493.0,3239.822,3239.72,3239.86,ETH
2026-01-06 11:38:14+00:00,2026-01-06 11:47:35.313484+00:00,494.0,3239.832,3239.73,3239.87,ETH
2026-01-06 11:38:15+00:00,2026-01-06 11:47:36.304470+00:00,495.0,3239.862,3239.73,3239.88,ETH
2026-01-06 11:38:16+00:00,2026-01-06 11:47:37.302952+00:00,496.0,3239.892,3239.74,3239.9,ETH
2026-01-06 11:38:17+00:00,2026-01-06 11:47:38.300850+00:00,497.0,3239.882,3239.74,3239.89,ETH
2026-01-06 11:38:18+00:00,2026-01-06 11:47:39.299720+00:00,498.0,3239.862,3239.75,3239.89,ETH
2026-01-06 11:38:19+00:00,2026-01-06 11:47:40.350733+00:00,499.0,3239.902,3239.74,3239.98,ETH
2026-01-06 11:38:20+00:00,2026-01-06 11:47:41.325973+00:00,500.0,3239.942,3239.74,3240.11,ETH
2026-01-06 11:38:21+00:00,2026-01-06 11:47:42.344948+00:00,501.0,3239.952,3239.74,3240.15,ETH
2026-01-06 11:38:22+00:00,2026-01-06 11:47:43.352461+00:00,502.0,3240.352,3240.15,3240.53,ETH
2026-01-06 11:38:23+00:00,2026-01-06 11:47:44.352074+00:00,503.0,3240.422,3240.15,3240.6,ETH
2026-01-06 11:38:24+00:00,2026-01-06 11:47:45.365430+00:00,504.0,3240.502,3240.3,3240.64,ETH
2026-01-06 11:38:25+00:00,2026-01-06 11:47:46.370117+00:00,505.0,3240.502,3240.3,3240.64,ETH
2026-01-06 11:38:26+00:00,2026-01-06 11:47:47.378621+00:00,506.0,3240.502,3240.25,3240.64,ETH
2026-01-06 11:38:27+00:00,2026-01-06 11:47:48.393329+00:00,507.0,3240.472,3240.25,3240.64,ETH
2026-01-06 11:38:28+00:00,2026-01-06 11:47:49.421510+00:00,508.0,3240.482,3240.24,3240.59,ETH
2026-01-06 11:38:29+00:00,2026-01-06 11:47:50.423015+00:00,509.0,3240.482,3240.22,3240.55,ETH
2026-01-06 11:38:30+00:00,2026-01-06 11:47:51.435031+00:00,510.0,3240.252,3240.12,3240.37,ETH
2026-01-06 11:38:31+00:00,2026-01-06 11:47:52.437678+00:00,511.0,3240.352,3240.05,3240.37,ETH
2026-01-06 11:38:32+00:00,2026-01-06 11:47:53.434682+00:00,512.0,3240.232,3240.12,3240.27,ETH
2026-01-06 11:38:33+00:00,2026-01-06 11:47:54.455690+00:00,513.0,3240.132,3240.0,3240.14,ETH
2026-01-06 11:38:34+00:00,2026-01-06 11:47:55.454956+00:00,514.0,3240.132,3240.01,3240.13,ETH
2026-01-06 11:38:35+00:00,2026-01-06 11:47:56.450784+00:00,515.0,3240.042,3240.0,3240.08,ETH
2026-01-06 11:38:36+00:00,2026-01-06 11:47:57.466572+00:00,516.0,3240.042,3240.01,3240.07,ETH
2026-01-06 11:38:37+00:00,2026-01-06 11:47:58.480048+00:00,517.0,3240.002,3239.96,3240.11,ETH
2026-01-06 11:38:38+00:00,2026-01-06 11:47:59.506520+00:00,518.0,3239.282,3239.16,3239.3,ETH
2026-01-06 11:38:39+00:00,2026-01-06 11:48:00.501454+00:00,519.0,3239.222,3239.13,3239.28,ETH
2026-01-06 11:38:40+00:00,2026-01-06 11:48:01.515895+00:00,520.0,3239.152,3239.1,3239.28,ETH
2026-01-06 11:38:41+00:00,2026-01-06 11:48:02.518526+00:00,521.0,3239.142,3239.09,3239.27,ETH
2026-01-06 11:38:42+00:00,2026-01-06 11:48:03.532745+00:00,522.0,3239.112,3238.77,3239.21,ETH
2026-01-06 11:38:43+00:00,2026-01-06 11:48:04.534058+00:00,523.0,3239.042,3238.69,3239.17,ETH
2026-01-06 11:38:44+00:00,2026-01-06 11:48:05.537273+00:00,524.0,3239.042,3238.68,3239.2,ETH
2026-01-06 11:38:45+00:00,2026-01-06 11:48:06.551483+00:00,525.0,3239.042,3238.69,3239.18,ETH
2026-01-06 11:38:46+00:00,2026-01-06 11:48:07.555443+00:00,526.0,3239.042,3238.69,3239.2,ETH
2026-01-06 11:38:47+00:00,2026-01-06 11:48:09.549532+00:00,527.0,3238.962,3238.62,3239.08,ETH
2026-01-06 11:38:48+00:00,2026-01-06 11:48:10.553025+00:00,528.0,3238.972,3238.63,3239.09,ETH
2026-01-06 11:38:49+00:00,2026-01-06 11:48:11.562312+00:00,529.0,3238.982,3238.64,3239.16,ETH
2026-01-06 11:38:50+00:00,2026-01-06 11:48:12.573249+00:00,530.0,3238.982,3238.64,3239.23,ETH
2026-01-06 11:38:51+00:00,2026-01-06 11:48:13.578147+00:00,531.0,3238.982,3238.64,3239.22,ETH
2026-01-06 11:38:52+00:00,2026-01-06 11:48:14.591530+00:00,532.0,3238.972,3238.64,3239.22,ETH
2026-01-06 11:38:53+00:00,2026-01-06 11:48:15.596835+00:00,533.0,3238.972,3238.63,3239.22,ETH
2026-01-06 11:38:54+00:00,2026-01-06 11:48:16.595847+00:00,534.0,3238.972,3238.63,3239.22,ETH
2026-01-06 11:38:55+00:00,2026-01-06 11:48:17.605433+00:00,535.0,3238.972,3238.63,3239.22,ETH
2026-01-06 11:38:56+00:00,2026-01-06 11:48:18.612227+00:00,536.0,3238.972,3238.63,3239.22,ETH
2026-01-06 11:38:57+00:00,2026-01-06 11:48:19.615075+00:00,537.0,3238.982,3238.64,3239.28,ETH
2026-01-06 11:38:58+00:00,2026-01-06 11:48:20.619359+00:00,538.0,3239.132,3238.82,3239.42,ETH
2026-01-06 11:38:59+00:00,2026-01-06 11:48:21.619963+00:00,539.0,3239.292,3238.98,3239.52,ETH
2026-01-06 11:39:00+00:00,2026-01-06 11:48:22.614129+00:00,540.0,3239.312,3238.98,3239.54,ETH
2026-01-06 11:39:01+00:00,2026-01-06 11:48:23.627752+00:00,541.0,3239.312,3238.98,3239.6,ETH
2026-01-06 11:39:02+00:00,2026-01-06 11:48:24.634644+00:00,542.0,3239.592,3239.25,3239.86,ETH
2026-01-06 11:39:03+00:00,2026-01-06 11:48:25.640136+00:00,543.0,3239.922,3239.57,3240.12,ETH
2026-01-06 11:39:04+00:00,2026-01-06 11:48:26.650293+00:00,544.0,3239.972,3239.62,3240.21,ETH
2026-01-06 11:39:05+00:00,2026-01-06 11:48:27.644107+00:00,545.0,3240.132,3239.78,3240.37,ETH
2026-01-06 11:39:06+00:00,2026-01-06 11:48:28.648547+00:00,546.0,3240.352,3240.01,3240.6,ETH
2026-01-06 11:39:07+00:00,2026-01-06 11:48:29.642860+00:00,547.0,3240.412,3240.08,3240.71,ETH
2026-01-06 11:39:08+00:00,2026-01-06 11:48:30.659978+00:00,548.0,3240.422,3240.08,3240.7,ETH
2026-01-06 11:39:09+00:00,2026-01-06 11:48:31.662031+00:00,549.0,3240.412,3240.08,3240.7,ETH
2026-01-06 11:39:10+00:00,2026-01-06 11:48:32.705999+00:00,550.0,3240.382,3240.07,3240.66,ETH
2026-01-06 11:39:11+00:00,2026-01-06 11:48:33.698350+00:00,551.0,3240.172,3239.87,3240.45,ETH
2026-01-06 11:39:12+00:00,2026-01-06 11:48:34.651985+00:00,552.0,3240.002,3239.67,3240.28,ETH
2026-01-06 11:39:13+00:00,2026-01-06 11:48:35.691852+00:00,553.0,3240.002,3239.67,3240.26,ETH
2026-01-06 11:39:14+00:00,2026-01-06 11:48:36.710716+00:00,554.0,3240.042,3239.71,3240.26,ETH
2026-01-06 11:39:15+00:00,2026-01-06 11:48:37.701396+00:00,555.0,3240.082,3239.75,3240.29,ETH
2026-01-06 11:39:16+00:00,2026-01-06 11:48:38.717291+00:00,556.0,3240.092,3239.75,3240.29,ETH
2026-01-06 11:39:17+00:00,2026-01-06 11:48:39.697323+00:00,557.0,3240.092,3239.75,3240.34,ETH
2026-01-06 11:39:18+00:00,2026-01-06 11:48:40.702612+00:00,558.0,3240.082,3239.74,3240.37,ETH
2026-01-06 11:39:19+00:00,2026-01-06 11:48:41.691080+00:00,559.0,3240.072,3239.73,3240.32,ETH
2026-01-06 11:39:20+00:00,2026-01-06 11:48:42.701179+00:00,560.0,3240.062,3239.73,3240.29,ETH
2026-01-06 11:39:21+00:00,2026-01-06 11:48:43.700311+00:00,561.0,3240.052,3239.73,3240.29,ETH
2026-01-06 11:39:22+00:00,2026-01-06 11:48:44.694712+00:00,562.0,3240.062,3239.73,3240.29,ETH
2026-01-06 11:39:23+00:00,2026-01-06 11:48:45.706036+00:00,563.0,3240.062,3239.73,3240.29,ETH
2026-01-06 11:39:24+00:00,2026-01-06 11:48:46.707739+00:00,564.0,3240.062,3239.74,3240.29,ETH
2026-01-06 11:39:25+00:00,2026-01-06 11:48:47.706017+00:00,565.0,3240.062,3239.73,3240.29,ETH
2026-01-06 11:39:26+00:00,2026-01-06 11:48:48.717008+00:00,566.0,3240.062,3239.73,3240.28,ETH
2026-01-06 11:39:27+00:00,2026-01-06 11:48:49.714640+00:00,567.0,3240.062,3239.73,3240.28,ETH
2026-01-06 11:39:28+00:00,2026-01-06 11:48:50.728712+00:00,568.0,3240.062,3239.73,3240.28,ETH
2026-01-06 11:39:29+00:00,2026-01-06 11:48:51.747900+00:00,569.0,3240.062,3239.73,3240.28,ETH
2026-01-06 11:39:30+00:00,2026-01-06 11:48:52.744472+00:00,570.0,3240.062,3239.73,3240.28,ETH
2026-01-06 11:39:31+00:00,2026-01-06 11:48:53.769530+00:00,571.0,3239.892,3239.59,3240.14,ETH
2026-01-06 11:39:32+00:00,2026-01-06 11:48:54.777702+00:00,572.0,3239.732,3239.42,3239.92,ETH
2026-01-06 11:39:33+00:00,2026-01-06 11:48:55.796555+00:00,573.0,3239.712,3239.4,3239.82,ETH
2026-01-06 11:39:34+00:00,2026-01-06 11:48:56.799630+00:00,574.0,3239.682,3239.41,3239.84,ETH
2026-01-06 11:39:35+00:00,2026-01-06 11:48:57.805348+00:00,575.0,3239.712,3239.43,3239.94,ETH
2026-01-06 11:39:36+00:00,2026-01-06 11:48:58.818455+00:00,576.0,3239.762,3239.43,3239.99,ETH
2026-01-06 11:39:37+00:00,2026-01-06 11:48:59.816883+00:00,577.0,3239.772,3239.45,3240.06,ETH
2026-01-06 11:39:38+00:00,2026-01-06 11:49:00.841616+00:00,578.0,3239.782,3239.46,3240.17,ETH
2026-01-06 11:39:39+00:00,2026-01-06 11:49:01.848595+00:00,579.0,3239.992,3239.67,3240.37,ETH
2026-01-06 11:39:40+00:00,2026-01-06 11:49:02.865885+00:00,580.0,3240.092,3239.88,3240.49,ETH
2026-01-06 11:39:41+00:00,2026-01-06 11:49:03.848666+00:00,581.0,3239.832,3239.61,3240.22,ETH
2026-01-06 11:39:42+00:00,2026-01-06 11:49:04.860963+00:00,582.0,3239.672,3239.34,3239.95,ETH
2026-01-06 11:39:43+00:00,2026-01-06 11:49:05.860315+00:00,583.0,3239.682,3239.35,3239.92,ETH
2026-01-06 11:39:44+00:00,2026-01-06 11:49:06.883302+00:00,584.0,3239.682,3239.36,3239.91,ETH
2026-01-06 11:39:45+00:00,2026-01-06 11:49:07.879640+00:00,585.0,3239.682,3239.35,3239.88,ETH
2026-01-06 11:39:46+00:00,2026-01-06 11:49:08.881980+00:00,586.0,3239.672,3239.34,3239.85,ETH
2026-01-06 11:39:47+00:00,2026-01-06 11:49:09.876061+00:00,587.0,3239.672,3239.34,3239.86,ETH
2026-01-06 11:39:48+00:00,2026-01-06 11:49:10.879415+00:00,588.0,3239.542,3239.34,3239.85,ETH
2026-01-06 11:39:49+00:00,2026-01-06 11:49:11.877708+00:00,589.0,3239.412,3239.2,3239.76,ETH
2026-01-06 11:39:50+00:00,2026-01-06 11:49:12.898853+00:00,590.0,3239.422,3239.06,3239.66,ETH
2026-01-06 11:39:51+00:00,2026-01-06 11:49:13.920499+00:00,591.0,3239.402,3239.05,3239.56,ETH
2026-01-06 11:39:52+00:00,2026-01-06 11:49:14.917391+00:00,592.0,3239.392,3239.05,3239.51,ETH
2026-01-06 11:39:53+00:00,2026-01-06 11:49:15.915063+00:00,593.0,3239.372,3239.05,3239.51,ETH
2026-01-06 11:39:54+00:00,2026-01-06 11:49:16.916993+00:00,594.0,3239.372,3239.05,3239.49,ETH
2026-01-06 11:39:55+00:00,2026-01-06 11:49:17.915593+00:00,595.0,3239.392,3239.05,3239.53,ETH
2026-01-06 11:39:56+00:00,2026-01-06 11:49:18.927083+00:00,596.0,3239.402,3239.06,3239.62,ETH
2026-01-06 11:39:57+00:00,2026-01-06 11:49:19.927522+00:00,597.0,3239.412,3239.06,3239.57,ETH
2026-01-06 11:39:58+00:00,2026-01-06 11:49:20.931453+00:00,598.0,3239.402,3239.06,3239.5,ETH
2026-01-06 11:39:59+00:00,2026-01-06 11:49:21.942865+00:00,599.0,3239.412,3239.06,3239.5,ETH
2026-01-06 11:40:00+00:00,2026-01-06 11:49:22.945141+00:00,600.0,3239.322,3239.05,3239.41,ETH
2026-01-06 11:40:01+00:00,2026-01-06 11:49:23.966815+00:00,601.0,3239.322,3239.05,3239.41,ETH
2026-01-06 11:40:02+00:00,2026-01-06 11:49:24.948526+00:00,602.0,3239.312,3239.05,3239.41,ETH
2026-01-06 11:40:03+00:00,2026-01-06 11:49:25.964580+00:00,603.0,3239.272,3239.05,3239.41,ETH
2026-01-06 11:40:04+00:00,2026-01-06 11:49:26.976351+00:00,604.0,3238.962,3238.61,3239.11,ETH
2026-01-06 11:40:05+00:00,2026-01-06 11:49:27.977105+00:00,605.0,3238.962,3238.61,3239.11,ETH
2026-01-06 11:40:06+00:00,2026-01-06 11:49:28.977805+00:00,606.0,3238.962,3238.61,3239.19,ETH
2026-01-06 11:40:07+00:00,2026-01-06 11:49:29.979987+00:00,607.0,3238.962,3238.61,3239.21,ETH
2026-01-06 11:40:08+00:00,2026-01-06 11:49:30.979497+00:00,608.0,3239.002,3238.68,3239.29,ETH
2026-01-06 11:40:09+00:00,2026-01-06 11:49:31.994148+00:00,609.0,3239.002,3238.68,3239.24,ETH
2026-01-06 11:40:10+00:00,2026-01-06 11:49:32.982861+00:00,610.0,3239.002,3238.69,3239.2,ETH
2026-01-06 11:40:11+00:00,2026-01-06 11:49:33.980187+00:00,611.0,3239.002,3238.69,3239.19,ETH
2026-01-06 11:40:12+00:00,2026-01-06 11:49:34.998122+00:00,612.0,3238.992,3238.66,3239.19,ETH
2026-01-06 11:40:13+00:00,2026-01-06 11:49:36.014398+00:00,613.0,3238.992,3238.65,3239.11,ETH
2026-01-06 11:40:14+00:00,2026-01-06 11:49:37.087246+00:00,614.0,3238.982,3238.64,3239.12,ETH
2026-01-06 11:40:15+00:00,2026-01-06 11:49:38.108058+00:00,615.0,3238.972,3238.63,3239.1,ETH
2026-01-06 11:40:16+00:00,2026-01-06 11:49:39.112023+00:00,616.0,3238.972,3238.63,3239.17,ETH
2026-01-06 11:40:17+00:00,2026-01-06 11:49:40.121787+00:00,617.0,3238.982,3238.64,3239.17,ETH
2026-01-06 11:40:18+00:00,2026-01-06 11:49:41.113785+00:00,618.0,3238.972,3238.62,3239.15,ETH
2026-01-06 11:40:19+00:00,2026-01-06 11:49:42.123041+00:00,619.0,3238.972,3238.62,3239.17,ETH
2026-01-06 11:40:20+00:00,2026-01-06 11:49:43.125445+00:00,620.0,3238.972,3238.62,3239.27,ETH
2026-01-06 11:40:21+00:00,2026-01-06 11:49:44.131107+00:00,621.0,3238.982,3238.65,3239.31,ETH
2026-01-06 11:40:22+00:00,2026-01-06 11:49:45.156451+00:00,622.0,3238.982,3238.65,3239.36,ETH
2026-01-06 11:40:23+00:00,2026-01-06 11:49:47.149518+00:00,623.0,3239.242,3238.9,3239.56,ETH
2026-01-06 11:40:24+00:00,2026-01-06 11:49:48.143686+00:00,624.0,3239.222,3238.89,3239.53,ETH
2026-01-06 11:40:25+00:00,2026-01-06 11:49:49.156563+00:00,625.0,3239.202,3238.87,3239.52,ETH
2026-01-06 11:40:26+00:00,2026-01-06 11:49:50.164283+00:00,626.0,3239.202,3238.87,3239.53,ETH
2026-01-06 11:40:28+00:00,2026-01-06 11:49:51.224620+00:00,628.0,3239.202,3238.87,3239.52,ETH
2026-01-06 11:40:29+00:00,2026-01-06 11:49:53.157859+00:00,629.0,3239.202,3238.88,3239.52,ETH
2026-01-06 11:40:31+00:00,2026-01-06 11:49:54.235965+00:00,631.0,3239.212,3238.89,3239.52,ETH
2026-01-06 11:40:32+00:00,2026-01-06 11:49:55.216620+00:00,632.0,3239.212,3238.89,3239.51,ETH
2026-01-06 11:40:33+00:00,2026-01-06 11:49:56.219251+00:00,633.0,3239.222,3238.89,3239.5,ETH
2026-01-06 11:40:34+00:00,2026-01-06 11:49:57.214026+00:00,634.0,3239.022,3238.72,3239.25,ETH
2026-01-06 11:40:35+00:00,2026-01-06 11:49:58.228643+00:00,635.0,3238.962,3238.61,3239.11,ETH
2026-01-06 11:40:36+00:00,2026-01-06 11:49:59.229818+00:00,636.0,3238.962,3238.61,3239.1,ETH
2026-01-06 11:40:37+00:00,2026-01-06 11:50:00.225078+00:00,637.0,3238.952,3238.61,3239.1,ETH
2026-01-06 11:40:38+00:00,2026-01-06 11:50:01.226036+00:00,638.0,3238.942,3238.6,3239.1,ETH
2026-01-06 11:40:39+00:00,2026-01-06 11:50:02.227233+00:00,639.0,3238.942,3238.6,3239.1,ETH
2026-01-06 11:40:40+00:00,2026-01-06 11:50:03.221000+00:00,640.0,3238.932,3238.6,3239.1,ETH
2026-01-06 11:40:41+00:00,2026-01-06 11:50:04.221550+00:00,641.0,3238.942,3238.6,3239.09,ETH
2026-01-06 11:40:42+00:00,2026-01-06 11:50:05.225821+00:00,642.0,3238.452,3238.34,3238.67,ETH
2026-01-06 11:40:43+00:00,2026-01-06 11:50:06.226708+00:00,643.0,3238.222,3237.89,3238.56,ETH
2026-01-06 11:40:44+00:00,2026-01-06 11:50:07.223304+00:00,644.0,3238.222,3237.89,3238.56,ETH
2026-01-06 11:40:45+00:00,2026-01-06 11:50:08.237769+00:00,645.0,3238.222,3237.88,3238.55,ETH
2026-01-06 11:40:46+00:00,2026-01-06 11:50:09.224297+00:00,646.0,3238.222,3237.88,3238.51,ETH
2026-01-06 11:40:47+00:00,2026-01-06 11:50:11.237105+00:00,647.0,3238.181,3237.88,3238.51,ETH
2026-01-06 11:40:48+00:00,2026-01-06 11:50:12.243591+00:00,648.0,3238.161,3237.88,3238.54,ETH
2026-01-06 11:40:49+00:00,2026-01-06 11:50:13.245658+00:00,649.0,3238.181,3237.88,3238.56,ETH
2026-01-06 11:40:50+00:00,2026-01-06 11:50:14.259879+00:00,650.0,3238.202,3237.88,3238.55,ETH
2026-01-06 11:40:51+00:00,2026-01-06 11:50:15.261259+00:00,651.0,3238.212,3237.88,3238.55,ETH
2026-01-06 11:40:52+00:00,2026-01-06 11:50:16.258245+00:00,652.0,3238.222,3237.89,3238.55,ETH
2026-01-06 11:40:53+00:00,2026-01-06 11:50:17.256574+00:00,653.0,3238.222,3237.89,3238.55,ETH
2026-01-06 11:40:54+00:00,2026-01-06 11:50:18.277376+00:00,654.0,3238.222,3237.9,3238.55,ETH
2026-01-06 11:40:55+00:00,2026-01-06 11:50:19.294036+00:00,655.0,3238.222,3237.9,3238.48,ETH
2026-01-06 11:40:56+00:00,2026-01-06 11:50:20.307052+00:00,656.0,3238.212,3237.9,3238.41,ETH
2026-01-06 11:40:57+00:00,2026-01-06 11:50:21.313882+00:00,657.0,3238.212,3237.89,3238.41,ETH
2026-01-06 11:40:58+00:00,2026-01-06 11:50:22.326555+00:00,658.0,3238.212,3237.88,3238.41,ETH
2026-01-06 11:40:59+00:00,2026-01-06 11:50:23.327031+00:00,659.0,3238.202,3237.88,3238.41,ETH
2026-01-06 11:41:00+00:00,2026-01-06 11:50:24.324098+00:00,660.0,3238.202,3237.86,3238.41,ETH
2026-01-06 11:41:01+00:00,2026-01-06 11:50:25.343228+00:00,661.0,3238.222,3237.85,3238.4,ETH
2026-01-06 11:41:02+00:00,2026-01-06 11:50:26.341397+00:00,662.0,3238.222,3237.85,3238.4,ETH
2026-01-06 11:41:03+00:00,2026-01-06 11:50:27.348807+00:00,663.0,3238.232,3237.86,3238.51,ETH
2026-01-06 11:41:04+00:00,2026-01-06 11:50:28.341520+00:00,664.0,3238.242,3237.87,3238.62,ETH
2026-01-06 11:41:05+00:00,2026-01-06 11:50:29.365062+00:00,665.0,3238.292,3237.91,3238.62,ETH
2026-01-06 11:41:06+00:00,2026-01-06 11:50:30.372544+00:00,666.0,3238.332,3237.95,3238.62,ETH
2026-01-06 11:41:07+00:00,2026-01-06 11:50:31.375384+00:00,667.0,3238.362,3237.99,3238.63,ETH
2026-01-06 11:41:08+00:00,2026-01-06 11:50:32.374538+00:00,668.0,3238.382,3238.02,3238.63,ETH
2026-01-06 11:41:09+00:00,2026-01-06 11:50:33.386198+00:00,669.0,3238.382,3238.02,3238.63,ETH
2026-01-06 11:41:10+00:00,2026-01-06 11:50:34.407440+00:00,670.0,3238.382,3238.02,3238.63,ETH
2026-01-06 11:41:11+00:00,2026-01-06 11:50:35.413027+00:00,671.0,3238.382,3238.02,3238.63,ETH
2026-01-06 11:41:12+00:00,2026-01-06 11:50:36.406757+00:00,672.0,3238.382,3238.02,3238.63,ETH
2026-01-06 11:41:13+00:00,2026-01-06 11:50:37.434034+00:00,673.0,3238.382,3238.02,3238.63,ETH
2026-01-06 11:41:14+00:00,2026-01-06 11:50:38.430883+00:00,674.0,3238.362,3238.01,3238.63,ETH
2026-01-06 11:41:15+00:00,2026-01-06 11:50:39.448213+00:00,675.0,3238.362,3238.01,3238.63,ETH
2026-01-06 11:41:16+00:00,2026-01-06 11:50:40.442220+00:00,676.0,3238.362,3238.01,3238.62,ETH
2026-01-06 11:41:17+00:00,2026-01-06 11:50:41.445334+00:00,677.0,3238.352,3238.0,3238.62,ETH
2026-01-06 11:41:18+00:00,2026-01-06 11:50:42.446660+00:00,678.0,3238.352,3238.0,3238.6,ETH
2026-01-06 11:41:19+00:00,2026-01-06 11:50:43.458836+00:00,679.0,3238.352,3238.0,3238.61,ETH
2026-01-06 11:41:20+00:00,2026-01-06 11:50:44.460307+00:00,680.0,3238.352,3238.0,3238.62,ETH
2026-01-06 11:41:21+00:00,2026-01-06 11:50:45.464393+00:00,681.0,3238.352,3238.0,3238.62,ETH
2026-01-06 11:41:22+00:00,2026-01-06 11:50:46.473284+00:00,682.0,3238.352,3238.0,3238.62,ETH
2026-01-06 11:41:23+00:00,2026-01-06 11:50:47.460850+00:00,683.0,3238.352,3238.0,3238.62,ETH
2026-01-06 11:41:24+00:00,2026-01-06 11:50:48.459863+00:00,684.0,3238.352,3238.0,3238.62,ETH
2026-01-06 11:41:25+00:00,2026-01-06 11:50:49.476185+00:00,685.0,3238.352,3238.0,3238.62,ETH
2026-01-06 11:41:26+00:00,2026-01-06 11:50:50.505072+00:00,686.0,3238.352,3238.0,3238.62,ETH
2026-01-06 11:41:27+00:00,2026-01-06 11:50:51.489213+00:00,687.0,3238.352,3238.0,3238.62,ETH
2026-01-06 11:41:28+00:00,2026-01-06 11:50:52.528117+00:00,688.0,3238.352,3238.0,3238.62,ETH
2026-01-06 11:41:29+00:00,2026-01-06 11:50:53.512823+00:00,689.0,3238.352,3238.0,3238.62,ETH
2026-01-06 11:41:30+00:00,2026-01-06 11:50:54.523612+00:00,690.0,3238.362,3238.0,3238.62,ETH
2026-01-06 11:41:31+00:00,2026-01-06 11:50:55.538156+00:00,691.0,3238.352,3238.0,3238.62,ETH
2026-01-06 11:41:32+00:00,2026-01-06 11:50:56.540688+00:00,692.0,3238.362,3238.0,3238.58,ETH
2026-01-06 11:41:33+00:00,2026-01-06 11:50:57.551960+00:00,693.0,3238.392,3238.11,3238.62,ETH
2026-01-06 11:41:34+00:00,2026-01-06 11:50:58.580370+00:00,694.0,3238.402,3238.11,3238.61,ETH
2026-01-06 11:41:35+00:00,2026-01-06 11:50:59.594086+00:00,695.0,3238.402,3238.11,3238.49,ETH
2026-01-06 11:41:36+00:00,2026-01-06 11:51:01.590044+00:00,696.0,3238.392,3238.1,3238.49,ETH
2026-01-06 11:41:37+00:00,2026-01-06 11:51:02.608371+00:00,697.0,3238.392,3238.1,3238.49,ETH
2026-01-06 11:41:38+00:00,2026-01-06 11:51:03.603716+00:00,698.0,3238.392,3238.1,3238.49,ETH
2026-01-06 11:41:39+00:00,2026-01-06 11:51:04.622775+00:00,699.0,3238.382,3238.1,3238.49,ETH
2026-01-06 11:41:40+00:00,2026-01-06 11:51:05.635355+00:00,700.0,3238.382,3238.1,3238.49,ETH
2026-01-06 11:41:41+00:00,2026-01-06 11:51:06.638191+00:00,701.0,3238.382,3238.1,3238.49,ETH
2026-01-06 11:41:42+00:00,2026-01-06 11:51:07.643004+00:00,702.0,3238.372,3238.1,3238.49,ETH
2026-01-06 11:41:43+00:00,2026-01-06 11:51:08.641172+00:00,703.0,3238.362,3238.06,3238.49,ETH
2026-01-06 11:41:44+00:00,2026-01-06 11:51:09.650479+00:00,704.0,3238.362,3238.02,3238.49,ETH
2026-01-06 11:41:45+00:00,2026-01-06 11:51:10.654570+00:00,705.0,3238.362,3238.03,3238.5,ETH
2026-01-06 11:41:46+00:00,2026-01-06 11:51:11.653904+00:00,706.0,3238.362,3238.03,3238.5,ETH
2026-01-06 11:41:48+00:00,2026-01-06 11:51:12.717481+00:00,708.0,3238.352,3238.03,3238.5,ETH
2026-01-06 11:41:49+00:00,2026-01-06 11:51:13.694269+00:00,709.0,3238.332,3238.01,3238.49,ETH
2026-01-06 11:41:50+00:00,2026-01-06 11:51:14.718107+00:00,710.0,3238.332,3238.01,3238.49,ETH
2026-01-06 11:41:51+00:00,2026-01-06 11:51:15.723562+00:00,711.0,3238.332,3238.0,3238.49,ETH
2026-01-06 11:41:52+00:00,2026-01-06 11:51:16.721262+00:00,712.0,3238.332,3238.0,3238.49,ETH
