timestamp,collected_at,seconds,up_mid,up_best_bid,up_best_ask,down_mid,down_best_bid,down_best_ask,up_best_bid_size,up_best_ask_size,down_best_bid_size,down_best_ask_size
2026-01-06 11:30:00.049000+00:00,2026-01-06 11:30:00.569071+00:00,0.049,0.435,0.43,0.44,0.565,0.56,0.57,,,,
2026-01-06 11:30:01.285000+00:00,2026-01-06 11:30:01.573941+00:00,1.285,0.435,0.43,0.44,0.565,0.56,0.57,,,,
2026-01-06 11:30:02.291000+00:00,2026-01-06 11:30:02.590215+00:00,2.291,0.445,0.44,0.45,0.555,0.55,0.56,,,,
2026-01-06 11:30:03.309000+00:00,2026-01-06 11:30:03.601681+00:00,3.309,0.415,0.41,0.42,0.595,0.59,0.6,,,,
2026-01-06 11:30:04.317000+00:00,2026-01-06 11:30:04.611155+00:00,4.317,0.385,0.38,0.39,0.615,0.61,0.62,,,,
2026-01-06 11:30:05.353000+00:00,2026-01-06 11:30:05.635719+00:00,5.353,0.38,0.37,0.39,0.645,0.64,0.65,,,,
2026-01-06 11:30:06.300000+00:00,2026-01-06 11:30:06.649199+00:00,6.3,0.415,0.4,0.43,0.575,0.57,0.58,,,,
2026-01-06 11:30:07.364000+00:00,2026-01-06 11:30:07.653618+00:00,7.364,0.44,0.43,0.45,0.56,0.55,0.57,,,,
2026-01-06 11:30:08.394000+00:00,2026-01-06 11:30:08.652609+00:00,8.394,0.445,0.44,0.45,0.555,0.55,0.56,,,,
2026-01-06 11:30:09.382000+00:00,2026-01-06 11:30:09.666423+00:00,9.382,0.445,0.44,0.45,0.555,0.55,0.56,,,,
2026-01-06 11:30:10.399000+00:00,2026-01-06 11:30:10.682471+00:00,10.399,0.445,0.44,0.45,0.555,0.55,0.56,,,,
2026-01-06 11:30:11.393000+00:00,2026-01-06 11:30:11.693236+00:00,11.393,0.445,0.44,0.45,0.555,0.55,0.56,,,,
2026-01-06 11:30:12.415000+00:00,2026-01-06 11:30:12.706488+00:00,12.415,0.445,0.44,0.45,0.56,0.55,0.57,,,,
2026-01-06 11:30:13.406000+00:00,2026-01-06 11:30:13.702952+00:00,13.406,0.445,0.44,0.45,0.555,0.55,0.56,,,,
2026-01-06 11:30:14.407000+00:00,2026-01-06 11:30:14.693003+00:00,14.407,0.445,0.44,0.45,0.555,0.55,0.56,,,,
2026-01-06 11:30:15.389000+00:00,2026-01-06 11:30:15.696394+00:00,15.389,0.445,0.44,0.45,0.555,0.55,0.56,,,,
2026-01-06 11:30:16.373000+00:00,2026-01-06 11:30:16.703885+00:00,16.373,0.44,0.43,0.45,0.565,0.56,0.57,,,,
2026-01-06 11:30:17.418000+00:00,2026-01-06 11:30:17.702236+00:00,17.418,0.435,0.43,0.44,0.565,0.56,0.57,,,,
2026-01-06 11:30:18.284000+00:00,2026-01-06 11:30:18.699000+00:00,18.284,0.435,0.43,0.44,0.565,0.56,0.57,,,,
2026-01-06 11:30:19.411000+00:00,2026-01-06 11:30:19.703086+00:00,19.411,0.435,0.43,0.44,0.565,0.56,0.57,,,,
2026-01-06 11:30:20.298000+00:00,2026-01-06 11:30:20.712132+00:00,20.298,0.435,0.43,0.44,0.565,0.56,0.57,,,,
2026-01-06 11:30:21.429000+00:00,2026-01-06 11:30:21.712277+00:00,21.429,0.435,0.43,0.44,0.565,0.56,0.57,,,,
2026-01-06 11:30:22.423000+00:00,2026-01-06 11:30:22.722491+00:00,22.423,0.435,0.43,0.44,0.565,0.56,0.57,,,,
2026-01-06 11:30:23.502000+00:00,2026-01-06 11:30:23.720484+00:00,23.502,0.435,0.43,0.44,0.565,0.56,0.57,,,,
2026-01-06 11:30:24.423000+00:00,2026-01-06 11:30:24.714154+00:00,24.423,0.435,0.43,0.44,0.565,0.56,0.57,,,,
2026-01-06 11:30:25.335000+00:00,2026-01-06 11:30:25.725737+00:00,25.335,0.435,0.43,0.44,0.565,0.56,0.57,,,,
2026-01-06 11:30:26.457000+00:00,2026-01-06 11:30:26.734968+00:00,26.457,0.435,0.43,0.44,0.565,0.56,0.57,,,,
2026-01-06 11:30:27.451000+00:00,2026-01-06 11:30:27.753070+00:00,27.451,0.425,0.42,0.43,0.575,0.57,0.58,,,,
2026-01-06 11:30:28.377000+00:00,2026-01-06 11:30:28.766760+00:00,28.377,0.425,0.42,0.43,0.575,0.57,0.58,,,,
2026-01-06 11:30:29.421000+00:00,2026-01-06 11:30:29.760799+00:00,29.421,0.425,0.42,0.43,0.575,0.57,0.58,,,,
2026-01-06 11:30:30.411000+00:00,2026-01-06 11:30:30.768719+00:00,30.411,0.425,0.42,0.43,0.575,0.57,0.58,,,,
2026-01-06 11:30:31.459000+00:00,2026-01-06 11:30:31.768156+00:00,31.459,0.425,0.42,0.43,0.575,0.57,0.58,,,,
2026-01-06 11:30:32.482000+00:00,2026-01-06 11:30:32.773268+00:00,32.482,0.395,0.39,0.4,0.605,0.6,0.61,,,,
2026-01-06 11:30:33.436000+00:00,2026-01-06 11:30:33.767011+00:00,33.436,0.395,0.39,0.4,0.605,0.6,0.61,,,,
2026-01-06 11:30:34.480000+00:00,2026-01-06 11:30:34.777237+00:00,34.48,0.38,0.37,0.39,0.625,0.62,0.63,,,,
2026-01-06 11:30:35.500000+00:00,2026-01-06 11:30:35.789815+00:00,35.5,0.375,0.37,0.38,0.625,0.62,0.63,,,,
2026-01-06 11:30:36.434000+00:00,2026-01-06 11:30:36.800327+00:00,36.434,0.355,0.35,0.36,0.645,0.64,0.65,,,,
2026-01-06 11:30:37.537000+00:00,2026-01-06 11:30:37.820452+00:00,37.537,0.345,0.34,0.35,0.655,0.65,0.66,,,,
2026-01-06 11:30:38.550000+00:00,2026-01-06 11:30:38.829346+00:00,38.55,0.32,0.31,0.33,0.685,0.68,0.69,,,,
2026-01-06 11:30:39.535000+00:00,2026-01-06 11:30:39.833085+00:00,39.535,0.31,0.3,0.32,0.695,0.69,0.7,,,,
2026-01-06 11:30:40.547000+00:00,2026-01-06 11:30:40.841642+00:00,40.547,0.305,0.3,0.31,0.695,0.69,0.7,,,,
2026-01-06 11:30:41.537000+00:00,2026-01-06 11:30:41.850502+00:00,41.537,0.305,0.3,0.31,0.695,0.69,0.7,,,,
2026-01-06 11:30:42.557000+00:00,2026-01-06 11:30:42.866790+00:00,42.557,0.305,0.3,0.31,0.695,0.69,0.7,,,,
2026-01-06 11:30:43.605000+00:00,2026-01-06 11:30:43.884529+00:00,43.605,0.305,0.3,0.31,0.695,0.69,0.7,,,,
2026-01-06 11:30:44.591000+00:00,2026-01-06 11:30:44.902073+00:00,44.591,0.305,0.3,0.31,0.695,0.69,0.7,,,,
2026-01-06 11:30:45.600000+00:00,2026-01-06 11:30:45.911505+00:00,45.6,0.305,0.3,0.31,0.695,0.69,0.7,,,,
2026-01-06 11:30:46.581000+00:00,2026-01-06 11:30:46.927829+00:00,46.581,0.305,0.3,0.31,0.695,0.69,0.7,,,,
2026-01-06 11:30:47.450000+00:00,2026-01-06 11:30:47.933423+00:00,47.45,0.305,0.3,0.31,0.695,0.69,0.7,,,,
2026-01-06 11:30:48.657000+00:00,2026-01-06 11:30:48.951845+00:00,48.657,0.305,0.3,0.31,0.685,0.68,0.69,,,,
2026-01-06 11:30:49.686000+00:00,2026-01-06 11:30:49.965667+00:00,49.686,0.315,0.31,0.32,0.685,0.68,0.69,,,,
2026-01-06 11:30:50.656000+00:00,2026-01-06 11:30:50.983425+00:00,50.656,0.3399999999999999,0.33,0.35,0.655,0.65,0.66,,,,
2026-01-06 11:30:51.685000+00:00,2026-01-06 11:30:51.981867+00:00,51.685,0.335,0.33,0.34,0.665,0.66,0.67,,,,
2026-01-06 11:30:52.620000+00:00,2026-01-06 11:30:53.000649+00:00,52.62,0.335,0.33,0.34,0.665,0.66,0.67,,,,
2026-01-06 11:30:53.725000+00:00,2026-01-06 11:30:54.015518+00:00,53.725,0.33,0.32,0.34,0.67,0.66,0.68,,,,
2026-01-06 11:30:54.723000+00:00,2026-01-06 11:30:55.013677+00:00,54.723,0.325,0.32,0.33,0.675,0.67,0.68,,,,
2026-01-06 11:30:55.870000+00:00,2026-01-06 11:30:56.055580+00:00,55.87,0.325,0.32,0.33,0.675,0.67,0.68,,,,
2026-01-06 11:30:56.738000+00:00,2026-01-06 11:30:57.068583+00:00,56.738,0.325,0.32,0.33,0.675,0.67,0.68,,,,
2026-01-06 11:30:57.620000+00:00,2026-01-06 11:30:58.078048+00:00,57.62,0.325,0.32,0.33,0.675,0.67,0.68,,,,
2026-01-06 11:30:58.772000+00:00,2026-01-06 11:30:59.078886+00:00,58.772,0.325,0.32,0.33,0.69,0.68,0.7,,,,
2026-01-06 11:30:59.806000+00:00,2026-01-06 11:31:00.096388+00:00,59.806,0.305,0.3,0.31,0.695,0.69,0.7,,,,
2026-01-06 11:31:00.800000+00:00,2026-01-06 11:31:01.115129+00:00,60.8,0.335,0.33,0.34,0.665,0.66,0.67,,,,
2026-01-06 11:31:01.811000+00:00,2026-01-06 11:31:02.144900+00:00,61.811,0.345,0.34,0.35,0.655,0.65,0.66,,,,
2026-01-06 11:31:02.858000+00:00,2026-01-06 11:31:03.151917+00:00,62.858,0.355,0.35,0.36,0.645,0.64,0.65,,,,
2026-01-06 11:31:03.862000+00:00,2026-01-06 11:31:04.151765+00:00,63.862,0.385,0.38,0.39,0.615,0.61,0.62,,,,
2026-01-06 11:31:04.880000+00:00,2026-01-06 11:31:05.156039+00:00,64.88,0.395,0.39,0.4,0.605,0.6,0.61,,,,
2026-01-06 11:31:05.904000+00:00,2026-01-06 11:31:06.169401+00:00,65.904,0.395,0.39,0.4,0.605,0.6,0.61,,,,
2026-01-06 11:31:06.875000+00:00,2026-01-06 11:31:07.169208+00:00,66.875,0.395,0.39,0.4,0.605,0.6,0.61,,,,
2026-01-06 11:31:07.889000+00:00,2026-01-06 11:31:08.166041+00:00,67.889,0.395,0.39,0.4,0.605,0.6,0.61,,,,
2026-01-06 11:31:08.907000+00:00,2026-01-06 11:31:09.181986+00:00,68.907,0.395,0.39,0.4,0.605,0.6,0.61,,,,
2026-01-06 11:31:09.848000+00:00,2026-01-06 11:31:10.199926+00:00,69.848,0.395,0.39,0.4,0.605,0.6,0.61,,,,
2026-01-06 11:31:10.865000+00:00,2026-01-06 11:31:11.192272+00:00,70.865,0.395,0.39,0.4,0.605,0.6,0.61,,,,
2026-01-06 11:31:11.925000+00:00,2026-01-06 11:31:12.198929+00:00,71.925,0.385,0.38,0.39,0.595,0.59,0.6,,,,
2026-01-06 11:31:12.917000+00:00,2026-01-06 11:31:13.213244+00:00,72.917,0.405,0.4,0.41,0.595,0.59,0.6,,,,
2026-01-06 11:31:13.857000+00:00,2026-01-06 11:31:14.213309+00:00,73.857,0.405,0.4,0.41,0.595,0.59,0.6,,,,
2026-01-06 11:31:14.680000+00:00,2026-01-06 11:31:15.215559+00:00,74.68,0.405,0.4,0.41,0.595,0.59,0.6,,,,
2026-01-06 11:31:15.921000+00:00,2026-01-06 11:31:16.227351+00:00,75.921,0.405,0.4,0.41,0.595,0.59,0.6,,,,
2026-01-06 11:31:16.773000+00:00,2026-01-06 11:31:17.251160+00:00,76.773,0.405,0.4,0.41,0.595,0.59,0.6,,,,
2026-01-06 11:31:17.656000+00:00,2026-01-06 11:31:18.269274+00:00,77.656,0.405,0.4,0.41,0.595,0.59,0.6,,,,
2026-01-06 11:31:18.700000+00:00,2026-01-06 11:31:19.264550+00:00,78.7,0.405,0.4,0.41,0.595,0.59,0.6,,,,
2026-01-06 11:31:19.998000+00:00,2026-01-06 11:31:20.282124+00:00,79.998,0.405,0.4,0.41,0.595,0.59,0.6,,,,
2026-01-06 11:31:20.660000+00:00,2026-01-06 11:31:21.297109+00:00,80.66,0.405,0.4,0.41,0.595,0.59,0.6,,,,
2026-01-06 11:31:22.021000+00:00,2026-01-06 11:31:22.301141+00:00,82.021,0.395,0.39,0.4,0.605,0.6,0.61,,,,
2026-01-06 11:31:23.905000+00:00,2026-01-06 11:31:24.332349+00:00,83.905,0.375,0.37,0.38,0.625,0.62,0.63,,,,
2026-01-06 11:31:24.996000+00:00,2026-01-06 11:31:25.338847+00:00,84.996,0.375,0.37,0.38,0.625,0.62,0.63,,,,
2026-01-06 11:31:26.067000+00:00,2026-01-06 11:31:26.349770+00:00,86.067,0.375,0.37,0.38,0.64,0.63,0.65,,,,
2026-01-06 11:31:27.174000+00:00,2026-01-06 11:31:27.363933+00:00,87.174,0.345,0.34,0.35,0.655,0.65,0.66,,,,
2026-01-06 11:31:28.079000+00:00,2026-01-06 11:31:28.368745+00:00,88.079,0.325,0.32,0.33,0.675,0.67,0.68,,,,
2026-01-06 11:31:29.064000+00:00,2026-01-06 11:31:29.399036+00:00,89.064,0.325,0.32,0.33,0.675,0.67,0.68,,,,
2026-01-06 11:31:30.124000+00:00,2026-01-06 11:31:30.405224+00:00,90.124,0.325,0.32,0.33,0.675,0.67,0.68,,,,
2026-01-06 11:31:31.077000+00:00,2026-01-06 11:31:31.426688+00:00,91.077,0.315,0.31,0.32,0.685,0.68,0.69,,,,
2026-01-06 11:31:32.123000+00:00,2026-01-06 11:31:32.446882+00:00,92.123,0.305,0.3,0.31,0.695,0.69,0.7,,,,
2026-01-06 11:31:33.149000+00:00,2026-01-06 11:31:33.464285+00:00,93.149,0.305,0.3,0.31,0.695,0.69,0.7,,,,
2026-01-06 11:31:34.128000+00:00,2026-01-06 11:31:34.464343+00:00,94.128,0.305,0.3,0.31,0.695,0.69,0.7,,,,
2026-01-06 11:31:35.894000+00:00,2026-01-06 11:31:36.463902+00:00,95.894,0.305,0.3,0.31,0.695,0.69,0.7,,,,
2026-01-06 11:31:37.193000+00:00,2026-01-06 11:31:37.476584+00:00,97.193,0.305,0.3,0.31,0.695,0.69,0.7,,,,
2026-01-06 11:31:38.818000+00:00,2026-01-06 11:31:39.499531+00:00,98.818,0.305,0.3,0.31,0.695,0.69,0.7,,,,
2026-01-06 11:31:40.225000+00:00,2026-01-06 11:31:40.514819+00:00,100.225,0.305,0.3,0.31,0.695,0.69,0.7,,,,
2026-01-06 11:31:41.207000+00:00,2026-01-06 11:31:41.514614+00:00,101.207,0.295,0.29,0.3,0.705,0.7,0.71,,,,
2026-01-06 11:31:42.086000+00:00,2026-01-06 11:31:42.525288+00:00,102.086,0.295,0.29,0.3,0.705,0.7,0.71,,,,
2026-01-06 11:31:43.857000+00:00,2026-01-06 11:31:44.533785+00:00,103.857,0.295,0.29,0.3,0.705,0.7,0.71,,,,
2026-01-06 11:31:44.605000+00:00,2026-01-06 11:31:45.531517+00:00,104.605,0.295,0.29,0.3,0.705,0.7,0.71,,,,
2026-01-06 11:31:46.141000+00:00,2026-01-06 11:31:46.540518+00:00,106.141,0.295,0.29,0.3,0.705,0.7,0.71,,,,
2026-01-06 11:31:47.210000+00:00,2026-01-06 11:31:47.547029+00:00,107.21,0.295,0.29,0.3,0.705,0.7,0.71,,,,
2026-01-06 11:31:48.081000+00:00,2026-01-06 11:31:48.570134+00:00,108.081,0.295,0.29,0.3,0.705,0.7,0.71,,,,
2026-01-06 11:31:49.001000+00:00,2026-01-06 11:31:49.596178+00:00,109.001,0.295,0.29,0.3,0.705,0.7,0.71,,,,
2026-01-06 11:31:50.096000+00:00,2026-01-06 11:31:50.614814+00:00,110.096,0.295,0.29,0.3,0.705,0.7,0.71,,,,
2026-01-06 11:31:51.330000+00:00,2026-01-06 11:31:51.620762+00:00,111.33,0.275,0.27,0.28,0.725,0.72,0.73,,,,
2026-01-06 11:31:52.292000+00:00,2026-01-06 11:31:52.633834+00:00,112.292,0.275,0.27,0.28,0.725,0.72,0.73,,,,
2026-01-06 11:31:53.365000+00:00,2026-01-06 11:31:53.651748+00:00,113.365,0.275,0.27,0.28,0.725,0.72,0.73,,,,
2026-01-06 11:31:54.366000+00:00,2026-01-06 11:31:54.666806+00:00,114.366,0.315,0.31,0.32,0.685,0.68,0.69,,,,
2026-01-06 11:31:55.288000+00:00,2026-01-06 11:31:55.673586+00:00,115.288,0.315,0.31,0.32,0.685,0.68,0.69,,,,
2026-01-06 11:31:56.423000+00:00,2026-01-06 11:31:56.681733+00:00,116.423,0.315,0.31,0.32,0.685,0.68,0.69,,,,
2026-01-06 11:31:57.342000+00:00,2026-01-06 11:31:57.687728+00:00,117.342,0.305,0.3,0.31,0.695,0.69,0.7,,,,
2026-01-06 11:31:58.407000+00:00,2026-01-06 11:31:58.700742+00:00,118.407,0.305,0.3,0.31,0.695,0.69,0.7,,,,
2026-01-06 11:31:59.417000+00:00,2026-01-06 11:31:59.697963+00:00,119.417,0.305,0.3,0.31,0.695,0.69,0.7,,,,
2026-01-06 11:32:00.196000+00:00,2026-01-06 11:32:00.709867+00:00,120.196,0.305,0.3,0.31,0.695,0.69,0.7,,,,
2026-01-06 11:32:01.312000+00:00,2026-01-06 11:32:01.708925+00:00,121.312,0.305,0.3,0.31,0.69,0.68,0.7,,,,
2026-01-06 11:32:02.441000+00:00,2026-01-06 11:32:02.724668+00:00,122.441,0.305,0.3,0.31,0.695,0.69,0.7,,,,
2026-01-06 11:32:03.347000+00:00,2026-01-06 11:32:03.726112+00:00,123.347,0.295,0.29,0.3,0.7,0.69,0.71,,,,
2026-01-06 11:32:04.465000+00:00,2026-01-06 11:32:04.741856+00:00,124.465,0.305,0.3,0.31,0.695,0.69,0.7,,,,
2026-01-06 11:32:05.394000+00:00,2026-01-06 11:32:05.756968+00:00,125.394,0.305,0.3,0.31,0.695,0.69,0.7,,,,
2026-01-06 11:32:06.486000+00:00,2026-01-06 11:32:06.769481+00:00,126.486,0.305,0.3,0.31,0.695,0.69,0.7,,,,
2026-01-06 11:32:07.499000+00:00,2026-01-06 11:32:07.780660+00:00,127.499,0.29,0.28,0.3,0.71,0.7,0.72,,,,
2026-01-06 11:32:08.469000+00:00,2026-01-06 11:32:08.792351+00:00,128.469,0.275,0.27,0.28,0.73,0.72,0.74,,,,
2026-01-06 11:32:09.343000+00:00,2026-01-06 11:32:09.790420+00:00,129.343,0.27,0.26,0.28,0.735,0.73,0.74,,,,
2026-01-06 11:32:10.435000+00:00,2026-01-06 11:32:10.808381+00:00,130.435,0.255,0.25,0.26,0.745,0.74,0.75,,,,
2026-01-06 11:32:11.661000+00:00,2026-01-06 11:32:11.831217+00:00,131.661,0.255,0.25,0.26,0.735,0.73,0.74,,,,
2026-01-06 11:32:12.539000+00:00,2026-01-06 11:32:12.842242+00:00,132.539,0.255,0.25,0.26,0.745,0.74,0.75,,,,
2026-01-06 11:32:13.558000+00:00,2026-01-06 11:32:13.842909+00:00,133.558,0.235,0.23,0.24,0.765,0.76,0.77,,,,
2026-01-06 11:32:14.563000+00:00,2026-01-06 11:32:14.849946+00:00,134.563,0.235,0.23,0.24,0.76,0.75,0.77,,,,
2026-01-06 11:32:15.507000+00:00,2026-01-06 11:32:15.855235+00:00,135.507,0.245,0.24,0.25,0.75,0.74,0.76,,,,
2026-01-06 11:32:16.567000+00:00,2026-01-06 11:32:16.855528+00:00,136.567,0.255,0.25,0.26,0.745,0.74,0.75,,,,
2026-01-06 11:32:17.173000+00:00,2026-01-06 11:32:17.856962+00:00,137.173,0.25,0.24,0.26,0.75,0.74,0.76,,,,
2026-01-06 11:32:18.566000+00:00,2026-01-06 11:32:18.858942+00:00,138.566,0.28,0.27,0.29,0.72,0.71,0.73,,,,
2026-01-06 11:32:19.554000+00:00,2026-01-06 11:32:19.871519+00:00,139.554,0.28,0.27,0.29,0.72,0.71,0.73,,,,
2026-01-06 11:32:20.548000+00:00,2026-01-06 11:32:20.889016+00:00,140.548,0.28,0.27,0.29,0.72,0.71,0.73,,,,
2026-01-06 11:32:21.605000+00:00,2026-01-06 11:32:21.891527+00:00,141.605,0.28,0.27,0.29,0.72,0.71,0.73,,,,
2026-01-06 11:32:22.612000+00:00,2026-01-06 11:32:22.893926+00:00,142.612,0.285,0.28,0.29,0.715,0.71,0.72,,,,
2026-01-06 11:32:23.613000+00:00,2026-01-06 11:32:23.912492+00:00,143.613,0.28,0.27,0.29,0.72,0.71,0.73,,,,
2026-01-06 11:32:24.557000+00:00,2026-01-06 11:32:24.937199+00:00,144.557,0.28,0.27,0.29,0.72,0.71,0.73,,,,
2026-01-06 11:32:25.636000+00:00,2026-01-06 11:32:25.936627+00:00,145.636,0.28,0.27,0.29,0.72,0.71,0.73,,,,
2026-01-06 11:32:26.523000+00:00,2026-01-06 11:32:26.941287+00:00,146.523,0.28,0.27,0.29,0.72,0.71,0.73,,,,
2026-01-06 11:32:27.663000+00:00,2026-01-06 11:32:27.948962+00:00,147.663,0.29,0.28,0.3,0.715,0.71,0.72,,,,
2026-01-06 11:32:28.661000+00:00,2026-01-06 11:32:28.958326+00:00,148.661,0.285,0.28,0.29,0.715,0.71,0.72,,,,
2026-01-06 11:32:29.562000+00:00,2026-01-06 11:32:29.972455+00:00,149.562,0.285,0.28,0.29,0.715,0.71,0.72,,,,
2026-01-06 11:32:30.698000+00:00,2026-01-06 11:32:30.990699+00:00,150.698,0.26,0.25,0.27,0.74,0.73,0.75,,,,
2026-01-06 11:32:31.727000+00:00,2026-01-06 11:32:32.012707+00:00,151.727,0.24,0.23,0.25,0.76,0.75,0.77,,,,
2026-01-06 11:32:32.741000+00:00,2026-01-06 11:32:33.023916+00:00,152.741,0.235,0.23,0.24,0.765,0.76,0.77,,,,
2026-01-06 11:32:33.754000+00:00,2026-01-06 11:32:34.035864+00:00,153.754,0.235,0.23,0.24,0.765,0.76,0.77,,,,
2026-01-06 11:32:34.752000+00:00,2026-01-06 11:32:35.039801+00:00,154.752,0.2299999999999999,0.22,0.24,0.77,0.76,0.78,,,,
2026-01-06 11:32:35.738000+00:00,2026-01-06 11:32:36.042691+00:00,155.738,0.2299999999999999,0.22,0.24,0.775,0.77,0.78,,,,
2026-01-06 11:32:36.703000+00:00,2026-01-06 11:32:37.042411+00:00,156.703,0.225,0.22,0.23,0.775,0.77,0.78,,,,
2026-01-06 11:32:37.678000+00:00,2026-01-06 11:32:38.046177+00:00,157.678,0.225,0.22,0.23,0.775,0.77,0.78,,,,
2026-01-06 11:32:38.742000+00:00,2026-01-06 11:32:39.063299+00:00,158.742,0.225,0.22,0.23,0.775,0.77,0.78,,,,
2026-01-06 11:32:39.793000+00:00,2026-01-06 11:32:40.075677+00:00,159.793,0.225,0.22,0.23,0.775,0.77,0.78,,,,
2026-01-06 11:32:40.746000+00:00,2026-01-06 11:32:41.089979+00:00,160.746,0.225,0.22,0.23,0.775,0.77,0.78,,,,
2026-01-06 11:32:41.733000+00:00,2026-01-06 11:32:42.106718+00:00,161.733,0.225,0.22,0.23,0.775,0.77,0.78,,,,
2026-01-06 11:32:42.740000+00:00,2026-01-06 11:32:43.106616+00:00,162.74,0.225,0.22,0.23,0.775,0.77,0.78,,,,
2026-01-06 11:32:43.724000+00:00,2026-01-06 11:32:44.106935+00:00,163.724,0.235,0.23,0.24,0.765,0.76,0.77,,,,
2026-01-06 11:32:44.803000+00:00,2026-01-06 11:32:45.123669+00:00,164.803,0.2299999999999999,0.22,0.24,0.77,0.76,0.78,,,,
2026-01-06 11:32:45.837000+00:00,2026-01-06 11:32:46.140618+00:00,165.837,0.225,0.22,0.23,0.775,0.77,0.78,,,,
2026-01-06 11:32:46.649000+00:00,2026-01-06 11:32:47.158835+00:00,166.649,0.225,0.22,0.23,0.775,0.77,0.78,,,,
2026-01-06 11:32:47.881000+00:00,2026-01-06 11:32:48.156681+00:00,167.881,0.2299999999999999,0.22,0.24,0.775,0.77,0.78,,,,
2026-01-06 11:32:48.791000+00:00,2026-01-06 11:32:49.154726+00:00,168.791,0.215,0.21,0.22,0.785,0.78,0.79,,,,
2026-01-06 11:32:49.917000+00:00,2026-01-06 11:32:50.173263+00:00,169.917,0.22,0.21,0.23,0.775,0.77,0.78,,,,
2026-01-06 11:32:50.863000+00:00,2026-01-06 11:32:51.164314+00:00,170.863,0.245,0.24,0.25,0.755,0.75,0.76,,,,
2026-01-06 11:32:51.750000+00:00,2026-01-06 11:32:52.175698+00:00,171.75,0.24,0.23,0.25,0.76,0.75,0.77,,,,
2026-01-06 11:32:52.769000+00:00,2026-01-06 11:32:53.171769+00:00,172.769,0.24,0.23,0.25,0.76,0.75,0.77,,,,
2026-01-06 11:32:53.906000+00:00,2026-01-06 11:32:54.188094+00:00,173.906,0.24,0.23,0.25,0.76,0.75,0.77,,,,
2026-01-06 11:32:54.851000+00:00,2026-01-06 11:32:55.186273+00:00,174.851,0.24,0.23,0.25,0.76,0.75,0.77,,,,
2026-01-06 11:32:55.835000+00:00,2026-01-06 11:32:56.177493+00:00,175.835,0.24,0.23,0.25,0.76,0.75,0.77,,,,
2026-01-06 11:32:56.775000+00:00,2026-01-06 11:32:57.185388+00:00,176.775,0.24,0.23,0.25,0.76,0.75,0.77,,,,
2026-01-06 11:32:57.854000+00:00,2026-01-06 11:32:58.188025+00:00,177.854,0.235,0.23,0.24,0.765,0.76,0.77,,,,
2026-01-06 11:32:58.917000+00:00,2026-01-06 11:32:59.197555+00:00,178.917,0.235,0.23,0.24,0.765,0.76,0.77,,,,
2026-01-06 11:32:59.925000+00:00,2026-01-06 11:33:00.210809+00:00,179.925,0.25,0.24,0.26,0.75,0.74,0.76,,,,
2026-01-06 11:33:00.868000+00:00,2026-01-06 11:33:01.223527+00:00,180.868,0.25,0.24,0.26,0.75,0.74,0.76,,,,
2026-01-06 11:33:01.933000+00:00,2026-01-06 11:33:02.240146+00:00,181.933,0.25,0.24,0.26,0.75,0.74,0.76,,,,
2026-01-06 11:33:02.979000+00:00,2026-01-06 11:33:03.262469+00:00,182.979,0.245,0.24,0.25,0.755,0.75,0.76,,,,
2026-01-06 11:33:03.840000+00:00,2026-01-06 11:33:04.272631+00:00,183.84,0.245,0.24,0.25,0.755,0.75,0.76,,,,
2026-01-06 11:33:04.681000+00:00,2026-01-06 11:33:05.272031+00:00,184.681,0.245,0.24,0.25,0.755,0.75,0.76,,,,
2026-01-06 11:33:05.733000+00:00,2026-01-06 11:33:06.270728+00:00,185.733,0.245,0.24,0.25,0.755,0.75,0.76,,,,
2026-01-06 11:33:07.849000+00:00,2026-01-06 11:33:08.306746+00:00,187.849,0.245,0.24,0.25,0.755,0.75,0.76,,,,
2026-01-06 11:33:09.007000+00:00,2026-01-06 11:33:09.298193+00:00,189.007,0.245,0.24,0.25,0.755,0.75,0.76,,,,
2026-01-06 11:33:10.934000+00:00,2026-01-06 11:33:11.312386+00:00,190.934,0.245,0.24,0.25,0.755,0.75,0.76,,,,
2026-01-06 11:33:12.020000+00:00,2026-01-06 11:33:12.322457+00:00,192.02,0.245,0.24,0.25,0.755,0.75,0.76,,,,
2026-01-06 11:33:13.848000+00:00,2026-01-06 11:33:14.338207+00:00,193.848,0.245,0.24,0.25,0.755,0.75,0.76,,,,
2026-01-06 11:33:15.028000+00:00,2026-01-06 11:33:15.347556+00:00,195.028,0.245,0.24,0.25,0.755,0.75,0.76,,,,
2026-01-06 11:33:16.944000+00:00,2026-01-06 11:33:17.365851+00:00,196.944,0.245,0.24,0.25,0.755,0.75,0.76,,,,
2026-01-06 11:33:18.048000+00:00,2026-01-06 11:33:18.379952+00:00,198.048,0.245,0.24,0.25,0.755,0.75,0.76,,,,
2026-01-06 11:33:19.004000+00:00,2026-01-06 11:33:19.372400+00:00,199.004,0.245,0.24,0.25,0.755,0.75,0.76,,,,
2026-01-06 11:33:20.061000+00:00,2026-01-06 11:33:20.381350+00:00,200.061,0.245,0.24,0.25,0.755,0.75,0.76,,,,
2026-01-06 11:33:21.056000+00:00,2026-01-06 11:33:21.393659+00:00,201.056,0.245,0.24,0.25,0.755,0.75,0.76,,,,
2026-01-06 11:33:22.095000+00:00,2026-01-06 11:33:22.404570+00:00,202.095,0.245,0.24,0.25,0.755,0.75,0.76,,,,
2026-01-06 11:33:23.101000+00:00,2026-01-06 11:33:23.426884+00:00,203.101,0.235,0.23,0.24,0.765,0.76,0.77,,,,
2026-01-06 11:33:24.825000+00:00,2026-01-06 11:33:25.448799+00:00,204.825,0.205,0.2,0.21,0.795,0.79,0.8,,,,
2026-01-06 11:33:26.154000+00:00,2026-01-06 11:33:26.446012+00:00,206.154,0.21,0.2,0.22,0.785,0.78,0.79,,,,
2026-01-06 11:33:27.158000+00:00,2026-01-06 11:33:27.450819+00:00,207.158,0.2249999999999999,0.21,0.24,0.765,0.76,0.77,,,,
2026-01-06 11:33:28.136000+00:00,2026-01-06 11:33:28.447297+00:00,208.136,0.24,0.23,0.25,0.765,0.75,0.78,,,,
2026-01-06 11:33:29.155000+00:00,2026-01-06 11:33:29.444892+00:00,209.155,0.24,0.23,0.25,0.755,0.75,0.76,,,,
2026-01-06 11:33:30.163000+00:00,2026-01-06 11:33:30.451197+00:00,210.163,0.235,0.23,0.24,0.765,0.76,0.77,,,,
2026-01-06 11:33:31.838000+00:00,2026-01-06 11:33:32.454123+00:00,211.838,0.2299999999999999,0.22,0.24,0.77,0.76,0.78,,,,
2026-01-06 11:33:33.893000+00:00,2026-01-06 11:33:34.455410+00:00,213.893,0.2299999999999999,0.22,0.24,0.77,0.76,0.78,,,,
2026-01-06 11:33:35.182000+00:00,2026-01-06 11:33:35.476020+00:00,215.182,0.235,0.23,0.24,0.765,0.76,0.77,,,,
2026-01-06 11:33:36+00:00,2026-01-06 11:33:36.475386+00:00,216.0,0.235,0.23,0.24,0.765,0.76,0.77,,,,
2026-01-06 11:33:37.162000+00:00,2026-01-06 11:33:37.465141+00:00,217.162,0.265,0.26,0.27,0.735,0.73,0.74,,,,
2026-01-06 11:33:38.194000+00:00,2026-01-06 11:33:38.482061+00:00,218.194,0.265,0.26,0.27,0.74,0.73,0.75,,,,
2026-01-06 11:33:39.192000+00:00,2026-01-06 11:33:39.486764+00:00,219.192,0.26,0.25,0.27,0.74,0.73,0.75,,,,
2026-01-06 11:33:40.173000+00:00,2026-01-06 11:33:40.503288+00:00,220.173,0.26,0.25,0.27,0.745,0.74,0.75,,,,
2026-01-06 11:33:41.221000+00:00,2026-01-06 11:33:41.513700+00:00,221.221,0.285,0.28,0.29,0.715,0.71,0.72,,,,
2026-01-06 11:33:42.268000+00:00,2026-01-06 11:33:42.535413+00:00,222.268,0.305,0.3,0.31,0.695,0.69,0.7,,,,
2026-01-06 11:33:43.282000+00:00,2026-01-06 11:33:43.554896+00:00,223.282,0.305,0.3,0.31,0.705,0.7,0.71,,,,
2026-01-06 11:33:44.974000+00:00,2026-01-06 11:33:45.573816+00:00,224.974,0.285,0.28,0.29,0.715,0.71,0.72,,,,
2026-01-06 11:33:46.222000+00:00,2026-01-06 11:33:46.592131+00:00,226.222,0.27,0.26,0.28,0.73,0.72,0.74,,,,
2026-01-06 11:33:47.272000+00:00,2026-01-06 11:33:47.588948+00:00,227.272,0.265,0.26,0.27,0.735,0.73,0.74,,,,
2026-01-06 11:33:48.156000+00:00,2026-01-06 11:33:48.606976+00:00,228.156,0.265,0.26,0.27,0.735,0.73,0.74,,,,
2026-01-06 11:33:49.192000+00:00,2026-01-06 11:33:49.631913+00:00,229.192,0.265,0.26,0.27,0.735,0.73,0.74,,,,
2026-01-06 11:33:50.307000+00:00,2026-01-06 11:33:50.638936+00:00,230.307,0.235,0.23,0.24,0.765,0.76,0.77,,,,
2026-01-06 11:33:51.344000+00:00,2026-01-06 11:33:51.642888+00:00,231.344,0.235,0.23,0.24,0.765,0.76,0.77,,,,
2026-01-06 11:33:52.188000+00:00,2026-01-06 11:33:52.652586+00:00,232.188,0.245,0.23,0.26,0.755,0.74,0.77,,,,
2026-01-06 11:33:53.349000+00:00,2026-01-06 11:33:53.655934+00:00,233.349,0.24,0.23,0.25,0.76,0.75,0.77,,,,
2026-01-06 11:33:54.386000+00:00,2026-01-06 11:33:54.667909+00:00,234.386,0.235,0.23,0.24,0.765,0.76,0.77,,,,
2026-01-06 11:33:55.382000+00:00,2026-01-06 11:33:55.670682+00:00,235.382,0.235,0.23,0.24,0.765,0.76,0.77,,,,
2026-01-06 11:33:56.376000+00:00,2026-01-06 11:33:56.694390+00:00,236.376,0.22,0.21,0.23,0.78,0.77,0.79,,,,
2026-01-06 11:33:57.026000+00:00,2026-01-06 11:33:57.710344+00:00,237.026,0.22,0.21,0.23,0.78,0.77,0.79,,,,
2026-01-06 11:33:58.321000+00:00,2026-01-06 11:33:58.721116+00:00,238.321,0.22,0.21,0.23,0.78,0.77,0.79,,,,
2026-01-06 11:33:59.382000+00:00,2026-01-06 11:33:59.722384+00:00,239.382,0.22,0.21,0.23,0.78,0.77,0.79,,,,
2026-01-06 11:34:00.449000+00:00,2026-01-06 11:34:00.734469+00:00,240.449,0.225,0.22,0.23,0.78,0.77,0.79,,,,
2026-01-06 11:34:01.436000+00:00,2026-01-06 11:34:01.743283+00:00,241.436,0.235,0.23,0.24,0.765,0.76,0.77,,,,
2026-01-06 11:34:02.473000+00:00,2026-01-06 11:34:02.758508+00:00,242.473,0.235,0.23,0.24,0.775,0.77,0.78,,,,
2026-01-06 11:34:03.350000+00:00,2026-01-06 11:34:03.773712+00:00,243.35,0.225,0.22,0.23,0.775,0.77,0.78,,,,
2026-01-06 11:34:04.491000+00:00,2026-01-06 11:34:04.785658+00:00,244.491,0.225,0.22,0.23,0.775,0.77,0.78,,,,
2026-01-06 11:34:05.311000+00:00,2026-01-06 11:34:05.805050+00:00,245.311,0.225,0.22,0.23,0.775,0.77,0.78,,,,
2026-01-06 11:34:06.359000+00:00,2026-01-06 11:34:06.814232+00:00,246.359,0.225,0.22,0.23,0.775,0.77,0.78,,,,
2026-01-06 11:34:07.546000+00:00,2026-01-06 11:34:07.819637+00:00,247.546,0.235,0.23,0.24,0.765,0.76,0.77,,,,
2026-01-06 11:34:08.496000+00:00,2026-01-06 11:34:08.836954+00:00,248.496,0.235,0.23,0.24,0.765,0.76,0.77,,,,
2026-01-06 11:34:09.562000+00:00,2026-01-06 11:34:09.853516+00:00,249.562,0.235,0.23,0.24,0.765,0.76,0.77,,,,
2026-01-06 11:34:10.545000+00:00,2026-01-06 11:34:10.853825+00:00,250.545,0.245,0.24,0.25,0.755,0.75,0.76,,,,
2026-01-06 11:34:11.568000+00:00,2026-01-06 11:34:11.872765+00:00,251.568,0.255,0.25,0.26,0.745,0.74,0.75,,,,
2026-01-06 11:34:12.468000+00:00,2026-01-06 11:34:12.886687+00:00,252.468,0.245,0.24,0.25,0.755,0.75,0.76,,,,
2026-01-06 11:34:13.583000+00:00,2026-01-06 11:34:13.884150+00:00,253.583,0.245,0.24,0.25,0.755,0.75,0.76,,,,
2026-01-06 11:34:14.585000+00:00,2026-01-06 11:34:14.887466+00:00,254.585,0.255,0.25,0.26,0.745,0.74,0.75,,,,
2026-01-06 11:34:15.590000+00:00,2026-01-06 11:34:15.903290+00:00,255.59,0.255,0.25,0.26,0.745,0.74,0.75,,,,
2026-01-06 11:34:16.597000+00:00,2026-01-06 11:34:16.905773+00:00,256.597,0.265,0.26,0.27,0.735,0.73,0.74,,,,
2026-01-06 11:34:17.602000+00:00,2026-01-06 11:34:17.912188+00:00,257.602,0.25,0.24,0.26,0.75,0.74,0.76,,,,
2026-01-06 11:34:18.627000+00:00,2026-01-06 11:34:18.936930+00:00,258.627,0.25,0.24,0.26,0.75,0.74,0.76,,,,
2026-01-06 11:34:19.649000+00:00,2026-01-06 11:34:19.935892+00:00,259.649,0.25,0.24,0.26,0.745,0.73,0.76,,,,
2026-01-06 11:34:20.584000+00:00,2026-01-06 11:34:20.953118+00:00,260.584,0.255,0.25,0.26,0.745,0.74,0.75,,,,
2026-01-06 11:34:21.350000+00:00,2026-01-06 11:34:21.968833+00:00,261.35,0.255,0.25,0.26,0.745,0.74,0.75,,,,
2026-01-06 11:34:22.513000+00:00,2026-01-06 11:34:22.977270+00:00,262.513,0.26,0.25,0.27,0.74,0.73,0.75,,,,
2026-01-06 11:34:23.570000+00:00,2026-01-06 11:34:23.968705+00:00,263.57,0.26,0.25,0.27,0.74,0.73,0.75,,,,
2026-01-06 11:34:24.593000+00:00,2026-01-06 11:34:24.970405+00:00,264.593,0.26,0.25,0.27,0.74,0.73,0.75,,,,
2026-01-06 11:34:25.651000+00:00,2026-01-06 11:34:25.971887+00:00,265.651,0.26,0.25,0.27,0.74,0.73,0.75,,,,
2026-01-06 11:34:26.467000+00:00,2026-01-06 11:34:26.973669+00:00,266.467,0.26,0.25,0.27,0.74,0.73,0.75,,,,
2026-01-06 11:34:27.639000+00:00,2026-01-06 11:34:27.982910+00:00,267.639,0.26,0.25,0.27,0.74,0.73,0.75,,,,
2026-01-06 11:34:28.581000+00:00,2026-01-06 11:34:28.985709+00:00,268.581,0.265,0.26,0.27,0.735,0.73,0.74,,,,
2026-01-06 11:34:29.585000+00:00,2026-01-06 11:34:29.976334+00:00,269.585,0.265,0.26,0.27,0.735,0.73,0.74,,,,
2026-01-06 11:34:30.649000+00:00,2026-01-06 11:34:30.985257+00:00,270.649,0.255,0.25,0.26,0.745,0.74,0.75,,,,
2026-01-06 11:34:31.694000+00:00,2026-01-06 11:34:31.984889+00:00,271.694,0.255,0.25,0.26,0.745,0.74,0.75,,,,
2026-01-06 11:34:32.700000+00:00,2026-01-06 11:34:32.985994+00:00,272.7,0.255,0.25,0.26,0.745,0.74,0.75,,,,
2026-01-06 11:34:33.710000+00:00,2026-01-06 11:34:33.995284+00:00,273.71,0.275,0.27,0.28,0.725,0.72,0.73,,,,
2026-01-06 11:34:34.572000+00:00,2026-01-06 11:34:35.004624+00:00,274.572,0.285,0.28,0.29,0.715,0.71,0.72,,,,
2026-01-06 11:34:35.603000+00:00,2026-01-06 11:34:36.019689+00:00,275.603,0.295,0.29,0.3,0.705,0.7,0.71,,,,
2026-01-06 11:34:36.712000+00:00,2026-01-06 11:34:37.040542+00:00,276.712,0.295,0.29,0.3,0.705,0.7,0.71,,,,
2026-01-06 11:34:37.712000+00:00,2026-01-06 11:34:38.057766+00:00,277.712,0.295,0.29,0.3,0.705,0.7,0.71,,,,
2026-01-06 11:34:38.789000+00:00,2026-01-06 11:34:39.075207+00:00,278.789,0.3,0.29,0.31,0.7,0.69,0.71,,,,
2026-01-06 11:34:39.737000+00:00,2026-01-06 11:34:40.084018+00:00,279.737,0.29,0.28,0.3,0.71,0.7,0.72,,,,
2026-01-06 11:34:40.794000+00:00,2026-01-06 11:34:41.086373+00:00,280.794,0.29,0.28,0.3,0.71,0.7,0.72,,,,
2026-01-06 11:34:41.371000+00:00,2026-01-06 11:34:42.100680+00:00,281.371,0.29,0.28,0.3,0.71,0.7,0.72,,,,
2026-01-06 11:34:42.735000+00:00,2026-01-06 11:34:43.108097+00:00,282.735,0.29,0.28,0.3,0.71,0.7,0.72,,,,
2026-01-06 11:34:43.665000+00:00,2026-01-06 11:34:44.118856+00:00,283.665,0.28,0.27,0.29,0.72,0.71,0.73,,,,
2026-01-06 11:34:44.778000+00:00,2026-01-06 11:34:45.124336+00:00,284.778,0.28,0.27,0.29,0.72,0.71,0.73,,,,
2026-01-06 11:34:45.849000+00:00,2026-01-06 11:34:46.135398+00:00,285.849,0.28,0.27,0.29,0.72,0.71,0.73,,,,
2026-01-06 11:34:46.751000+00:00,2026-01-06 11:34:47.135052+00:00,286.751,0.28,0.27,0.29,0.72,0.71,0.73,,,,
2026-01-06 11:34:47.842000+00:00,2026-01-06 11:34:48.133376+00:00,287.842,0.275,0.27,0.28,0.725,0.72,0.73,,,,
2026-01-06 11:34:48.855000+00:00,2026-01-06 11:34:49.135528+00:00,288.855,0.275,0.27,0.28,0.725,0.72,0.73,,,,
2026-01-06 11:34:49.650000+00:00,2026-01-06 11:34:50.150922+00:00,289.65,0.275,0.27,0.28,0.725,0.72,0.73,,,,
2026-01-06 11:34:50.560000+00:00,2026-01-06 11:34:51.154684+00:00,290.56,0.275,0.27,0.28,0.725,0.72,0.73,,,,
2026-01-06 11:34:51.846000+00:00,2026-01-06 11:34:52.164867+00:00,291.846,0.275,0.27,0.28,0.725,0.72,0.73,,,,
2026-01-06 11:34:52.867000+00:00,2026-01-06 11:34:53.165438+00:00,292.867,0.275,0.27,0.28,0.725,0.72,0.73,,,,
2026-01-06 11:34:53.764000+00:00,2026-01-06 11:34:54.182757+00:00,293.764,0.28,0.27,0.29,0.72,0.71,0.73,,,,
2026-01-06 11:34:54.856000+00:00,2026-01-06 11:34:55.182902+00:00,294.856,0.28,0.27,0.29,0.72,0.71,0.73,,,,
2026-01-06 11:34:55.892000+00:00,2026-01-06 11:34:56.183928+00:00,295.892,0.28,0.27,0.29,0.72,0.71,0.73,,,,
2026-01-06 11:34:56.902000+00:00,2026-01-06 11:34:57.184964+00:00,296.902,0.28,0.27,0.29,0.72,0.71,0.73,,,,
2026-01-06 11:34:57.972000+00:00,2026-01-06 11:34:58.184508+00:00,297.972,0.28,0.27,0.29,0.72,0.71,0.73,,,,
2026-01-06 11:34:58.919000+00:00,2026-01-06 11:34:59.194094+00:00,298.919,0.205,0.2,0.21,0.805,0.8,0.81,,,,
2026-01-06 11:34:59.802000+00:00,2026-01-06 11:35:00.200825+00:00,299.802,0.2,0.19,0.21,0.815,0.81,0.82,,,,
2026-01-06 11:35:00.937000+00:00,2026-01-06 11:35:01.215522+00:00,300.937,0.215,0.21,0.22,0.785,0.78,0.79,,,,
2026-01-06 11:35:01.921000+00:00,2026-01-06 11:35:02.226511+00:00,301.921,0.205,0.2,0.21,0.795,0.79,0.8,,,,
2026-01-06 11:35:02.930000+00:00,2026-01-06 11:35:03.238605+00:00,302.93,0.21,0.2,0.22,0.785,0.78,0.79,,,,
2026-01-06 11:35:03.960000+00:00,2026-01-06 11:35:04.244116+00:00,303.96,0.195,0.19,0.2,0.8,0.79,0.81,,,,
2026-01-06 11:35:04.959000+00:00,2026-01-06 11:35:05.253724+00:00,304.959,0.195,0.18,0.21,0.8049999999999999,0.79,0.82,,,,
2026-01-06 11:35:05.934000+00:00,2026-01-06 11:35:06.257745+00:00,305.934,0.19,0.18,0.2,0.81,0.8,0.82,,,,
2026-01-06 11:35:06.890000+00:00,2026-01-06 11:35:07.255251+00:00,306.89,0.195,0.19,0.2,0.805,0.8,0.81,,,,
2026-01-06 11:35:07.921000+00:00,2026-01-06 11:35:08.272915+00:00,307.921,0.195,0.19,0.2,0.81,0.8,0.82,,,,
2026-01-06 11:35:08.971000+00:00,2026-01-06 11:35:09.272369+00:00,308.971,0.185,0.18,0.19,0.815,0.81,0.82,,,,
2026-01-06 11:35:10.870000+00:00,2026-01-06 11:35:11.290769+00:00,310.87,0.165,0.16,0.17,0.835,0.83,0.84,,,,
2026-01-06 11:35:11.938000+00:00,2026-01-06 11:35:12.294755+00:00,311.938,0.16,0.15,0.17,0.84,0.83,0.85,,,,
2026-01-06 11:35:13.951000+00:00,2026-01-06 11:35:14.294533+00:00,313.951,0.165,0.16,0.17,0.835,0.83,0.84,,,,
2026-01-06 11:35:15.018000+00:00,2026-01-06 11:35:15.314545+00:00,315.018,0.1699999999999999,0.16,0.18,0.83,0.82,0.84,,,,
2026-01-06 11:35:16+00:00,2026-01-06 11:35:16.327491+00:00,316.0,0.175,0.17,0.18,0.825,0.82,0.83,,,,
2026-01-06 11:35:17.024000+00:00,2026-01-06 11:35:17.333921+00:00,317.024,0.1699999999999999,0.16,0.18,0.83,0.82,0.84,,,,
2026-01-06 11:35:18.040000+00:00,2026-01-06 11:35:18.343831+00:00,318.04,0.1699999999999999,0.16,0.18,0.83,0.82,0.84,,,,
2026-01-06 11:35:19.044000+00:00,2026-01-06 11:35:19.363172+00:00,319.044,0.1699999999999999,0.16,0.18,0.83,0.82,0.84,,,,
2026-01-06 11:35:20.986000+00:00,2026-01-06 11:35:21.359669+00:00,320.986,0.175,0.17,0.18,0.825,0.82,0.83,,,,
2026-01-06 11:35:21.990000+00:00,2026-01-06 11:35:22.350282+00:00,321.99,0.175,0.17,0.18,0.825,0.82,0.83,,,,
2026-01-06 11:35:23.733000+00:00,2026-01-06 11:35:24.349785+00:00,323.733,0.175,0.17,0.18,0.825,0.82,0.83,,,,
2026-01-06 11:35:24.866000+00:00,2026-01-06 11:35:25.360198+00:00,324.866,0.175,0.17,0.18,0.825,0.82,0.83,,,,
2026-01-06 11:35:25.677000+00:00,2026-01-06 11:35:26.349738+00:00,325.677,0.175,0.17,0.18,0.825,0.82,0.83,,,,
2026-01-06 11:35:27.064000+00:00,2026-01-06 11:35:27.352288+00:00,327.064,0.18,0.17,0.19,0.815,0.81,0.82,,,,
2026-01-06 11:35:28.063000+00:00,2026-01-06 11:35:28.350013+00:00,328.063,0.185,0.18,0.19,0.815,0.81,0.82,,,,
2026-01-06 11:35:29.079000+00:00,2026-01-06 11:35:29.366004+00:00,329.079,0.225,0.22,0.23,0.775,0.77,0.78,,,,
2026-01-06 11:35:30.068000+00:00,2026-01-06 11:35:30.364863+00:00,330.068,0.2299999999999999,0.22,0.24,0.765,0.76,0.77,,,,
2026-01-06 11:35:31.044000+00:00,2026-01-06 11:35:31.368928+00:00,331.044,0.245,0.24,0.25,0.755,0.75,0.76,,,,
2026-01-06 11:35:32.099000+00:00,2026-01-06 11:35:32.382524+00:00,332.099,0.275,0.27,0.28,0.725,0.72,0.73,,,,
2026-01-06 11:35:33.099000+00:00,2026-01-06 11:35:33.383090+00:00,333.099,0.275,0.27,0.28,0.725,0.72,0.73,,,,
2026-01-06 11:35:34.045000+00:00,2026-01-06 11:35:34.388964+00:00,334.045,0.275,0.27,0.28,0.725,0.72,0.73,,,,
2026-01-06 11:35:35.979000+00:00,2026-01-06 11:35:36.389917+00:00,335.979,0.275,0.27,0.28,0.735,0.73,0.74,,,,
2026-01-06 11:35:37.070000+00:00,2026-01-06 11:35:37.408326+00:00,337.07,0.265,0.26,0.27,0.735,0.73,0.74,,,,
2026-01-06 11:35:38.069000+00:00,2026-01-06 11:35:38.407799+00:00,338.069,0.265,0.26,0.27,0.735,0.73,0.74,,,,
2026-01-06 11:35:39.001000+00:00,2026-01-06 11:35:39.417198+00:00,339.001,0.265,0.26,0.27,0.735,0.73,0.74,,,,
2026-01-06 11:35:40.153000+00:00,2026-01-06 11:35:40.424310+00:00,340.153,0.26,0.25,0.27,0.74,0.73,0.75,,,,
2026-01-06 11:35:41.148000+00:00,2026-01-06 11:35:41.435128+00:00,341.148,0.26,0.25,0.27,0.74,0.73,0.75,,,,
2026-01-06 11:35:42.166000+00:00,2026-01-06 11:35:42.457613+00:00,342.166,0.26,0.25,0.27,0.74,0.73,0.75,,,,
2026-01-06 11:35:43.171000+00:00,2026-01-06 11:35:43.449030+00:00,343.171,0.27,0.26,0.28,0.73,0.72,0.74,,,,
2026-01-06 11:35:44.088000+00:00,2026-01-06 11:35:44.448539+00:00,344.088,0.275,0.27,0.28,0.725,0.72,0.73,,,,
2026-01-06 11:35:45.090000+00:00,2026-01-06 11:35:45.466097+00:00,345.09,0.275,0.27,0.28,0.725,0.72,0.73,,,,
2026-01-06 11:35:46.118000+00:00,2026-01-06 11:35:46.474741+00:00,346.118,0.275,0.27,0.28,0.725,0.72,0.73,,,,
2026-01-06 11:35:47.226000+00:00,2026-01-06 11:35:47.486511+00:00,347.226,0.265,0.26,0.27,0.735,0.73,0.74,,,,
2026-01-06 11:35:48.024000+00:00,2026-01-06 11:35:48.490565+00:00,348.024,0.265,0.26,0.27,0.735,0.73,0.74,,,,
2026-01-06 11:35:49.027000+00:00,2026-01-06 11:35:49.492394+00:00,349.027,0.265,0.26,0.27,0.735,0.73,0.74,,,,
2026-01-06 11:35:50.149000+00:00,2026-01-06 11:35:50.499187+00:00,350.149,0.265,0.26,0.27,0.735,0.73,0.74,,,,
2026-01-06 11:35:51.985000+00:00,2026-01-06 11:35:52.495341+00:00,351.985,0.265,0.26,0.27,0.735,0.73,0.74,,,,
2026-01-06 11:35:53.194000+00:00,2026-01-06 11:35:53.499695+00:00,353.194,0.285,0.28,0.29,0.715,0.71,0.72,,,,
2026-01-06 11:35:54.203000+00:00,2026-01-06 11:35:54.508799+00:00,354.203,0.285,0.28,0.29,0.715,0.71,0.72,,,,
2026-01-06 11:35:55.257000+00:00,2026-01-06 11:35:55.514827+00:00,355.257,0.285,0.28,0.29,0.715,0.71,0.72,,,,
2026-01-06 11:35:56.307000+00:00,2026-01-06 11:35:56.511558+00:00,356.307,0.295,0.29,0.3,0.705,0.7,0.71,,,,
2026-01-06 11:35:57.333000+00:00,2026-01-06 11:35:57.512022+00:00,357.333,0.29,0.28,0.3,0.71,0.7,0.72,,,,
2026-01-06 11:35:58.272000+00:00,2026-01-06 11:35:58.532502+00:00,358.272,0.275,0.26,0.29,0.73,0.72,0.74,,,,
2026-01-06 11:35:59.206000+00:00,2026-01-06 11:35:59.543616+00:00,359.206,0.26,0.25,0.27,0.735,0.73,0.74,,,,
2026-01-06 11:36:00.224000+00:00,2026-01-06 11:36:00.554259+00:00,360.224,0.265,0.26,0.27,0.735,0.73,0.74,,,,
2026-01-06 11:36:01.954000+00:00,2026-01-06 11:36:02.580749+00:00,361.954,0.255,0.25,0.26,0.745,0.74,0.75,,,,
2026-01-06 11:36:03.277000+00:00,2026-01-06 11:36:03.573642+00:00,363.277,0.255,0.25,0.26,0.745,0.74,0.75,,,,
2026-01-06 11:36:04.251000+00:00,2026-01-06 11:36:04.580769+00:00,364.251,0.255,0.25,0.26,0.745,0.74,0.75,,,,
2026-01-06 11:36:05.201000+00:00,2026-01-06 11:36:05.582771+00:00,365.201,0.265,0.26,0.27,0.735,0.73,0.74,,,,
2026-01-06 11:36:06.303000+00:00,2026-01-06 11:36:06.598744+00:00,366.303,0.26,0.25,0.27,0.74,0.73,0.75,,,,
2026-01-06 11:36:07.133000+00:00,2026-01-06 11:36:07.597654+00:00,367.133,0.26,0.25,0.27,0.74,0.73,0.75,,,,
2026-01-06 11:36:08.199000+00:00,2026-01-06 11:36:08.598523+00:00,368.199,0.26,0.25,0.27,0.74,0.73,0.75,,,,
2026-01-06 11:36:09.197000+00:00,2026-01-06 11:36:09.598097+00:00,369.197,0.255,0.25,0.26,0.745,0.74,0.75,,,,
2026-01-06 11:36:10.194000+00:00,2026-01-06 11:36:10.603621+00:00,370.194,0.26,0.25,0.27,0.74,0.73,0.75,,,,
2026-01-06 11:36:11.277000+00:00,2026-01-06 11:36:11.615777+00:00,371.277,0.26,0.25,0.27,0.74,0.73,0.75,,,,
2026-01-06 11:36:12.047000+00:00,2026-01-06 11:36:12.614801+00:00,372.047,0.25,0.24,0.26,0.75,0.74,0.76,,,,
2026-01-06 11:36:13.265000+00:00,2026-01-06 11:36:13.632701+00:00,373.265,0.24,0.23,0.25,0.76,0.75,0.77,,,,
2026-01-06 11:36:14.297000+00:00,2026-01-06 11:36:14.630279+00:00,374.297,0.24,0.23,0.25,0.76,0.75,0.77,,,,
2026-01-06 11:36:15.277000+00:00,2026-01-06 11:36:15.646358+00:00,375.277,0.25,0.24,0.26,0.75,0.74,0.76,,,,
2026-01-06 11:36:16.314000+00:00,2026-01-06 11:36:16.650322+00:00,376.314,0.255,0.25,0.26,0.745,0.74,0.75,,,,
2026-01-06 11:36:17.379000+00:00,2026-01-06 11:36:17.666163+00:00,377.379,0.245,0.23,0.26,0.75,0.74,0.76,,,,
2026-01-06 11:36:18.359000+00:00,2026-01-06 11:36:18.682339+00:00,378.359,0.24,0.23,0.25,0.76,0.75,0.77,,,,
2026-01-06 11:36:19.397000+00:00,2026-01-06 11:36:19.682101+00:00,379.397,0.24,0.23,0.25,0.755,0.75,0.76,,,,
2026-01-06 11:36:20.390000+00:00,2026-01-06 11:36:20.700386+00:00,380.39,0.245,0.24,0.25,0.755,0.75,0.76,,,,
2026-01-06 11:36:21.375000+00:00,2026-01-06 11:36:21.721476+00:00,381.375,0.245,0.24,0.25,0.755,0.75,0.76,,,,
2026-01-06 11:36:22.828000+00:00,2026-01-06 11:36:23.734688+00:00,382.828,0.245,0.24,0.25,0.755,0.75,0.76,,,,
2026-01-06 11:36:24.401000+00:00,2026-01-06 11:36:24.746435+00:00,384.401,0.245,0.24,0.25,0.755,0.75,0.76,,,,
2026-01-06 11:36:25.424000+00:00,2026-01-06 11:36:25.770496+00:00,385.424,0.245,0.24,0.25,0.755,0.75,0.76,,,,
2026-01-06 11:36:26.041000+00:00,2026-01-06 11:36:26.790088+00:00,386.041,0.245,0.24,0.25,0.755,0.75,0.76,,,,
2026-01-06 11:36:27.982000+00:00,2026-01-06 11:36:28.806715+00:00,387.982,0.245,0.24,0.25,0.755,0.75,0.76,,,,
2026-01-06 11:36:29.536000+00:00,2026-01-06 11:36:29.821451+00:00,389.536,0.245,0.24,0.25,0.755,0.75,0.76,,,,
2026-01-06 11:36:30.548000+00:00,2026-01-06 11:36:30.831835+00:00,390.548,0.245,0.24,0.25,0.755,0.75,0.76,,,,
2026-01-06 11:36:31.416000+00:00,2026-01-06 11:36:31.829551+00:00,391.416,0.245,0.24,0.25,0.755,0.75,0.76,,,,
2026-01-06 11:36:32.547000+00:00,2026-01-06 11:36:32.833792+00:00,392.547,0.285,0.28,0.29,0.715,0.71,0.72,,,,
2026-01-06 11:36:33.547000+00:00,2026-01-06 11:36:33.841592+00:00,393.547,0.285,0.28,0.29,0.715,0.71,0.72,,,,
2026-01-06 11:36:34.199000+00:00,2026-01-06 11:36:34.831649+00:00,394.199,0.285,0.28,0.29,0.715,0.71,0.72,,,,
2026-01-06 11:36:35.463000+00:00,2026-01-06 11:36:35.833659+00:00,395.463,0.295,0.29,0.3,0.705,0.7,0.71,,,,
2026-01-06 11:36:36.533000+00:00,2026-01-06 11:36:36.843350+00:00,396.533,0.295,0.29,0.3,0.705,0.7,0.71,,,,
2026-01-06 11:36:37.517000+00:00,2026-01-06 11:36:37.852255+00:00,397.517,0.295,0.29,0.3,0.705,0.7,0.71,,,,
2026-01-06 11:36:38.563000+00:00,2026-01-06 11:36:38.856322+00:00,398.563,0.295,0.29,0.3,0.705,0.7,0.71,,,,
2026-01-06 11:36:39.552000+00:00,2026-01-06 11:36:39.855696+00:00,399.552,0.295,0.29,0.3,0.71,0.7,0.72,,,,
2026-01-06 11:36:40.559000+00:00,2026-01-06 11:36:40.867857+00:00,400.559,0.285,0.28,0.29,0.715,0.71,0.72,,,,
2026-01-06 11:36:41.578000+00:00,2026-01-06 11:36:41.868935+00:00,401.578,0.285,0.28,0.29,0.715,0.71,0.72,,,,
2026-01-06 11:36:42.428000+00:00,2026-01-06 11:36:42.877372+00:00,402.428,0.285,0.28,0.29,0.715,0.71,0.72,,,,
2026-01-06 11:36:43.495000+00:00,2026-01-06 11:36:43.867438+00:00,403.495,0.285,0.28,0.29,0.715,0.71,0.72,,,,
2026-01-06 11:36:44.557000+00:00,2026-01-06 11:36:44.879733+00:00,404.557,0.285,0.28,0.29,0.715,0.71,0.72,,,,
2026-01-06 11:36:45.400000+00:00,2026-01-06 11:36:45.881040+00:00,405.4,0.285,0.28,0.29,0.715,0.71,0.72,,,,
2026-01-06 11:36:46.594000+00:00,2026-01-06 11:36:46.890057+00:00,406.594,0.285,0.28,0.29,0.715,0.71,0.72,,,,
2026-01-06 11:36:47.607000+00:00,2026-01-06 11:36:47.899996+00:00,407.607,0.285,0.28,0.29,0.715,0.71,0.72,,,,
2026-01-06 11:36:48.632000+00:00,2026-01-06 11:36:48.921227+00:00,408.632,0.265,0.26,0.27,0.725,0.72,0.73,,,,
2026-01-06 11:36:49.648000+00:00,2026-01-06 11:36:49.937291+00:00,409.648,0.345,0.34,0.35,0.655,0.65,0.66,,,,
2026-01-06 11:36:50.654000+00:00,2026-01-06 11:36:50.947828+00:00,410.654,0.345,0.34,0.35,0.655,0.65,0.66,,,,
2026-01-06 11:36:51.663000+00:00,2026-01-06 11:36:51.964148+00:00,411.663,0.345,0.34,0.35,0.655,0.65,0.66,,,,
2026-01-06 11:36:52.502000+00:00,2026-01-06 11:36:52.963224+00:00,412.502,0.345,0.34,0.35,0.665,0.66,0.67,,,,
2026-01-06 11:36:53.678000+00:00,2026-01-06 11:36:53.962191+00:00,413.678,0.335,0.33,0.34,0.665,0.66,0.67,,,,
2026-01-06 11:36:54.687000+00:00,2026-01-06 11:36:54.971331+00:00,414.687,0.335,0.33,0.34,0.665,0.66,0.67,,,,
2026-01-06 11:36:55.617000+00:00,2026-01-06 11:36:55.980020+00:00,415.617,0.335,0.33,0.34,0.665,0.66,0.67,,,,
2026-01-06 11:36:56.682000+00:00,2026-01-06 11:36:56.980186+00:00,416.682,0.335,0.33,0.34,0.665,0.66,0.67,,,,
2026-01-06 11:36:57.668000+00:00,2026-01-06 11:36:57.993077+00:00,417.668,0.315,0.31,0.32,0.685,0.68,0.69,,,,
2026-01-06 11:36:58.583000+00:00,2026-01-06 11:36:58.996753+00:00,418.583,0.315,0.31,0.32,0.685,0.68,0.69,,,,
2026-01-06 11:36:59.622000+00:00,2026-01-06 11:37:00.002903+00:00,419.622,0.315,0.31,0.32,0.685,0.68,0.69,,,,
2026-01-06 11:37:00.653000+00:00,2026-01-06 11:37:01.016634+00:00,420.653,0.315,0.31,0.32,0.685,0.68,0.69,,,,
2026-01-06 11:37:01.664000+00:00,2026-01-06 11:37:02.013941+00:00,421.664,0.315,0.31,0.32,0.685,0.68,0.69,,,,
2026-01-06 11:37:02.722000+00:00,2026-01-06 11:37:03.013510+00:00,422.722,0.315,0.31,0.32,0.685,0.68,0.69,,,,
2026-01-06 11:37:03.758000+00:00,2026-01-06 11:37:04.042287+00:00,423.758,0.345,0.34,0.35,0.655,0.65,0.66,,,,
2026-01-06 11:37:04.748000+00:00,2026-01-06 11:37:05.047112+00:00,424.748,0.365,0.36,0.37,0.64,0.63,0.65,,,,
2026-01-06 11:37:05.728000+00:00,2026-01-06 11:37:06.045029+00:00,425.728,0.355,0.35,0.36,0.645,0.64,0.65,,,,
2026-01-06 11:37:06.682000+00:00,2026-01-06 11:37:07.066907+00:00,426.682,0.355,0.35,0.36,0.645,0.64,0.65,,,,
2026-01-06 11:37:07.773000+00:00,2026-01-06 11:37:08.083954+00:00,427.773,0.345,0.34,0.35,0.655,0.65,0.66,,,,
2026-01-06 11:37:08.791000+00:00,2026-01-06 11:37:09.082064+00:00,428.791,0.345,0.34,0.35,0.655,0.65,0.66,,,,
2026-01-06 11:37:09.801000+00:00,2026-01-06 11:37:10.092799+00:00,429.801,0.325,0.32,0.33,0.695,0.69,0.7,,,,
2026-01-06 11:37:10.659000+00:00,2026-01-06 11:37:11.096816+00:00,430.659,0.305,0.3,0.31,0.695,0.69,0.7,,,,
2026-01-06 11:37:11.799000+00:00,2026-01-06 11:37:12.084226+00:00,431.799,0.305,0.3,0.31,0.695,0.69,0.7,,,,
2026-01-06 11:37:12.813000+00:00,2026-01-06 11:37:13.084805+00:00,432.813,0.285,0.28,0.29,0.735,0.72,0.75,,,,
2026-01-06 11:37:13.758000+00:00,2026-01-06 11:37:14.087256+00:00,433.758,0.265,0.26,0.27,0.735,0.73,0.74,,,,
2026-01-06 11:37:14.790000+00:00,2026-01-06 11:37:15.096834+00:00,434.79,0.265,0.26,0.27,0.735,0.73,0.74,,,,
2026-01-06 11:37:15.812000+00:00,2026-01-06 11:37:16.103658+00:00,435.812,0.265,0.26,0.27,0.735,0.73,0.74,,,,
2026-01-06 11:37:16.787000+00:00,2026-01-06 11:37:17.103802+00:00,436.787,0.265,0.26,0.27,0.735,0.73,0.74,,,,
2026-01-06 11:37:17.667000+00:00,2026-01-06 11:37:18.111959+00:00,437.667,0.265,0.26,0.27,0.735,0.73,0.74,,,,
2026-01-06 11:37:18.667000+00:00,2026-01-06 11:37:19.127807+00:00,438.667,0.265,0.26,0.27,0.735,0.73,0.74,,,,
2026-01-06 11:37:19.763000+00:00,2026-01-06 11:37:20.146356+00:00,439.763,0.265,0.26,0.27,0.735,0.73,0.74,,,,
2026-01-06 11:37:20.613000+00:00,2026-01-06 11:37:21.157574+00:00,440.613,0.265,0.26,0.27,0.735,0.73,0.74,,,,
2026-01-06 11:37:21.859000+00:00,2026-01-06 11:37:22.163041+00:00,441.859,0.26,0.25,0.27,0.74,0.73,0.75,,,,
2026-01-06 11:37:22.866000+00:00,2026-01-06 11:37:23.162327+00:00,442.866,0.265,0.26,0.27,0.73,0.72,0.74,,,,
2026-01-06 11:37:23.818000+00:00,2026-01-06 11:37:24.162885+00:00,443.818,0.27,0.26,0.28,0.73,0.72,0.74,,,,
2026-01-06 11:37:24.556000+00:00,2026-01-06 11:37:25.174123+00:00,444.556,0.27,0.26,0.28,0.73,0.72,0.74,,,,
2026-01-06 11:37:25.897000+00:00,2026-01-06 11:37:26.193561+00:00,445.897,0.26,0.25,0.27,0.74,0.73,0.75,,,,
2026-01-06 11:37:26.778000+00:00,2026-01-06 11:37:27.210812+00:00,446.778,0.26,0.25,0.27,0.74,0.73,0.75,,,,
2026-01-06 11:37:27.906000+00:00,2026-01-06 11:37:28.223966+00:00,447.906,0.26,0.25,0.27,0.74,0.73,0.75,,,,
2026-01-06 11:37:28.882000+00:00,2026-01-06 11:37:29.223269+00:00,448.882,0.26,0.25,0.27,0.74,0.73,0.75,,,,
2026-01-06 11:37:29.938000+00:00,2026-01-06 11:37:30.252095+00:00,449.938,0.26,0.25,0.27,0.74,0.73,0.75,,,,
2026-01-06 11:37:30.955000+00:00,2026-01-06 11:37:31.254091+00:00,450.955,0.265,0.26,0.27,0.735,0.73,0.74,,,,
2026-01-06 11:37:31.968000+00:00,2026-01-06 11:37:32.266378+00:00,451.968,0.265,0.26,0.27,0.725,0.72,0.73,,,,
2026-01-06 11:37:32.827000+00:00,2026-01-06 11:37:33.273757+00:00,452.827,0.275,0.27,0.28,0.725,0.72,0.73,,,,
2026-01-06 11:37:33.991000+00:00,2026-01-06 11:37:34.278927+00:00,453.991,0.26,0.25,0.27,0.74,0.73,0.75,,,,
2026-01-06 11:37:34.987000+00:00,2026-01-06 11:37:35.283753+00:00,454.987,0.235,0.23,0.24,0.765,0.76,0.77,,,,
2026-01-06 11:37:36.994000+00:00,2026-01-06 11:37:37.305948+00:00,456.994,0.255,0.25,0.26,0.745,0.74,0.75,,,,
2026-01-06 11:37:37.998000+00:00,2026-01-06 11:37:38.306995+00:00,457.998,0.255,0.25,0.26,0.745,0.74,0.75,,,,
2026-01-06 11:37:39.006000+00:00,2026-01-06 11:37:39.315925+00:00,459.006,0.255,0.25,0.26,0.745,0.74,0.75,,,,
2026-01-06 11:37:40.045000+00:00,2026-01-06 11:37:40.333139+00:00,460.045,0.245,0.24,0.25,0.755,0.75,0.76,,,,
2026-01-06 11:37:41.994000+00:00,2026-01-06 11:37:42.344075+00:00,461.994,0.245,0.24,0.25,0.755,0.75,0.76,,,,
2026-01-06 11:37:43.021000+00:00,2026-01-06 11:37:43.352156+00:00,463.021,0.245,0.24,0.25,0.755,0.75,0.76,,,,
2026-01-06 11:37:44.022000+00:00,2026-01-06 11:37:44.350668+00:00,464.022,0.25,0.24,0.26,0.75,0.74,0.76,,,,
2026-01-06 11:37:45.035000+00:00,2026-01-06 11:37:45.355597+00:00,465.035,0.25,0.24,0.26,0.75,0.74,0.76,,,,
2026-01-06 11:37:46.023000+00:00,2026-01-06 11:37:46.363451+00:00,466.023,0.25,0.24,0.26,0.75,0.74,0.76,,,,
2026-01-06 11:37:47.993000+00:00,2026-01-06 11:37:48.377577+00:00,467.993,0.25,0.24,0.26,0.75,0.74,0.76,,,,
2026-01-06 11:37:48.870000+00:00,2026-01-06 11:37:49.379888+00:00,468.87,0.245,0.24,0.25,0.755,0.75,0.76,,,,
2026-01-06 11:37:49.841000+00:00,2026-01-06 11:37:50.394826+00:00,469.841,0.245,0.24,0.25,0.755,0.75,0.76,,,,
2026-01-06 11:37:51.100000+00:00,2026-01-06 11:37:51.409910+00:00,471.1,0.245,0.24,0.25,0.755,0.75,0.76,,,,
2026-01-06 11:37:52.112000+00:00,2026-01-06 11:37:52.401662+00:00,472.112,0.245,0.24,0.25,0.755,0.75,0.76,,,,
2026-01-06 11:37:53.065000+00:00,2026-01-06 11:37:53.394662+00:00,473.065,0.205,0.2,0.21,0.795,0.79,0.8,,,,
2026-01-06 11:37:54.120000+00:00,2026-01-06 11:37:54.409878+00:00,474.12,0.205,0.2,0.21,0.795,0.79,0.8,,,,
2026-01-06 11:37:55.136000+00:00,2026-01-06 11:37:55.421489+00:00,475.136,0.215,0.21,0.22,0.785,0.78,0.79,,,,
2026-01-06 11:37:56.133000+00:00,2026-01-06 11:37:56.426590+00:00,476.133,0.225,0.22,0.23,0.775,0.77,0.78,,,,
2026-01-06 11:37:57.027000+00:00,2026-01-06 11:37:57.426531+00:00,477.027,0.235,0.23,0.24,0.765,0.76,0.77,,,,
2026-01-06 11:37:58.056000+00:00,2026-01-06 11:37:58.441602+00:00,478.056,0.235,0.23,0.24,0.765,0.76,0.77,,,,
2026-01-06 11:37:59.138000+00:00,2026-01-06 11:37:59.436547+00:00,479.138,0.235,0.23,0.24,0.765,0.76,0.77,,,,
2026-01-06 11:38:00.069000+00:00,2026-01-06 11:38:00.455205+00:00,480.069,0.235,0.23,0.24,0.765,0.76,0.77,,,,
2026-01-06 11:38:01.220000+00:00,2026-01-06 11:38:01.458579+00:00,481.22,0.235,0.23,0.24,0.765,0.76,0.77,,,,
2026-01-06 11:38:02.161000+00:00,2026-01-06 11:38:02.451153+00:00,482.161,0.28,0.27,0.29,0.72,0.71,0.73,,,,
2026-01-06 11:38:03.149000+00:00,2026-01-06 11:38:03.462925+00:00,483.149,0.28,0.27,0.29,0.72,0.71,0.73,,,,
2026-01-06 11:38:04.104000+00:00,2026-01-06 11:38:04.476543+00:00,484.104,0.28,0.27,0.29,0.72,0.71,0.73,,,,
2026-01-06 11:38:05.207000+00:00,2026-01-06 11:38:05.494637+00:00,485.207,0.28,0.27,0.29,0.72,0.71,0.73,,,,
2026-01-06 11:38:06.173000+00:00,2026-01-06 11:38:06.508391+00:00,486.173,0.275,0.27,0.28,0.725,0.72,0.73,,,,
2026-01-06 11:38:07.225000+00:00,2026-01-06 11:38:07.528103+00:00,487.225,0.27,0.26,0.28,0.73,0.72,0.74,,,,
2026-01-06 11:38:08.189000+00:00,2026-01-06 11:38:08.529201+00:00,488.189,0.28,0.27,0.29,0.72,0.71,0.73,,,,
2026-01-06 11:38:09.205000+00:00,2026-01-06 11:38:09.535986+00:00,489.205,0.285,0.28,0.29,0.715,0.71,0.72,,,,
2026-01-06 11:38:10.243000+00:00,2026-01-06 11:38:10.538519+00:00,490.243,0.285,0.28,0.29,0.715,0.71,0.72,,,,
2026-01-06 11:38:11.077000+00:00,2026-01-06 11:38:11.543299+00:00,491.077,0.285,0.28,0.29,0.715,0.71,0.72,,,,
2026-01-06 11:38:12.002000+00:00,2026-01-06 11:38:12.542826+00:00,492.002,0.285,0.28,0.29,0.715,0.71,0.72,,,,
2026-01-06 11:38:13.249000+00:00,2026-01-06 11:38:13.550618+00:00,493.249,0.285,0.28,0.29,0.715,0.71,0.72,,,,
2026-01-06 11:38:14.270000+00:00,2026-01-06 11:38:14.575793+00:00,494.27,0.285,0.28,0.29,0.715,0.71,0.72,,,,
2026-01-06 11:38:15.288000+00:00,2026-01-06 11:38:15.596315+00:00,495.288,0.285,0.28,0.29,0.715,0.71,0.72,,,,
2026-01-06 11:38:16.268000+00:00,2026-01-06 11:38:16.615032+00:00,496.268,0.27,0.26,0.28,0.73,0.72,0.74,,,,
2026-01-06 11:38:17.266000+00:00,2026-01-06 11:38:17.626896+00:00,497.266,0.27,0.26,0.28,0.73,0.72,0.74,,,,
2026-01-06 11:38:18.761000+00:00,2026-01-06 11:38:19.643673+00:00,498.761,0.27,0.26,0.28,0.73,0.72,0.74,,,,
2026-01-06 11:38:20.284000+00:00,2026-01-06 11:38:20.662732+00:00,500.284,0.27,0.26,0.28,0.73,0.72,0.74,,,,
2026-01-06 11:38:21.638000+00:00,2026-01-06 11:38:22.693660+00:00,501.638,0.275,0.27,0.28,0.725,0.72,0.73,,,,
2026-01-06 11:38:23.204000+00:00,2026-01-06 11:38:23.700874+00:00,503.204,0.275,0.27,0.28,0.725,0.72,0.73,,,,
2026-01-06 11:38:24.272000+00:00,2026-01-06 11:38:24.706834+00:00,504.272,0.275,0.27,0.28,0.725,0.72,0.73,,,,
2026-01-06 11:38:25.306000+00:00,2026-01-06 11:38:25.725087+00:00,505.306,0.27,0.26,0.28,0.73,0.72,0.74,,,,
2026-01-06 11:38:26.053000+00:00,2026-01-06 11:38:26.743451+00:00,506.053,0.27,0.26,0.28,0.73,0.72,0.74,,,,
2026-01-06 11:38:27.273000+00:00,2026-01-06 11:38:27.759026+00:00,507.273,0.27,0.26,0.28,0.725,0.72,0.73,,,,
2026-01-06 11:38:28.403000+00:00,2026-01-06 11:38:28.777104+00:00,508.403,0.27,0.26,0.28,0.73,0.72,0.74,,,,
2026-01-06 11:38:29.490000+00:00,2026-01-06 11:38:29.792311+00:00,509.49,0.27,0.26,0.28,0.73,0.72,0.74,,,,
2026-01-06 11:38:30.512000+00:00,2026-01-06 11:38:30.797269+00:00,510.512,0.265,0.26,0.27,0.735,0.73,0.74,,,,
2026-01-06 11:38:31.516000+00:00,2026-01-06 11:38:31.804312+00:00,511.516,0.255,0.25,0.26,0.745,0.74,0.75,,,,
2026-01-06 11:38:32.511000+00:00,2026-01-06 11:38:32.809291+00:00,512.511,0.25,0.24,0.26,0.75,0.74,0.76,,,,
2026-01-06 11:38:33.520000+00:00,2026-01-06 11:38:33.820847+00:00,513.52,0.245,0.24,0.25,0.755,0.75,0.76,,,,
2026-01-06 11:38:34.269000+00:00,2026-01-06 11:38:34.835814+00:00,514.269,0.245,0.24,0.25,0.755,0.75,0.76,,,,
2026-01-06 11:38:35.556000+00:00,2026-01-06 11:38:35.842321+00:00,515.556,0.295,0.29,0.3,0.705,0.7,0.71,,,,
2026-01-06 11:38:36.558000+00:00,2026-01-06 11:38:36.843352+00:00,516.558,0.305,0.3,0.31,0.695,0.69,0.7,,,,
2026-01-06 11:38:37.566000+00:00,2026-01-06 11:38:37.842955+00:00,517.566,0.335,0.33,0.34,0.665,0.66,0.67,,,,
2026-01-06 11:38:38.555000+00:00,2026-01-06 11:38:38.842575+00:00,518.555,0.385,0.38,0.39,0.615,0.61,0.62,,,,
2026-01-06 11:38:39.556000+00:00,2026-01-06 11:38:39.852390+00:00,519.556,0.385,0.38,0.39,0.615,0.61,0.62,,,,
2026-01-06 11:38:40.581000+00:00,2026-01-06 11:38:40.876721+00:00,520.581,0.385,0.38,0.39,0.615,0.61,0.62,,,,
2026-01-06 11:38:41.608000+00:00,2026-01-06 11:38:41.895279+00:00,521.608,0.375,0.37,0.38,0.625,0.62,0.63,,,,
2026-01-06 11:38:42.603000+00:00,2026-01-06 11:38:42.909551+00:00,522.603,0.385,0.38,0.39,0.615,0.61,0.62,,,,
2026-01-06 11:38:43.615000+00:00,2026-01-06 11:38:43.910046+00:00,523.615,0.405,0.4,0.41,0.595,0.59,0.6,,,,
2026-01-06 11:38:44.602000+00:00,2026-01-06 11:38:44.928191+00:00,524.602,0.405,0.4,0.41,0.595,0.59,0.6,,,,
2026-01-06 11:38:45.641000+00:00,2026-01-06 11:38:45.931964+00:00,525.641,0.4,0.39,0.41,0.605,0.6,0.61,,,,
2026-01-06 11:38:46.653000+00:00,2026-01-06 11:38:46.942741+00:00,526.653,0.395,0.39,0.4,0.605,0.6,0.61,,,,
2026-01-06 11:38:47.662000+00:00,2026-01-06 11:38:47.951127+00:00,527.662,0.405,0.4,0.41,0.595,0.59,0.6,,,,
2026-01-06 11:38:48.634000+00:00,2026-01-06 11:38:48.947351+00:00,528.634,0.405,0.4,0.41,0.595,0.59,0.6,,,,
2026-01-06 11:38:49.662000+00:00,2026-01-06 11:38:49.954885+00:00,529.662,0.405,0.4,0.41,0.595,0.59,0.6,,,,
2026-01-06 11:38:50.521000+00:00,2026-01-06 11:38:50.948332+00:00,530.521,0.405,0.4,0.41,0.595,0.59,0.6,,,,
2026-01-06 11:38:51.662000+00:00,2026-01-06 11:38:51.954372+00:00,531.662,0.395,0.39,0.4,0.605,0.6,0.61,,,,
2026-01-06 11:38:52.691000+00:00,2026-01-06 11:38:52.976236+00:00,532.691,0.4,0.39,0.41,0.595,0.59,0.6,,,,
2026-01-06 11:38:53.588000+00:00,2026-01-06 11:38:53.986423+00:00,533.588,0.415,0.41,0.42,0.585,0.58,0.59,,,,
2026-01-06 11:38:54.664000+00:00,2026-01-06 11:38:54.996375+00:00,534.664,0.405,0.4,0.41,0.595,0.59,0.6,,,,
2026-01-06 11:38:55.715000+00:00,2026-01-06 11:38:56.000769+00:00,535.715,0.415,0.41,0.42,0.585,0.58,0.59,,,,
2026-01-06 11:38:56.715000+00:00,2026-01-06 11:38:57.015028+00:00,536.715,0.435,0.43,0.44,0.565,0.56,0.57,,,,
2026-01-06 11:38:57.739000+00:00,2026-01-06 11:38:58.028757+00:00,537.739,0.425,0.42,0.43,0.575,0.57,0.58,,,,
2026-01-06 11:38:58.737000+00:00,2026-01-06 11:38:59.043957+00:00,538.737,0.425,0.42,0.43,0.575,0.57,0.58,,,,
2026-01-06 11:38:59.770000+00:00,2026-01-06 11:39:00.041555+00:00,539.77,0.425,0.42,0.43,0.575,0.57,0.58,,,,
2026-01-06 11:39:00.692000+00:00,2026-01-06 11:39:01.036587+00:00,540.692,0.425,0.42,0.43,0.575,0.57,0.58,,,,
2026-01-06 11:39:01.753000+00:00,2026-01-06 11:39:02.042475+00:00,541.753,0.415,0.41,0.42,0.585,0.58,0.59,,,,
2026-01-06 11:39:02.661000+00:00,2026-01-06 11:39:03.044798+00:00,542.661,0.395,0.39,0.4,0.605,0.6,0.61,,,,
2026-01-06 11:39:03.799000+00:00,2026-01-06 11:39:04.044012+00:00,543.799,0.395,0.39,0.4,0.605,0.6,0.61,,,,
2026-01-06 11:39:04.683000+00:00,2026-01-06 11:39:05.064170+00:00,544.683,0.375,0.37,0.38,0.625,0.62,0.63,,,,
2026-01-06 11:39:05.730000+00:00,2026-01-06 11:39:06.064596+00:00,545.73,0.405,0.4,0.41,0.595,0.59,0.6,,,,
2026-01-06 11:39:06.679000+00:00,2026-01-06 11:39:07.081260+00:00,546.679,0.405,0.4,0.41,0.595,0.59,0.6,,,,
2026-01-06 11:39:07.808000+00:00,2026-01-06 11:39:08.098278+00:00,547.808,0.405,0.4,0.41,0.595,0.59,0.6,,,,
2026-01-06 11:39:08.888000+00:00,2026-01-06 11:39:09.124448+00:00,548.888,0.385,0.38,0.39,0.615,0.61,0.62,,,,
2026-01-06 11:39:09.871000+00:00,2026-01-06 11:39:10.123259+00:00,549.871,0.385,0.38,0.39,0.615,0.61,0.62,,,,
2026-01-06 11:39:10.846000+00:00,2026-01-06 11:39:11.131455+00:00,550.846,0.335,0.33,0.34,0.665,0.66,0.67,,,,
2026-01-06 11:39:11.851000+00:00,2026-01-06 11:39:12.146908+00:00,551.851,0.325,0.32,0.33,0.655,0.64,0.67,,,,
2026-01-06 11:39:12.865000+00:00,2026-01-06 11:39:13.154341+00:00,552.865,0.345,0.34,0.35,0.655,0.65,0.66,,,,
2026-01-06 11:39:13.861000+00:00,2026-01-06 11:39:14.158338+00:00,553.861,0.335,0.33,0.34,0.665,0.66,0.67,,,,
2026-01-06 11:39:14.751000+00:00,2026-01-06 11:39:15.155644+00:00,554.751,0.335,0.33,0.34,0.67,0.66,0.68,,,,
2026-01-06 11:39:15.847000+00:00,2026-01-06 11:39:16.163140+00:00,555.847,0.325,0.32,0.33,0.675,0.67,0.68,,,,
2026-01-06 11:39:16.863000+00:00,2026-01-06 11:39:17.174833+00:00,556.863,0.335,0.33,0.34,0.66,0.65,0.67,,,,
2026-01-06 11:39:17.642000+00:00,2026-01-06 11:39:18.176854+00:00,557.642,0.3399999999999999,0.33,0.35,0.66,0.65,0.67,,,,
2026-01-06 11:39:18.836000+00:00,2026-01-06 11:39:19.178996+00:00,558.836,0.335,0.33,0.34,0.665,0.66,0.67,,,,
2026-01-06 11:39:19.903000+00:00,2026-01-06 11:39:20.193716+00:00,559.903,0.335,0.33,0.34,0.665,0.66,0.67,,,,
2026-01-06 11:39:20.921000+00:00,2026-01-06 11:39:21.209773+00:00,560.921,0.415,0.41,0.42,0.58,0.57,0.59,,,,
2026-01-06 11:39:21.910000+00:00,2026-01-06 11:39:22.230975+00:00,561.91,0.425,0.42,0.43,0.575,0.57,0.58,,,,
2026-01-06 11:39:22.884000+00:00,2026-01-06 11:39:23.229522+00:00,562.884,0.445,0.44,0.45,0.555,0.55,0.56,,,,
2026-01-06 11:39:23.907000+00:00,2026-01-06 11:39:24.230089+00:00,563.907,0.445,0.44,0.45,0.555,0.55,0.56,,,,
2026-01-06 11:39:24.915000+00:00,2026-01-06 11:39:25.253525+00:00,564.915,0.445,0.44,0.45,0.555,0.55,0.56,,,,
2026-01-06 11:39:25.979000+00:00,2026-01-06 11:39:26.262554+00:00,565.979,0.445,0.44,0.45,0.555,0.55,0.56,,,,
2026-01-06 11:39:26.940000+00:00,2026-01-06 11:39:27.278625+00:00,566.94,0.425,0.42,0.43,0.575,0.57,0.58,,,,
2026-01-06 11:39:28.969000+00:00,2026-01-06 11:39:29.306186+00:00,568.969,0.42,0.41,0.43,0.58,0.57,0.59,,,,
2026-01-06 11:39:30.016000+00:00,2026-01-06 11:39:30.309543+00:00,570.016,0.365,0.36,0.37,0.635,0.63,0.64,,,,
2026-01-06 11:39:31.953000+00:00,2026-01-06 11:39:32.306893+00:00,571.953,0.385,0.38,0.39,0.615,0.61,0.62,,,,
2026-01-06 11:39:33.007000+00:00,2026-01-06 11:39:33.306833+00:00,573.007,0.335,0.33,0.34,0.665,0.66,0.67,,,,
2026-01-06 11:39:34.020000+00:00,2026-01-06 11:39:34.308230+00:00,574.02,0.345,0.34,0.35,0.655,0.65,0.66,,,,
2026-01-06 11:39:35.004000+00:00,2026-01-06 11:39:35.325889+00:00,575.004,0.345,0.34,0.35,0.655,0.65,0.66,,,,
2026-01-06 11:39:36.046000+00:00,2026-01-06 11:39:36.338313+00:00,576.046,0.345,0.34,0.35,0.655,0.65,0.66,,,,
2026-01-06 11:39:37.057000+00:00,2026-01-06 11:39:37.346531+00:00,577.057,0.345,0.34,0.35,0.655,0.65,0.66,,,,
2026-01-06 11:39:38.035000+00:00,2026-01-06 11:39:38.343047+00:00,578.035,0.265,0.26,0.27,0.735,0.73,0.74,,,,
2026-01-06 11:39:39.056000+00:00,2026-01-06 11:39:39.352851+00:00,579.056,0.27,0.26,0.28,0.725,0.72,0.73,,,,
2026-01-06 11:39:40.088000+00:00,2026-01-06 11:39:40.377408+00:00,580.088,0.275,0.27,0.28,0.725,0.72,0.73,,,,
2026-01-06 11:39:41.084000+00:00,2026-01-06 11:39:41.395201+00:00,581.084,0.255,0.25,0.26,0.745,0.74,0.75,,,,
2026-01-06 11:39:42.126000+00:00,2026-01-06 11:39:42.413230+00:00,582.126,0.245,0.24,0.25,0.755,0.75,0.76,,,,
2026-01-06 11:39:43.048000+00:00,2026-01-06 11:39:43.423652+00:00,583.048,0.235,0.23,0.24,0.765,0.76,0.77,,,,
2026-01-06 11:39:44.151000+00:00,2026-01-06 11:39:44.428936+00:00,584.151,0.24,0.23,0.25,0.76,0.75,0.77,,,,
2026-01-06 11:39:45.163000+00:00,2026-01-06 11:39:45.460609+00:00,585.163,0.235,0.23,0.24,0.765,0.76,0.77,,,,
2026-01-06 11:39:46.185000+00:00,2026-01-06 11:39:46.476212+00:00,586.185,0.235,0.23,0.24,0.765,0.76,0.77,,,,
2026-01-06 11:39:47.143000+00:00,2026-01-06 11:39:47.481451+00:00,587.143,0.225,0.22,0.23,0.775,0.77,0.78,,,,
2026-01-06 11:39:48.205000+00:00,2026-01-06 11:39:48.487996+00:00,588.205,0.225,0.22,0.23,0.775,0.77,0.78,,,,
2026-01-06 11:39:49.207000+00:00,2026-01-06 11:39:49.509015+00:00,589.207,0.225,0.22,0.23,0.765,0.76,0.77,,,,
2026-01-06 11:39:50.215000+00:00,2026-01-06 11:39:50.527336+00:00,590.215,0.245,0.24,0.25,0.755,0.75,0.76,,,,
2026-01-06 11:39:51.228000+00:00,2026-01-06 11:39:51.540519+00:00,591.228,0.24,0.23,0.25,0.76,0.75,0.77,,,,
2026-01-06 11:39:52.160000+00:00,2026-01-06 11:39:52.544728+00:00,592.16,0.24,0.23,0.25,0.76,0.75,0.77,,,,
2026-01-06 11:39:53.169000+00:00,2026-01-06 11:39:53.538955+00:00,593.169,0.245,0.24,0.25,0.755,0.75,0.76,,,,
2026-01-06 11:39:54.246000+00:00,2026-01-06 11:39:54.544358+00:00,594.246,0.245,0.24,0.25,0.755,0.75,0.76,,,,
2026-01-06 11:39:55.252000+00:00,2026-01-06 11:39:55.550861+00:00,595.252,0.245,0.24,0.25,0.755,0.75,0.76,,,,
2026-01-06 11:39:56.114000+00:00,2026-01-06 11:39:56.567907+00:00,596.114,0.245,0.24,0.25,0.755,0.75,0.76,,,,
2026-01-06 11:39:57.270000+00:00,2026-01-06 11:39:57.574634+00:00,597.27,0.25,0.24,0.26,0.745,0.74,0.75,,,,
2026-01-06 11:39:58.279000+00:00,2026-01-06 11:39:58.577113+00:00,598.279,0.255,0.25,0.26,0.745,0.74,0.75,,,,
2026-01-06 11:39:59.253000+00:00,2026-01-06 11:39:59.573916+00:00,599.253,0.295,0.29,0.3,0.705,0.7,0.71,,,,
2026-01-06 11:40:00.168000+00:00,2026-01-06 11:40:00.587231+00:00,600.168,0.29,0.28,0.3,0.715,0.71,0.72,,,,
2026-01-06 11:40:01.263000+00:00,2026-01-06 11:40:01.588821+00:00,601.263,0.285,0.28,0.29,0.715,0.71,0.72,,,,
2026-01-06 11:40:02.300000+00:00,2026-01-06 11:40:02.590345+00:00,602.3,0.295,0.28,0.31,0.6799999999999999,0.64,0.72,,,,
2026-01-06 11:40:03.268000+00:00,2026-01-06 11:40:03.606059+00:00,603.268,0.385,0.38,0.39,0.615,0.61,0.62,,,,
2026-01-06 11:40:04.328000+00:00,2026-01-06 11:40:04.620524+00:00,604.328,0.385,0.38,0.39,0.615,0.61,0.62,,,,
2026-01-06 11:40:05.318000+00:00,2026-01-06 11:40:05.641527+00:00,605.318,0.415,0.41,0.42,0.585,0.58,0.59,,,,
2026-01-06 11:40:06.346000+00:00,2026-01-06 11:40:06.639140+00:00,606.346,0.44,0.43,0.45,0.56,0.55,0.57,,,,
2026-01-06 11:40:07.310000+00:00,2026-01-06 11:40:07.646489+00:00,607.31,0.455,0.45,0.46,0.545,0.54,0.55,,,,
2026-01-06 11:40:08.353000+00:00,2026-01-06 11:40:08.662826+00:00,608.353,0.455,0.45,0.46,0.545,0.54,0.55,,,,
2026-01-06 11:40:09.346000+00:00,2026-01-06 11:40:09.664265+00:00,609.346,0.45,0.44,0.46,0.55,0.54,0.56,,,,
2026-01-06 11:40:10.364000+00:00,2026-01-06 11:40:10.656151+00:00,610.364,0.445,0.44,0.45,0.555,0.55,0.56,,,,
2026-01-06 11:40:11.369000+00:00,2026-01-06 11:40:11.658962+00:00,611.369,0.345,0.34,0.35,0.655,0.65,0.66,,,,
2026-01-06 11:40:12.355000+00:00,2026-01-06 11:40:12.662308+00:00,612.355,0.35,0.34,0.36,0.645,0.64,0.65,,,,
2026-01-06 11:40:13.379000+00:00,2026-01-06 11:40:13.675434+00:00,613.379,0.35,0.34,0.36,0.65,0.64,0.66,,,,
2026-01-06 11:40:14.436000+00:00,2026-01-06 11:40:14.687430+00:00,614.436,0.39,0.38,0.4,0.61,0.6,0.62,,,,
2026-01-06 11:40:15.345000+00:00,2026-01-06 11:40:15.695985+00:00,615.345,0.395,0.39,0.4,0.605,0.6,0.61,,,,
2026-01-06 11:40:16.406000+00:00,2026-01-06 11:40:16.702744+00:00,616.406,0.395,0.39,0.4,0.605,0.6,0.61,,,,
2026-01-06 11:40:17.231000+00:00,2026-01-06 11:40:17.704335+00:00,617.231,0.395,0.39,0.4,0.605,0.6,0.61,,,,
2026-01-06 11:40:18.359000+00:00,2026-01-06 11:40:18.701275+00:00,618.359,0.385,0.38,0.39,0.615,0.61,0.62,,,,
2026-01-06 11:40:19.333000+00:00,2026-01-06 11:40:19.707995+00:00,619.333,0.385,0.38,0.39,0.615,0.61,0.62,,,,
2026-01-06 11:40:20.434000+00:00,2026-01-06 11:40:20.720819+00:00,620.434,0.38,0.37,0.39,0.62,0.61,0.63,,,,
2026-01-06 11:40:21.439000+00:00,2026-01-06 11:40:21.722792+00:00,621.439,0.385,0.38,0.39,0.615,0.61,0.62,,,,
2026-01-06 11:40:22.413000+00:00,2026-01-06 11:40:22.719491+00:00,622.413,0.385,0.38,0.39,0.615,0.61,0.62,,,,
2026-01-06 11:40:23.273000+00:00,2026-01-06 11:40:23.722559+00:00,623.273,0.385,0.38,0.39,0.615,0.61,0.62,,,,
2026-01-06 11:40:24.446000+00:00,2026-01-06 11:40:24.735404+00:00,624.446,0.385,0.38,0.39,0.615,0.61,0.62,,,,
2026-01-06 11:40:25.395000+00:00,2026-01-06 11:40:25.747887+00:00,625.395,0.38,0.37,0.39,0.62,0.61,0.63,,,,
2026-01-06 11:40:26.443000+00:00,2026-01-06 11:40:26.758641+00:00,626.443,0.38,0.37,0.39,0.62,0.61,0.63,,,,
2026-01-06 11:40:27.373000+00:00,2026-01-06 11:40:27.759393+00:00,627.373,0.38,0.37,0.39,0.62,0.61,0.63,,,,
2026-01-06 11:40:28.127000+00:00,2026-01-06 11:40:28.759959+00:00,628.127,0.38,0.37,0.39,0.62,0.61,0.63,,,,
2026-01-06 11:40:29.271000+00:00,2026-01-06 11:40:29.773663+00:00,629.271,0.38,0.37,0.39,0.62,0.61,0.63,,,,
2026-01-06 11:40:30.508000+00:00,2026-01-06 11:40:30.786604+00:00,630.508,0.385,0.38,0.39,0.615,0.61,0.62,,,,
2026-01-06 11:40:31.544000+00:00,2026-01-06 11:40:31.797738+00:00,631.544,0.345,0.34,0.35,0.655,0.65,0.66,,,,
2026-01-06 11:40:32.495000+00:00,2026-01-06 11:40:32.802979+00:00,632.495,0.315,0.31,0.32,0.685,0.68,0.69,,,,
2026-01-06 11:40:33.506000+00:00,2026-01-06 11:40:33.808781+00:00,633.506,0.315,0.31,0.32,0.685,0.68,0.69,,,,
2026-01-06 11:40:34.543000+00:00,2026-01-06 11:40:34.834676+00:00,634.543,0.32,0.31,0.33,0.6799999999999999,0.67,0.69,,,,
2026-01-06 11:40:35.546000+00:00,2026-01-06 11:40:35.838301+00:00,635.546,0.325,0.32,0.33,0.675,0.67,0.68,,,,
2026-01-06 11:40:36.538000+00:00,2026-01-06 11:40:36.837996+00:00,636.538,0.325,0.32,0.33,0.675,0.67,0.68,,,,
2026-01-06 11:40:37.435000+00:00,2026-01-06 11:40:37.839130+00:00,637.435,0.345,0.34,0.35,0.655,0.65,0.66,,,,
2026-01-06 11:40:38.573000+00:00,2026-01-06 11:40:38.853702+00:00,638.573,0.44,0.43,0.45,0.56,0.55,0.57,,,,
2026-01-06 11:40:39.563000+00:00,2026-01-06 11:40:39.863885+00:00,639.563,0.445,0.44,0.45,0.555,0.55,0.56,,,,
2026-01-06 11:40:40.591000+00:00,2026-01-06 11:40:40.878510+00:00,640.591,0.435,0.43,0.44,0.565,0.56,0.57,,,,
2026-01-06 11:40:41.624000+00:00,2026-01-06 11:40:41.893763+00:00,641.624,0.325,0.32,0.33,0.675,0.67,0.68,,,,
2026-01-06 11:40:42.544000+00:00,2026-01-06 11:40:42.908572+00:00,642.544,0.32,0.31,0.33,0.6799999999999999,0.67,0.69,,,,
2026-01-06 11:40:43.604000+00:00,2026-01-06 11:40:43.924031+00:00,643.604,0.325,0.32,0.33,0.675,0.67,0.68,,,,
2026-01-06 11:40:44.636000+00:00,2026-01-06 11:40:44.937459+00:00,644.636,0.325,0.32,0.33,0.675,0.67,0.68,,,,
2026-01-06 11:40:45.631000+00:00,2026-01-06 11:40:45.936169+00:00,645.631,0.325,0.32,0.33,0.6799999999999999,0.67,0.69,,,,
2026-01-06 11:40:46.571000+00:00,2026-01-06 11:40:46.945190+00:00,646.571,0.325,0.32,0.33,0.675,0.67,0.68,,,,
2026-01-06 11:40:47.537000+00:00,2026-01-06 11:40:47.936588+00:00,647.537,0.325,0.32,0.33,0.675,0.67,0.68,,,,
2026-01-06 11:40:48.654000+00:00,2026-01-06 11:40:48.938268+00:00,648.654,0.325,0.32,0.33,0.675,0.67,0.68,,,,
2026-01-06 11:40:49.654000+00:00,2026-01-06 11:40:49.951374+00:00,649.654,0.275,0.27,0.28,0.725,0.72,0.73,,,,
2026-01-06 11:40:50.689000+00:00,2026-01-06 11:40:50.963587+00:00,650.689,0.275,0.27,0.28,0.725,0.72,0.73,,,,
2026-01-06 11:40:51.586000+00:00,2026-01-06 11:40:51.978139+00:00,651.586,0.275,0.27,0.28,0.73,0.72,0.74,,,,
2026-01-06 11:40:52.510000+00:00,2026-01-06 11:40:52.987488+00:00,652.51,0.275,0.27,0.28,0.725,0.72,0.73,,,,
2026-01-06 11:40:53.659000+00:00,2026-01-06 11:40:53.987801+00:00,653.659,0.275,0.27,0.28,0.725,0.72,0.73,,,,
2026-01-06 11:40:54.719000+00:00,2026-01-06 11:40:55.008847+00:00,654.719,0.275,0.27,0.28,0.725,0.72,0.73,,,,
2026-01-06 11:40:55.787000+00:00,2026-01-06 11:40:56.013425+00:00,655.787,0.275,0.27,0.28,0.725,0.72,0.73,,,,
2026-01-06 11:40:56.714000+00:00,2026-01-06 11:40:57.020506+00:00,656.714,0.275,0.27,0.28,0.725,0.72,0.73,,,,
2026-01-06 11:40:57.753000+00:00,2026-01-06 11:40:58.023691+00:00,657.753,0.26,0.24,0.28,0.725,0.72,0.73,,,,
2026-01-06 11:40:58.734000+00:00,2026-01-06 11:40:59.032135+00:00,658.734,0.275,0.27,0.28,0.725,0.72,0.73,,,,
2026-01-06 11:40:59.749000+00:00,2026-01-06 11:41:00.039466+00:00,659.749,0.265,0.26,0.27,0.74,0.73,0.75,,,,
2026-01-06 11:41:00.679000+00:00,2026-01-06 11:41:01.040949+00:00,660.679,0.275,0.27,0.28,0.725,0.72,0.73,,,,
2026-01-06 11:41:01.733000+00:00,2026-01-06 11:41:02.055669+00:00,661.733,0.27,0.26,0.28,0.73,0.72,0.74,,,,
2026-01-06 11:41:02.751000+00:00,2026-01-06 11:41:03.058179+00:00,662.751,0.27,0.26,0.28,0.73,0.72,0.74,,,,
2026-01-06 11:41:03.698000+00:00,2026-01-06 11:41:04.056311+00:00,663.698,0.215,0.21,0.22,0.785,0.78,0.79,,,,
2026-01-06 11:41:04.773000+00:00,2026-01-06 11:41:05.058758+00:00,664.773,0.215,0.21,0.22,0.785,0.78,0.79,,,,
2026-01-06 11:41:05.768000+00:00,2026-01-06 11:41:06.060270+00:00,665.768,0.235,0.23,0.24,0.765,0.76,0.77,,,,
2026-01-06 11:41:06.784000+00:00,2026-01-06 11:41:07.070414+00:00,666.784,0.25,0.24,0.26,0.755,0.75,0.76,,,,
2026-01-06 11:41:07.776000+00:00,2026-01-06 11:41:08.068945+00:00,667.776,0.265,0.26,0.27,0.74,0.73,0.75,,,,
2026-01-06 11:41:08.788000+00:00,2026-01-06 11:41:09.080451+00:00,668.788,0.255,0.25,0.26,0.745,0.74,0.75,,,,
2026-01-06 11:41:09.796000+00:00,2026-01-06 11:41:10.085193+00:00,669.796,0.255,0.25,0.26,0.745,0.74,0.75,,,,
2026-01-06 11:41:10.799000+00:00,2026-01-06 11:41:11.088471+00:00,670.799,0.2299999999999999,0.22,0.24,0.77,0.76,0.78,,,,
2026-01-06 11:41:11.382000+00:00,2026-01-06 11:41:12.087047+00:00,671.382,0.225,0.22,0.23,0.775,0.77,0.78,,,,
2026-01-06 11:41:12.733000+00:00,2026-01-06 11:41:13.084131+00:00,672.733,0.215,0.21,0.22,0.785,0.78,0.79,,,,
2026-01-06 11:41:13.797000+00:00,2026-01-06 11:41:14.084974+00:00,673.797,0.215,0.21,0.22,0.785,0.78,0.79,,,,
2026-01-06 11:41:14.811000+00:00,2026-01-06 11:41:15.103696+00:00,674.811,0.215,0.21,0.22,0.785,0.78,0.79,,,,
2026-01-06 11:41:15.842000+00:00,2026-01-06 11:41:16.119929+00:00,675.842,0.215,0.21,0.22,0.785,0.78,0.79,,,,
2026-01-06 11:41:16.656000+00:00,2026-01-06 11:41:17.118853+00:00,676.656,0.215,0.21,0.22,0.785,0.78,0.79,,,,
2026-01-06 11:41:17.838000+00:00,2026-01-06 11:41:18.126563+00:00,677.838,0.225,0.22,0.23,0.775,0.77,0.78,,,,
2026-01-06 11:41:18.820000+00:00,2026-01-06 11:41:19.120177+00:00,678.82,0.225,0.22,0.23,0.775,0.77,0.78,,,,
2026-01-06 11:41:19.839000+00:00,2026-01-06 11:41:20.135279+00:00,679.839,0.235,0.23,0.24,0.765,0.76,0.77,,,,
2026-01-06 11:41:20.849000+00:00,2026-01-06 11:41:21.135618+00:00,680.849,0.235,0.23,0.24,0.765,0.76,0.77,,,,
2026-01-06 11:41:21.836000+00:00,2026-01-06 11:41:22.134858+00:00,681.836,0.245,0.24,0.25,0.755,0.75,0.76,,,,
2026-01-06 11:41:22.827000+00:00,2026-01-06 11:41:23.127959+00:00,682.827,0.285,0.28,0.29,0.71,0.7,0.72,,,,
2026-01-06 11:41:23.769000+00:00,2026-01-06 11:41:24.119334+00:00,683.769,0.29,0.28,0.3,0.71,0.7,0.72,,,,
2026-01-06 11:41:24.778000+00:00,2026-01-06 11:41:25.119827+00:00,684.778,0.285,0.28,0.29,0.725,0.72,0.73,,,,
2026-01-06 11:41:25.823000+00:00,2026-01-06 11:41:26.110204+00:00,685.823,0.275,0.27,0.28,0.725,0.72,0.73,,,,
2026-01-06 11:41:26.742000+00:00,2026-01-06 11:41:27.120134+00:00,686.742,0.275,0.27,0.28,0.725,0.72,0.73,,,,
2026-01-06 11:41:27.796000+00:00,2026-01-06 11:41:28.123848+00:00,687.796,0.275,0.27,0.28,0.725,0.72,0.73,,,,
2026-01-06 11:41:28.790000+00:00,2026-01-06 11:41:29.136341+00:00,688.79,0.275,0.27,0.28,0.725,0.72,0.73,,,,
2026-01-06 11:41:29.701000+00:00,2026-01-06 11:41:30.142123+00:00,689.701,0.275,0.27,0.28,0.725,0.72,0.73,,,,
2026-01-06 11:41:30.789000+00:00,2026-01-06 11:41:31.151892+00:00,690.789,0.265,0.26,0.27,0.735,0.73,0.74,,,,
2026-01-06 11:41:31.763000+00:00,2026-01-06 11:41:32.159113+00:00,691.763,0.265,0.26,0.27,0.745,0.74,0.75,,,,
2026-01-06 11:41:32.784000+00:00,2026-01-06 11:41:33.168967+00:00,692.784,0.255,0.25,0.26,0.745,0.74,0.75,,,,
2026-01-06 11:41:33.862000+00:00,2026-01-06 11:41:34.183270+00:00,693.862,0.195,0.19,0.2,0.805,0.8,0.81,,,,
2026-01-06 11:41:34.886000+00:00,2026-01-06 11:41:35.176366+00:00,694.886,0.185,0.18,0.19,0.815,0.81,0.82,,,,
2026-01-06 11:41:35.831000+00:00,2026-01-06 11:41:36.185108+00:00,695.831,0.185,0.18,0.19,0.815,0.81,0.82,,,,
2026-01-06 11:41:36.848000+00:00,2026-01-06 11:41:37.178085+00:00,696.848,0.185,0.18,0.19,0.815,0.81,0.82,,,,
2026-01-06 11:41:37.834000+00:00,2026-01-06 11:41:38.169145+00:00,697.834,0.185,0.18,0.19,0.8200000000000001,0.81,0.83,,,,
2026-01-06 11:41:38.372000+00:00,2026-01-06 11:41:39.171368+00:00,698.372,0.18,0.17,0.19,0.8200000000000001,0.81,0.83,,,,
2026-01-06 11:41:39.919000+00:00,2026-01-06 11:41:40.183778+00:00,699.919,0.18,0.17,0.19,0.8200000000000001,0.81,0.83,,,,
2026-01-06 11:41:40.867000+00:00,2026-01-06 11:41:41.174742+00:00,700.867,0.18,0.17,0.19,0.815,0.81,0.82,,,,
2026-01-06 11:41:41.877000+00:00,2026-01-06 11:41:42.166786+00:00,701.877,0.175,0.17,0.18,0.825,0.82,0.83,,,,
2026-01-06 11:41:42.843000+00:00,2026-01-06 11:41:43.187875+00:00,702.843,0.13,0.12,0.14,0.87,0.86,0.88,,,,
2026-01-06 11:41:43.874000+00:00,2026-01-06 11:41:44.198728+00:00,703.874,0.105,0.1,0.11,0.895,0.89,0.9,,,,
2026-01-06 11:41:44.850000+00:00,2026-01-06 11:41:45.201159+00:00,704.85,0.105,0.1,0.11,0.895,0.89,0.9,,,,
2026-01-06 11:41:45.924000+00:00,2026-01-06 11:41:46.207698+00:00,705.924,0.12,0.11,0.13,0.88,0.87,0.89,,,,
2026-01-06 11:41:46.900000+00:00,2026-01-06 11:41:47.217110+00:00,706.9,0.12,0.11,0.13,0.88,0.87,0.89,,,,
2026-01-06 11:41:48.837000+00:00,2026-01-06 11:41:49.254002+00:00,708.837,0.12,0.11,0.13,0.88,0.87,0.89,,,,
2026-01-06 11:41:49.945000+00:00,2026-01-06 11:41:50.262607+00:00,709.945,0.12,0.11,0.13,0.88,0.87,0.89,,,,
2026-01-06 11:41:50.983000+00:00,2026-01-06 11:41:51.281442+00:00,710.983,0.1149999999999999,0.11,0.12,0.885,0.88,0.89,,,,
2026-01-06 11:41:51.986000+00:00,2026-01-06 11:41:52.280849+00:00,711.986,0.11,0.1,0.12,0.895,0.88,0.91,,,,
2026-01-06 11:41:52.900000+00:00,2026-01-06 11:41:53.285164+00:00,712.9,0.11,0.1,0.12,0.89,0.88,0.9,,,,
2026-01-06 11:41:54.980000+00:00,2026-01-06 11:41:55.303254+00:00,714.98,0.105,0.1,0.11,0.895,0.89,0.9,,,,
2026-01-06 11:41:55.992000+00:00,2026-01-06 11:41:56.322820+00:00,715.992,0.105,0.1,0.11,0.895,0.89,0.9,,,,
2026-01-06 11:41:56.854000+00:00,2026-01-06 11:41:57.352182+00:00,716.854,0.105,0.1,0.11,0.895,0.89,0.9,,,,
2026-01-06 11:41:58.072000+00:00,2026-01-06 11:41:58.368613+00:00,718.072,0.065,0.06,0.07,0.935,0.93,0.94,,,,
2026-01-06 11:41:59.061000+00:00,2026-01-06 11:41:59.369011+00:00,719.061,0.0849999999999999,0.08,0.09,0.915,0.91,0.92,,,,
2026-01-06 11:42:00.080000+00:00,2026-01-06 11:42:00.379979+00:00,720.08,0.055,0.05,0.06,0.935,0.92,0.95,,,,
2026-01-06 11:42:01.124000+00:00,2026-01-06 11:42:01.382213+00:00,721.124,0.06,0.05,0.07,0.945,0.94,0.95,,,,
2026-01-06 11:42:02.088000+00:00,2026-01-06 11:42:02.385301+00:00,722.088,0.05,0.04,0.06,0.945,0.94,0.95,,,,
2026-01-06 11:42:03.113000+00:00,2026-01-06 11:42:03.400468+00:00,723.113,0.045,0.04,0.05,0.955,0.95,0.96,,,,
2026-01-06 11:42:04.013000+00:00,2026-01-06 11:42:04.401949+00:00,724.013,0.0849999999999999,0.08,0.09,0.915,0.91,0.92,,,,
2026-01-06 11:42:05.094000+00:00,2026-01-06 11:42:05.397013+00:00,725.094,0.09,0.08,0.1,0.91,0.9,0.92,,,,
2026-01-06 11:42:06.071000+00:00,2026-01-06 11:42:06.403291+00:00,726.071,0.105,0.09,0.12,0.895,0.88,0.91,,,,
2026-01-06 11:42:07.099000+00:00,2026-01-06 11:42:07.403684+00:00,727.099,0.1,0.09,0.11,0.9,0.89,0.91,,,,
2026-01-06 11:42:08.982000+00:00,2026-01-06 11:42:09.424668+00:00,728.982,0.095,0.09,0.1,0.905,0.9,0.91,,,,
2026-01-06 11:42:10.090000+00:00,2026-01-06 11:42:10.441612+00:00,730.09,0.1,0.09,0.11,0.905,0.89,0.92,,,,
2026-01-06 11:42:11.137000+00:00,2026-01-06 11:42:11.457296+00:00,731.137,0.085,0.07,0.1,0.915,0.9,0.93,,,,
2026-01-06 11:42:12.085000+00:00,2026-01-06 11:42:12.467504+00:00,732.085,0.085,0.07,0.1,0.915,0.9,0.93,,,,
2026-01-06 11:42:13.165000+00:00,2026-01-06 11:42:13.471963+00:00,733.165,0.085,0.07,0.1,0.92,0.91,0.93,,,,
2026-01-06 11:42:14.072000+00:00,2026-01-06 11:42:14.473394+00:00,734.072,0.0849999999999999,0.08,0.09,0.915,0.91,0.92,,,,
2026-01-06 11:42:15.228000+00:00,2026-01-06 11:42:15.490600+00:00,735.228,0.0849999999999999,0.08,0.09,0.915,0.91,0.92,,,,
2026-01-06 11:42:16.194000+00:00,2026-01-06 11:42:16.505470+00:00,736.194,0.07,0.06,0.08,0.93,0.92,0.94,,,,
2026-01-06 11:42:17.189000+00:00,2026-01-06 11:42:17.524931+00:00,737.189,0.07,0.06,0.08,0.93,0.92,0.94,,,,
2026-01-06 11:42:18.199000+00:00,2026-01-06 11:42:18.539492+00:00,738.199,0.07,0.06,0.08,0.93,0.92,0.94,,,,
2026-01-06 11:42:19.200000+00:00,2026-01-06 11:42:19.553003+00:00,739.2,0.0849999999999999,0.08,0.09,0.915,0.91,0.92,,,,
2026-01-06 11:42:20.884000+00:00,2026-01-06 11:42:21.558174+00:00,740.884,0.075,0.07,0.08,0.925,0.92,0.93,,,,
2026-01-06 11:42:22.192000+00:00,2026-01-06 11:42:22.567968+00:00,742.192,0.075,0.07,0.08,0.925,0.92,0.93,,,,
2026-01-06 11:42:23.244000+00:00,2026-01-06 11:42:23.566739+00:00,743.244,0.075,0.07,0.08,0.925,0.92,0.93,,,,
2026-01-06 11:42:24.257000+00:00,2026-01-06 11:42:24.583887+00:00,744.257,0.075,0.07,0.08,0.925,0.92,0.93,,,,
2026-01-06 11:42:25.119000+00:00,2026-01-06 11:42:25.600524+00:00,745.119,0.075,0.07,0.08,0.925,0.92,0.93,,,,
2026-01-06 11:42:26.286000+00:00,2026-01-06 11:42:26.616736+00:00,746.286,0.07,0.06,0.08,0.93,0.92,0.94,,,,
2026-01-06 11:42:27.267000+00:00,2026-01-06 11:42:27.630668+00:00,747.267,0.07,0.06,0.08,0.93,0.92,0.94,,,,
2026-01-06 11:42:28.207000+00:00,2026-01-06 11:42:28.651990+00:00,748.207,0.07,0.06,0.08,0.93,0.92,0.94,,,,
2026-01-06 11:42:29.183000+00:00,2026-01-06 11:42:29.649489+00:00,749.183,0.07,0.06,0.08,0.93,0.92,0.94,,,,
2026-01-06 11:42:30.358000+00:00,2026-01-06 11:42:30.651765+00:00,750.358,0.07,0.06,0.08,0.93,0.92,0.94,,,,
2026-01-06 11:42:31.371000+00:00,2026-01-06 11:42:31.666098+00:00,751.371,0.07,0.06,0.08,0.93,0.92,0.94,,,,
2026-01-06 11:42:32.370000+00:00,2026-01-06 11:42:32.665163+00:00,752.37,0.07,0.06,0.08,0.93,0.92,0.94,,,,
2026-01-06 11:42:33.396000+00:00,2026-01-06 11:42:33.696997+00:00,753.396,0.065,0.05,0.08,0.935,0.92,0.95,,,,
2026-01-06 11:42:34.243000+00:00,2026-01-06 11:42:34.698895+00:00,754.243,0.065,0.05,0.08,0.935,0.92,0.95,,,,
2026-01-06 11:42:35.261000+00:00,2026-01-06 11:42:35.698134+00:00,755.261,0.065,0.05,0.08,0.935,0.92,0.95,,,,
2026-01-06 11:42:36.369000+00:00,2026-01-06 11:42:36.714683+00:00,756.369,0.06,0.05,0.07,0.94,0.93,0.95,,,,
2026-01-06 11:42:37.367000+00:00,2026-01-06 11:42:37.712816+00:00,757.367,0.06,0.05,0.07,0.94,0.93,0.95,,,,
2026-01-06 11:42:38.366000+00:00,2026-01-06 11:42:38.732868+00:00,758.366,0.06,0.05,0.07,0.94,0.93,0.95,,,,
2026-01-06 11:42:39.233000+00:00,2026-01-06 11:42:39.732712+00:00,759.233,0.06,0.05,0.07,0.94,0.93,0.95,,,,
2026-01-06 11:42:40.326000+00:00,2026-01-06 11:42:40.750472+00:00,760.326,0.06,0.05,0.07,0.94,0.93,0.95,,,,
2026-01-06 11:42:41.416000+00:00,2026-01-06 11:42:41.750193+00:00,761.416,0.045,0.04,0.05,0.955,0.95,0.96,,,,
2026-01-06 11:42:42.437000+00:00,2026-01-06 11:42:42.749951+00:00,762.437,0.045,0.04,0.05,0.955,0.95,0.96,,,,
2026-01-06 11:42:43.382000+00:00,2026-01-06 11:42:43.765053+00:00,763.382,0.04,0.03,0.05,0.96,0.95,0.97,,,,
2026-01-06 11:42:44.320000+00:00,2026-01-06 11:42:44.765232+00:00,764.32,0.045,0.04,0.05,0.955,0.95,0.96,,,,
2026-01-06 11:42:45.178000+00:00,2026-01-06 11:42:45.756551+00:00,765.178,0.045,0.04,0.05,0.96,0.95,0.97,,,,
2026-01-06 11:42:46.454000+00:00,2026-01-06 11:42:46.762301+00:00,766.454,0.04,0.03,0.05,0.96,0.95,0.97,,,,
2026-01-06 11:42:47.419000+00:00,2026-01-06 11:42:47.765381+00:00,767.419,0.035,0.03,0.04,0.965,0.96,0.97,,,,
2026-01-06 11:42:48.071000+00:00,2026-01-06 11:42:48.783660+00:00,768.071,0.035,0.03,0.04,0.965,0.96,0.97,,,,
2026-01-06 11:42:49.480000+00:00,2026-01-06 11:42:49.788563+00:00,769.48,0.035,0.03,0.04,0.965,0.96,0.97,,,,
2026-01-06 11:42:50.478000+00:00,2026-01-06 11:42:50.802665+00:00,770.478,0.035,0.03,0.04,0.965,0.96,0.97,,,,
2026-01-06 11:42:51.497000+00:00,2026-01-06 11:42:51.805220+00:00,771.497,0.035,0.03,0.04,0.965,0.96,0.97,,,,
2026-01-06 11:42:52.507000+00:00,2026-01-06 11:42:52.800562+00:00,772.507,0.035,0.03,0.04,0.965,0.96,0.97,,,,
2026-01-06 11:42:53.499000+00:00,2026-01-06 11:42:53.815693+00:00,773.499,0.035,0.03,0.04,0.965,0.96,0.97,,,,
2026-01-06 11:42:54.543000+00:00,2026-01-06 11:42:54.831891+00:00,774.543,0.045,0.04,0.05,0.955,0.95,0.96,,,,
2026-01-06 11:42:55.164000+00:00,2026-01-06 11:42:55.849139+00:00,775.164,0.045,0.04,0.05,0.955,0.95,0.96,,,,
2026-01-06 11:42:56.452000+00:00,2026-01-06 11:42:56.853977+00:00,776.452,0.045,0.04,0.05,0.955,0.95,0.96,,,,
2026-01-06 11:42:57.465000+00:00,2026-01-06 11:42:57.855784+00:00,777.465,0.045,0.04,0.05,0.955,0.95,0.96,,,,
2026-01-06 11:42:58.559000+00:00,2026-01-06 11:42:58.857354+00:00,778.559,0.045,0.04,0.05,0.955,0.95,0.96,,,,
2026-01-06 11:42:59.524000+00:00,2026-01-06 11:42:59.849562+00:00,779.524,0.045,0.04,0.05,0.955,0.95,0.96,,,,
2026-01-06 11:43:00.557000+00:00,2026-01-06 11:43:00.859752+00:00,780.557,0.045,0.04,0.05,0.96,0.95,0.97,,,,
2026-01-06 11:43:01.590000+00:00,2026-01-06 11:43:01.865767+00:00,781.59,0.035,0.03,0.04,0.965,0.96,0.97,,,,
2026-01-06 11:43:02.514000+00:00,2026-01-06 11:43:02.855980+00:00,782.514,0.03,0.02,0.04,0.97,0.96,0.98,,,,
2026-01-06 11:43:03.545000+00:00,2026-01-06 11:43:03.863926+00:00,783.545,0.03,0.02,0.04,0.97,0.96,0.98,,,,
2026-01-06 11:43:04.593000+00:00,2026-01-06 11:43:04.887908+00:00,784.593,0.03,0.02,0.04,0.965,0.96,0.97,,,,
2026-01-06 11:43:05.915000+00:00,2026-01-06 11:43:06.897229+00:00,785.915,0.035,0.03,0.04,0.965,0.96,0.97,,,,
2026-01-06 11:43:07.606000+00:00,2026-01-06 11:43:07.915909+00:00,787.606,0.035,0.03,0.04,0.965,0.96,0.97,,,,
2026-01-06 11:43:08.630000+00:00,2026-01-06 11:43:08.921261+00:00,788.63,0.04,0.03,0.05,0.96,0.95,0.97,,,,
2026-01-06 11:43:09.589000+00:00,2026-01-06 11:43:09.932539+00:00,789.589,0.04,0.03,0.05,0.96,0.95,0.97,,,,
2026-01-06 11:43:10.544000+00:00,2026-01-06 11:43:10.937278+00:00,790.544,0.04,0.03,0.05,0.96,0.95,0.97,,,,
2026-01-06 11:43:11.603000+00:00,2026-01-06 11:43:11.936706+00:00,791.603,0.04,0.03,0.05,0.96,0.95,0.97,,,,
2026-01-06 11:43:12.641000+00:00,2026-01-06 11:43:12.932374+00:00,792.641,0.035,0.02,0.05,0.965,0.95,0.98,,,,
2026-01-06 11:43:13.510000+00:00,2026-01-06 11:43:13.947653+00:00,793.51,0.04,0.03,0.05,0.96,0.95,0.97,,,,
2026-01-06 11:43:14.625000+00:00,2026-01-06 11:43:14.947726+00:00,794.625,0.04,0.03,0.05,0.96,0.95,0.97,,,,
2026-01-06 11:43:15.640000+00:00,2026-01-06 11:43:15.956954+00:00,795.64,0.04,0.03,0.05,0.96,0.95,0.97,,,,
2026-01-06 11:43:16.620000+00:00,2026-01-06 11:43:16.965692+00:00,796.62,0.035,0.03,0.04,0.965,0.96,0.97,,,,
2026-01-06 11:43:17.517000+00:00,2026-01-06 11:43:17.960003+00:00,797.517,0.035,0.03,0.04,0.965,0.96,0.97,,,,
2026-01-06 11:43:18.631000+00:00,2026-01-06 11:43:18.968782+00:00,798.631,0.025,0.02,0.03,0.975,0.97,0.98,,,,
2026-01-06 11:43:19.670000+00:00,2026-01-06 11:43:19.969201+00:00,799.67,0.025,0.02,0.03,0.975,0.97,0.98,,,,
2026-01-06 11:43:20.553000+00:00,2026-01-06 11:43:20.983988+00:00,800.553,0.03,0.02,0.04,0.97,0.96,0.98,,,,
2026-01-06 11:43:21.765000+00:00,2026-01-06 11:43:21.987023+00:00,801.765,0.025,0.02,0.03,0.97,0.96,0.98,,,,
2026-01-06 11:43:22.640000+00:00,2026-01-06 11:43:22.991155+00:00,802.64,0.03,0.02,0.04,0.97,0.96,0.98,,,,
2026-01-06 11:43:23.645000+00:00,2026-01-06 11:43:23.997230+00:00,803.645,0.025,0.02,0.03,0.975,0.97,0.98,,,,
2026-01-06 11:43:24.670000+00:00,2026-01-06 11:43:24.996951+00:00,804.67,0.025,0.02,0.03,0.975,0.97,0.98,,,,
2026-01-06 11:43:25.704000+00:00,2026-01-06 11:43:26.008594+00:00,805.704,0.03,0.02,0.04,0.975,0.97,0.98,,,,
2026-01-06 11:43:26.728000+00:00,2026-01-06 11:43:27.022517+00:00,806.728,0.025,0.02,0.03,0.975,0.97,0.98,,,,
2026-01-06 11:43:27.614000+00:00,2026-01-06 11:43:28.036407+00:00,807.614,0.025,0.02,0.03,0.975,0.97,0.98,,,,
2026-01-06 11:43:28.718000+00:00,2026-01-06 11:43:29.035023+00:00,808.718,0.025,0.02,0.03,0.975,0.97,0.98,,,,
2026-01-06 11:43:29.742000+00:00,2026-01-06 11:43:30.053361+00:00,809.742,0.025,0.02,0.03,0.975,0.97,0.98,,,,
2026-01-06 11:43:30.703000+00:00,2026-01-06 11:43:31.050506+00:00,810.703,0.015,0.01,0.02,0.985,0.98,0.99,,,,
2026-01-06 11:43:31.732000+00:00,2026-01-06 11:43:32.051763+00:00,811.732,0.015,0.01,0.02,0.985,0.98,0.99,,,,
2026-01-06 11:43:32.754000+00:00,2026-01-06 11:43:33.064703+00:00,812.754,0.015,0.01,0.02,0.985,0.98,0.99,,,,
2026-01-06 11:43:33.740000+00:00,2026-01-06 11:43:34.064584+00:00,813.74,0.015,0.01,0.02,0.985,0.98,0.99,,,,
2026-01-06 11:43:34.768000+00:00,2026-01-06 11:43:35.069648+00:00,814.768,0.015,0.01,0.02,0.985,0.98,0.99,,,,
2026-01-06 11:43:35.763000+00:00,2026-01-06 11:43:36.076242+00:00,815.763,0.015,0.01,0.02,0.985,0.98,0.99,,,,
2026-01-06 11:43:36.741000+00:00,2026-01-06 11:43:37.085932+00:00,816.741,0.015,0.01,0.02,0.985,0.98,0.99,,,,
2026-01-06 11:43:37.765000+00:00,2026-01-06 11:43:38.103717+00:00,817.765,0.01,,0.01,0.99,0.99,,,,,
2026-01-06 11:43:38.813000+00:00,2026-01-06 11:43:39.120448+00:00,818.813,0.01,,0.01,0.99,0.99,,,,,
2026-01-06 11:43:39.820000+00:00,2026-01-06 11:43:40.120441+00:00,819.82,0.01,,0.01,0.99,0.99,,,,,
2026-01-06 11:43:40.712000+00:00,2026-01-06 11:43:41.111307+00:00,820.712,0.01,,0.01,0.99,0.99,,,,,
2026-01-06 11:43:41.808000+00:00,2026-01-06 11:43:42.120271+00:00,821.808,0.01,,0.01,0.99,0.99,,,,,
2026-01-06 11:43:42.366000+00:00,2026-01-06 11:43:43.126488+00:00,822.366,0.01,,0.01,0.99,0.99,,,,,
2026-01-06 11:43:43.828000+00:00,2026-01-06 11:43:44.141516+00:00,823.828,0.01,,0.01,0.99,0.99,,,,,
2026-01-06 11:43:44.632000+00:00,2026-01-06 11:43:45.159201+00:00,824.632,0.01,,0.01,0.99,0.99,,,,,
2026-01-06 11:43:45.348000+00:00,2026-01-06 11:43:46.169768+00:00,825.348,0.01,,0.01,0.99,0.99,,,,,
2026-01-06 11:43:46.849000+00:00,2026-01-06 11:43:47.187358+00:00,826.849,0.01,,0.01,0.99,0.99,,,,,
2026-01-06 11:43:47.636000+00:00,2026-01-06 11:43:48.179653+00:00,827.636,0.01,,0.01,0.99,0.99,,,,,
2026-01-06 11:43:48.718000+00:00,2026-01-06 11:43:49.207088+00:00,828.718,0.01,,0.01,0.99,0.99,,,,,
2026-01-06 11:43:49.761000+00:00,2026-01-06 11:43:50.218619+00:00,829.761,0.01,,0.01,0.99,0.99,,,,,
2026-01-06 11:43:50.922000+00:00,2026-01-06 11:43:51.218254+00:00,830.922,0.01,,0.01,0.99,0.99,,,,,
2026-01-06 11:43:51.847000+00:00,2026-01-06 11:43:52.216370+00:00,831.847,0.01,,0.01,0.99,0.99,,,,,
2026-01-06 11:43:52.886000+00:00,2026-01-06 11:43:53.218461+00:00,832.886,0.01,,0.01,0.99,0.99,,,,,
2026-01-06 11:43:53.719000+00:00,2026-01-06 11:43:54.229673+00:00,833.719,0.01,,0.01,0.99,0.99,,,,,
2026-01-06 11:43:54.773000+00:00,2026-01-06 11:43:55.243129+00:00,834.773,0.01,,0.01,0.99,0.99,,,,,
2026-01-06 11:43:55.558000+00:00,2026-01-06 11:43:56.245031+00:00,835.558,0.01,,0.01,0.99,0.99,,,,,
2026-01-06 11:43:56.895000+00:00,2026-01-06 11:43:57.245130+00:00,836.895,0.01,,0.01,0.99,0.99,,,,,
2026-01-06 11:43:57.922000+00:00,2026-01-06 11:43:58.242962+00:00,837.922,0.01,,0.01,0.99,0.99,,,,,
2026-01-06 11:43:58.911000+00:00,2026-01-06 11:43:59.258624+00:00,838.911,0.01,,0.01,0.99,0.99,,,,,
2026-01-06 11:43:59.831000+00:00,2026-01-06 11:44:00.478700+00:00,839.831,0.01,,0.01,0.99,0.99,,,,,
2026-01-06 11:44:00.961000+00:00,2026-01-06 11:44:01.250183+00:00,840.961,0.01,,0.01,0.99,0.99,,,,,
2026-01-06 11:44:01.951000+00:00,2026-01-06 11:44:02.244721+00:00,841.951,0.015,0.01,0.02,0.985,0.98,0.99,,,,
2026-01-06 11:44:02.943000+00:00,2026-01-06 11:44:03.245019+00:00,842.943,0.015,0.01,0.02,0.985,0.98,0.99,,,,
2026-01-06 11:44:03.896000+00:00,2026-01-06 11:44:04.261597+00:00,843.896,0.01,,0.01,0.99,0.99,,,,,
2026-01-06 11:44:04.953000+00:00,2026-01-06 11:44:05.261464+00:00,844.953,0.01,,0.01,0.99,0.99,,,,,
2026-01-06 11:44:05.786000+00:00,2026-01-06 11:44:06.264984+00:00,845.786,0.015,0.01,0.02,0.985,0.98,0.99,,,,
2026-01-06 11:44:06.850000+00:00,2026-01-06 11:44:07.280954+00:00,846.85,0.015,0.01,0.02,0.985,0.98,0.99,,,,
2026-01-06 11:44:07.983000+00:00,2026-01-06 11:44:08.281860+00:00,847.983,0.015,0.01,0.02,0.985,0.98,0.99,,,,
2026-01-06 11:44:08.655000+00:00,2026-01-06 11:44:09.284093+00:00,848.655,0.015,0.01,0.02,0.985,0.98,0.99,,,,
2026-01-06 11:44:09.971000+00:00,2026-01-06 11:44:10.286254+00:00,849.971,0.01,,0.01,0.99,0.99,,,,,
2026-01-06 11:44:10.966000+00:00,2026-01-06 11:44:11.300104+00:00,850.966,0.01,,0.01,0.98,0.98,,,,,
2026-01-06 11:44:11.999000+00:00,2026-01-06 11:44:12.304254+00:00,851.999,0.01,,0.01,0.99,0.99,,,,,
2026-01-06 11:44:13.984000+00:00,2026-01-06 11:44:14.333228+00:00,853.984,0.015,0.01,0.02,0.985,0.98,0.99,,,,
2026-01-06 11:44:14.963000+00:00,2026-01-06 11:44:15.338898+00:00,854.963,0.01,,0.01,0.99,0.99,,,,,
2026-01-06 11:44:16.053000+00:00,2026-01-06 11:44:16.352498+00:00,856.053,0.01,,0.01,0.99,0.99,,,,,
2026-01-06 11:44:17.957000+00:00,2026-01-06 11:44:18.367649+00:00,857.957,0.02,,0.02,0.98,0.98,,,,,
2026-01-06 11:44:18.979000+00:00,2026-01-06 11:44:19.384160+00:00,858.979,0.02,,0.02,0.98,0.98,,,,,
2026-01-06 11:44:20.001000+00:00,2026-01-06 11:44:20.387208+00:00,860.001,0.02,,0.02,0.98,0.98,,,,,
2026-01-06 11:44:21.071000+00:00,2026-01-06 11:44:21.387466+00:00,861.071,0.02,,0.02,0.98,0.98,,,,,
2026-01-06 11:44:22.067000+00:00,2026-01-06 11:44:22.386024+00:00,862.067,0.02,,0.02,0.985,0.98,0.99,,,,
2026-01-06 11:44:23.072000+00:00,2026-01-06 11:44:23.396241+00:00,863.072,0.015,0.01,0.02,0.985,0.98,0.99,,,,
2026-01-06 11:44:24.034000+00:00,2026-01-06 11:44:24.402252+00:00,864.034,0.015,0.01,0.02,0.985,0.98,0.99,,,,
2026-01-06 11:44:25.979000+00:00,2026-01-06 11:44:26.411105+00:00,865.979,0.01,,0.01,0.985,0.98,0.99,,,,
2026-01-06 11:44:27.080000+00:00,2026-01-06 11:44:27.418877+00:00,867.08,0.015,0.01,0.02,0.985,0.98,0.99,,,,
2026-01-06 11:44:28.098000+00:00,2026-01-06 11:44:28.426828+00:00,868.098,0.015,0.01,0.02,0.985,0.98,0.99,,,,
2026-01-06 11:44:29.106000+00:00,2026-01-06 11:44:29.422233+00:00,869.106,0.015,0.01,0.02,0.985,0.98,0.99,,,,
2026-01-06 11:44:30.974000+00:00,2026-01-06 11:44:31.428198+00:00,870.974,0.01,,0.01,0.99,0.99,,,,,
2026-01-06 11:44:32.133000+00:00,2026-01-06 11:44:32.427618+00:00,872.133,0.02,,0.02,0.98,0.98,,,,,
2026-01-06 11:44:33.122000+00:00,2026-01-06 11:44:33.423434+00:00,873.122,0.015,0.01,0.02,0.985,0.98,0.99,,,,
2026-01-06 11:44:34.090000+00:00,2026-01-06 11:44:34.427959+00:00,874.09,0.015,0.01,0.02,0.985,0.98,0.99,,,,
2026-01-06 11:44:35.831000+00:00,2026-01-06 11:44:36.444718+00:00,875.831,0.01,,0.01,0.99,0.99,,,,,
2026-01-06 11:44:37.044000+00:00,2026-01-06 11:44:37.453963+00:00,877.044,0.01,,0.01,0.99,0.99,,,,,
2026-01-06 11:44:38.968000+00:00,2026-01-06 11:44:39.443914+00:00,878.968,0.01,,0.01,0.99,0.99,,,,,
2026-01-06 11:44:40.133000+00:00,2026-01-06 11:44:40.444788+00:00,880.133,0.01,,0.01,0.99,0.99,,,,,
2026-01-06 11:44:41.979000+00:00,2026-01-06 11:44:42.461111+00:00,881.979,0.01,,0.01,0.99,0.99,,,,,
2026-01-06 11:44:42.778000+00:00,2026-01-06 11:44:43.468097+00:00,882.778,0.01,,0.01,0.99,0.99,,,,,
2026-01-06 11:44:44.178000+00:00,2026-01-06 11:44:44.478918+00:00,884.178,0.01,,0.01,0.99,0.99,,,,,
2026-01-06 11:44:45.966000+00:00,2026-01-06 11:44:46.481822+00:00,885.966,0.01,,0.01,0.99,0.99,,,,,
2026-01-06 11:44:47.965000+00:00,2026-01-06 11:44:48.502101+00:00,887.965,0.01,,0.01,0.99,0.99,,,,,
2026-01-06 11:44:48.765000+00:00,2026-01-06 11:44:49.504655+00:00,888.765,0.01,,0.01,0.99,0.99,,,,,
2026-01-06 11:44:50.601000+00:00,2026-01-06 11:44:51.511403+00:00,890.601,0.01,,0.01,0.99,0.99,,,,,
2026-01-06 11:44:52.760000+00:00,2026-01-06 11:44:53.511014+00:00,892.76,0.01,,0.01,0.99,0.99,,,,,
2026-01-06 11:44:54.147000+00:00,2026-01-06 11:44:54.514269+00:00,894.147,0.01,,0.01,0.99,0.99,,,,,
2026-01-06 11:44:55.480000+00:00,2026-01-06 11:44:56.540371+00:00,895.48,0.01,,0.01,0.99,0.99,,,,,
2026-01-06 11:44:57.175000+00:00,2026-01-06 11:44:57.548936+00:00,897.175,0.01,,0.01,0.99,0.99,,,,,
2026-01-06 11:44:58.866000+00:00,2026-01-06 11:44:59.560527+00:00,898.866,0.01,,0.01,0.99,0.99,,,,,
