timestamp,collected_at,seconds,mid,bid,ask,asset
2026-01-06 19:00:00+00:00,,0.0,ETH,3217.54,3217.44,19:00:00
2026-01-06 19:00:01+00:00,,1.0,ETH,3217.86,3217.81,19:00:01
2026-01-06 19:00:02+00:00,,2.0,ETH,3218.09,3218.01,19:00:02
2026-01-06 19:00:04+00:00,,4.0,ETH,3218.19,3217.97,19:00:04
2026-01-06 19:00:05+00:00,,5.0,ETH,3218.02,3217.97,19:00:05
2026-01-06 19:00:06+00:00,,6.0,ETH,3217.92,3217.7,19:00:06
2026-01-06 19:00:07+00:00,,7.0,ETH,3217.86,3217.69,19:00:07
2026-01-06 19:00:08+00:00,,8.0,ETH,3217.84,3217.69,19:00:08
2026-01-06 19:00:09+00:00,,9.0,ETH,3217.5,3217.48,19:00:09
2026-01-06 19:00:10+00:00,,10.0,ETH,3217.64,3217.53,19:00:10
2026-01-06 19:00:11+00:00,,11.0,ETH,3217.72,3217.49,19:00:11
2026-01-06 19:00:12+00:00,,12.0,ETH,3217.62,3217.49,19:00:12
2026-01-06 19:00:13+00:00,,13.0,ETH,3217.56,3217.5,19:00:13
2026-01-06 19:00:14+00:00,,14.0,ETH,3217.79,3217.78,19:00:14
2026-01-06 19:00:15+00:00,,15.0,ETH,3217.92,3217.72,19:00:15
2026-01-06 19:00:16+00:00,,16.0,ETH,3217.64,3217.42,19:00:16
2026-01-06 19:00:17+00:00,,17.0,ETH,3217.58,3217.45,19:00:17
2026-01-06 19:00:18+00:00,,18.0,ETH,3217.51,3217.27,19:00:18
2026-01-06 19:00:19+00:00,,19.0,ETH,3217.37,3217.06,19:00:19
2026-01-06 19:00:20+00:00,,20.0,ETH,3217.01,3216.98,19:00:20
2026-01-06 19:00:21+00:00,,21.0,ETH,3217.01,3217.0,19:00:21
2026-01-06 19:00:22+00:00,,22.0,ETH,3216.89,3216.86,19:00:22
2026-01-06 19:00:23+00:00,,23.0,ETH,3216.6,3216.59,19:00:23
2026-01-06 19:00:24+00:00,,24.0,ETH,3216.59,3216.43,19:00:24
2026-01-06 19:00:25+00:00,,25.0,ETH,3216.45,3216.44,19:00:25
2026-01-06 19:00:26+00:00,,26.0,ETH,3216.45,3216.39,19:00:26
2026-01-06 19:00:27+00:00,,27.0,ETH,3216.21,3216.17,19:00:27
2026-01-06 19:00:28+00:00,,28.0,ETH,3216.14,3215.9,19:00:28
2026-01-06 19:00:29+00:00,,29.0,ETH,3216.04,3216.02,19:00:29
2026-01-06 19:00:30+00:00,,30.0,ETH,3215.98,3215.89,19:00:30
2026-01-06 19:00:31+00:00,,31.0,ETH,3215.94,3215.88,19:00:31
2026-01-06 19:00:32+00:00,,32.0,ETH,3215.9,3215.85,19:00:32
2026-01-06 19:00:33+00:00,,33.0,ETH,3215.98,3215.87,19:00:33
2026-01-06 19:00:34+00:00,,34.0,ETH,3216.01,3215.85,19:00:34
2026-01-06 19:00:35+00:00,,35.0,ETH,3215.98,3215.91,19:00:35
2026-01-06 19:00:36+00:00,,36.0,ETH,3215.71,3215.7,19:00:36
2026-01-06 19:00:37+00:00,,37.0,ETH,3215.79,3215.75,19:00:37
2026-01-06 19:00:38+00:00,,38.0,ETH,3215.79,3215.75,19:00:38
2026-01-06 19:00:39+00:00,,39.0,ETH,3216.04,3216.01,19:00:39
2026-01-06 19:00:40+00:00,,40.0,ETH,3216.42,3216.33,19:00:40
2026-01-06 19:00:41+00:00,,41.0,ETH,3216.42,3216.24,19:00:41
2026-01-06 19:00:42+00:00,,42.0,ETH,3216.43,3215.91,19:00:42
2026-01-06 19:00:43+00:00,,43.0,ETH,3216.01,3215.97,19:00:43
2026-01-06 19:00:44+00:00,,44.0,ETH,3216.33,3216.22,19:00:44
2026-01-06 19:00:45+00:00,,45.0,ETH,3216.41,3216.22,19:00:45
2026-01-06 19:00:46+00:00,,46.0,ETH,3216.04,3215.87,19:00:46
2026-01-06 19:00:47+00:00,,47.0,ETH,3215.71,3215.59,19:00:47
2026-01-06 19:00:48+00:00,,48.0,ETH,3215.65,3215.58,19:00:48
2026-01-06 19:00:53+00:00,,53.0,ETH,3215.26,3215.25,19:00:53
2026-01-06 19:00:57+00:00,,57.0,ETH,3215.29,3215.25,19:00:57
2026-01-06 19:00:58+00:00,,58.0,ETH,3215.28,3215.25,19:00:58
2026-01-06 19:00:59+00:00,,59.0,ETH,3215.3,3215.24,19:00:59
2026-01-06 19:01:00+00:00,,60.0,ETH,3215.3,3215.17,19:01:00
2026-01-06 19:01:01+00:00,,61.0,ETH,3215.25,3215.11,19:01:01
2026-01-06 19:01:02+00:00,,62.0,ETH,3215.26,3215.13,19:01:02
2026-01-06 19:01:03+00:00,,63.0,ETH,3215.32,3215.17,19:01:03
2026-01-06 19:01:04+00:00,,64.0,ETH,3215.37,3215.2,19:01:04
2026-01-06 19:01:05+00:00,,65.0,ETH,3215.43,3215.24,19:01:05
2026-01-06 19:01:06+00:00,,66.0,ETH,3215.43,3215.24,19:01:06
2026-01-06 19:01:07+00:00,,67.0,ETH,3215.4,3215.24,19:01:07
2026-01-06 19:01:08+00:00,,68.0,ETH,3215.15,3214.65,19:01:08
2026-01-06 19:01:09+00:00,,69.0,ETH,3214.65,3214.64,19:01:09
2026-01-06 19:01:10+00:00,,70.0,ETH,3214.42,3214.37,19:01:10
2026-01-06 19:01:11+00:00,,71.0,ETH,3214.48,3214.37,19:01:11
2026-01-06 19:01:12+00:00,,72.0,ETH,3214.84,3214.79,19:01:12
2026-01-06 19:01:13+00:00,,73.0,ETH,3214.99,3214.74,19:01:13
2026-01-06 19:01:14+00:00,,74.0,ETH,3214.5,3214.47,19:01:14
2026-01-06 19:01:15+00:00,,75.0,ETH,3214.5,3214.46,19:01:15
2026-01-06 19:01:16+00:00,,76.0,ETH,3214.21,3214.2,19:01:16
2026-01-06 19:01:17+00:00,,77.0,ETH,3214.39,3214.25,19:01:17
2026-01-06 19:01:18+00:00,,78.0,ETH,3214.52,3214.43,19:01:18
2026-01-06 19:01:19+00:00,,79.0,ETH,3214.52,3214.42,19:01:19
2026-01-06 19:01:20+00:00,,80.0,ETH,3214.37,3214.2,19:01:20
2026-01-06 19:01:21+00:00,,81.0,ETH,3214.32,3214.2,19:01:21
2026-01-06 19:01:22+00:00,,82.0,ETH,3214.22,3214.1,19:01:22
2026-01-06 19:01:23+00:00,,83.0,ETH,3214.21,3214.07,19:01:23
2026-01-06 19:01:24+00:00,,84.0,ETH,3214.21,3214.07,19:01:24
2026-01-06 19:01:25+00:00,,85.0,ETH,3214.2,3214.05,19:01:25
2026-01-06 19:01:26+00:00,,86.0,ETH,3214.28,3214.27,19:01:26
2026-01-06 19:01:27+00:00,,87.0,ETH,3214.04,3213.95,19:01:27
2026-01-06 19:01:28+00:00,,88.0,ETH,3214.09,3214.04,19:01:28
2026-01-06 19:01:29+00:00,,89.0,ETH,3214.09,3214.03,19:01:29
2026-01-06 19:01:30+00:00,,90.0,ETH,3213.84,3213.7,19:01:30
2026-01-06 19:01:31+00:00,,91.0,ETH,3213.72,3213.67,19:01:31
2026-01-06 19:01:33+00:00,,93.0,ETH,3213.85,3213.76,19:01:33
2026-01-06 19:01:34+00:00,,94.0,ETH,3213.97,3213.83,19:01:34
2026-01-06 19:01:35+00:00,,95.0,ETH,3214.01,3213.92,19:01:35
2026-01-06 19:01:36+00:00,,96.0,ETH,3214.06,3213.99,19:01:36
2026-01-06 19:01:37+00:00,,97.0,ETH,3214.22,3214.01,19:01:37
2026-01-06 19:01:38+00:00,,98.0,ETH,3214.04,3213.99,19:01:38
2026-01-06 19:01:39+00:00,,99.0,ETH,3214.04,3213.95,19:01:39
2026-01-06 19:01:40+00:00,,100.0,ETH,3214.04,3213.96,19:01:40
2026-01-06 19:01:41+00:00,,101.0,ETH,3214.08,3214.04,19:01:41
2026-01-06 19:01:42+00:00,,102.0,ETH,3214.11,3214.04,19:01:42
2026-01-06 19:01:43+00:00,,103.0,ETH,3214.34,3214.29,19:01:43
2026-01-06 19:01:44+00:00,,104.0,ETH,3214.52,3214.3,19:01:44
2026-01-06 19:01:45+00:00,,105.0,ETH,3214.36,3214.27,19:01:45
2026-01-06 19:01:46+00:00,,106.0,ETH,3214.49,3214.33,19:01:46
2026-01-06 19:01:47+00:00,,107.0,ETH,3214.81,3214.77,19:01:47
2026-01-06 19:01:48+00:00,,108.0,ETH,3214.5,3214.43,19:01:48
2026-01-06 19:01:49+00:00,,109.0,ETH,3214.24,3213.99,19:01:49
2026-01-06 19:01:50+00:00,,110.0,ETH,3213.9,3213.8,19:01:50
2026-01-06 19:01:51+00:00,,111.0,ETH,3213.76,3213.75,19:01:51
2026-01-06 19:01:52+00:00,,112.0,ETH,3213.76,3213.75,19:01:52
2026-01-06 19:01:53+00:00,,113.0,ETH,3213.76,3213.75,19:01:53
2026-01-06 19:01:54+00:00,,114.0,ETH,3213.65,3213.62,19:01:54
2026-01-06 19:01:55+00:00,,115.0,ETH,3213.64,3213.62,19:01:55
2026-01-06 19:01:56+00:00,,116.0,ETH,3213.71,3213.62,19:01:56
2026-01-06 19:01:57+00:00,,117.0,ETH,3213.74,3213.7,19:01:57
2026-01-06 19:01:58+00:00,,118.0,ETH,3213.82,3213.72,19:01:58
2026-01-06 19:01:59+00:00,,119.0,ETH,3213.77,3213.72,19:01:59
2026-01-06 19:02:00+00:00,,120.0,ETH,3213.62,3213.49,19:02:00
2026-01-06 19:02:01+00:00,,121.0,ETH,3213.44,3213.32,19:02:01
2026-01-06 19:02:02+00:00,,122.0,ETH,3213.64,3213.3,19:02:02
2026-01-06 19:02:03+00:00,,123.0,ETH,3213.64,3213.39,19:02:03
2026-01-06 19:02:04+00:00,,124.0,ETH,3213.39,3213.19,19:02:04
2026-01-06 19:02:05+00:00,,125.0,ETH,3213.52,3213.47,19:02:05
2026-01-06 19:02:06+00:00,,126.0,ETH,3213.42,3213.37,19:02:06
2026-01-06 19:02:07+00:00,,127.0,ETH,3213.42,3213.38,19:02:07
2026-01-06 19:02:08+00:00,,128.0,ETH,3213.32,3213.28,19:02:08
2026-01-06 19:02:09+00:00,,129.0,ETH,3213.18,3213.04,19:02:09
2026-01-06 19:02:10+00:00,,130.0,ETH,3213.06,3213.01,19:02:10
2026-01-06 19:02:11+00:00,,131.0,ETH,3212.43,3212.26,19:02:11
2026-01-06 19:02:12+00:00,,132.0,ETH,3212.08,3212.01,19:02:12
2026-01-06 19:02:13+00:00,,133.0,ETH,3212.17,3212.0,19:02:13
2026-01-06 19:02:14+00:00,,134.0,ETH,3211.9,3211.77,19:02:14
2026-01-06 19:02:15+00:00,,135.0,ETH,3212.06,3211.84,19:02:15
2026-01-06 19:02:16+00:00,,136.0,ETH,3212.68,3212.6,19:02:16
2026-01-06 19:02:17+00:00,,137.0,ETH,3212.71,3212.66,19:02:17
2026-01-06 19:02:18+00:00,,138.0,ETH,3212.69,3212.51,19:02:18
2026-01-06 19:02:19+00:00,,139.0,ETH,3212.96,3212.8,19:02:19
2026-01-06 19:02:20+00:00,,140.0,ETH,3213.19,3213.12,19:02:20
2026-01-06 19:02:21+00:00,,141.0,ETH,3213.6,3213.52,19:02:21
2026-01-06 19:02:22+00:00,,142.0,ETH,3213.77,3213.6,19:02:22
2026-01-06 19:02:23+00:00,,143.0,ETH,3213.77,3213.6,19:02:23
2026-01-06 19:02:25+00:00,,145.0,ETH,3214.38,3214.31,19:02:25
2026-01-06 19:02:26+00:00,,146.0,ETH,3214.66,3214.48,19:02:26
2026-01-06 19:02:27+00:00,,147.0,ETH,3214.74,3214.56,19:02:27
2026-01-06 19:02:28+00:00,,148.0,ETH,3214.75,3214.56,19:02:28
2026-01-06 19:02:29+00:00,,149.0,ETH,3214.81,3214.69,19:02:29
2026-01-06 19:02:30+00:00,,150.0,ETH,3215.17,3215.16,19:02:30
2026-01-06 19:02:31+00:00,,151.0,ETH,3215.26,3215.09,19:02:31
2026-01-06 19:02:32+00:00,,152.0,ETH,3215.29,3215.1,19:02:32
2026-01-06 19:02:33+00:00,,153.0,ETH,3215.34,3215.16,19:02:33
2026-01-06 19:02:34+00:00,,154.0,ETH,3215.48,3215.39,19:02:34
2026-01-06 19:02:35+00:00,,155.0,ETH,3215.82,3215.44,19:02:35
2026-01-06 19:02:36+00:00,,156.0,ETH,3215.76,3215.44,19:02:36
2026-01-06 19:02:37+00:00,,157.0,ETH,3215.76,3215.51,19:02:37
2026-01-06 19:02:38+00:00,,158.0,ETH,3215.76,3215.4,19:02:38
2026-01-06 19:02:39+00:00,,159.0,ETH,3215.44,3215.4,19:02:39
2026-01-06 19:02:40+00:00,,160.0,ETH,3215.34,3215.24,19:02:40
2026-01-06 19:02:41+00:00,,161.0,ETH,3215.41,3215.39,19:02:41
2026-01-06 19:02:42+00:00,,162.0,ETH,3215.3,3215.09,19:02:42
2026-01-06 19:02:43+00:00,,163.0,ETH,3215.48,3215.43,19:02:43
2026-01-06 19:02:44+00:00,,164.0,ETH,3215.86,3215.59,19:02:44
2026-01-06 19:02:45+00:00,,165.0,ETH,3216.02,3215.69,19:02:45
2026-01-06 19:02:46+00:00,,166.0,ETH,3216.11,3215.99,19:02:46
2026-01-06 19:02:47+00:00,,167.0,ETH,3216.16,3215.85,19:02:47
2026-01-06 19:02:48+00:00,,168.0,ETH,3216.06,3215.92,19:02:48
2026-01-06 19:02:49+00:00,,169.0,ETH,3216.27,3216.03,19:02:49
2026-01-06 19:02:50+00:00,,170.0,ETH,3216.31,3215.85,19:02:50
2026-01-06 19:02:51+00:00,,171.0,ETH,3216.03,3215.84,19:02:51
2026-01-06 19:02:52+00:00,,172.0,ETH,3215.98,3215.85,19:02:52
2026-01-06 19:02:53+00:00,,173.0,ETH,3215.71,3215.64,19:02:53
2026-01-06 19:02:54+00:00,,174.0,ETH,3215.71,3215.55,19:02:54
2026-01-06 19:02:55+00:00,,175.0,ETH,3215.62,3215.55,19:02:55
2026-01-06 19:02:56+00:00,,176.0,ETH,3216.02,3215.98,19:02:56
2026-01-06 19:02:57+00:00,,177.0,ETH,3216.56,3216.45,19:02:57
2026-01-06 19:02:58+00:00,,178.0,ETH,3216.76,3216.74,19:02:58
2026-01-06 19:02:59+00:00,,179.0,ETH,3216.87,3216.62,19:02:59
2026-01-06 19:03:00+00:00,,180.0,ETH,3216.56,3216.25,19:03:00
2026-01-06 19:03:01+00:00,,181.0,ETH,3216.06,3215.98,19:03:01
2026-01-06 19:03:02+00:00,,182.0,ETH,3215.79,3215.78,19:03:02
2026-01-06 19:03:03+00:00,,183.0,ETH,3215.71,3215.71,19:03:03
2026-01-06 19:03:04+00:00,,184.0,ETH,3215.83,3215.71,19:03:04
2026-01-06 19:03:05+00:00,,185.0,ETH,3215.94,3215.71,19:03:05
2026-01-06 19:03:06+00:00,,186.0,ETH,3215.81,3215.7,19:03:06
2026-01-06 19:03:07+00:00,,187.0,ETH,3215.69,3215.69,19:03:07
2026-01-06 19:03:08+00:00,,188.0,ETH,3215.75,3215.7,19:03:08
2026-01-06 19:03:09+00:00,,189.0,ETH,3215.92,3215.76,19:03:09
2026-01-06 19:03:10+00:00,,190.0,ETH,3216.0,3215.93,19:03:10
2026-01-06 19:03:11+00:00,,191.0,ETH,3215.95,3215.75,19:03:11
2026-01-06 19:03:12+00:00,,192.0,ETH,3215.9,3215.69,19:03:12
2026-01-06 19:03:13+00:00,,193.0,ETH,3215.79,3215.72,19:03:13
2026-01-06 19:03:14+00:00,,194.0,ETH,3215.92,3215.87,19:03:14
2026-01-06 19:03:15+00:00,,195.0,ETH,3216.39,3216.33,19:03:15
2026-01-06 19:03:16+00:00,,196.0,ETH,3216.73,3216.52,19:03:16
2026-01-06 19:03:17+00:00,,197.0,ETH,3217.48,3217.35,19:03:17
2026-01-06 19:03:18+00:00,,198.0,ETH,3217.73,3217.37,19:03:18
2026-01-06 19:03:19+00:00,,199.0,ETH,3217.67,3217.64,19:03:19
2026-01-06 19:03:20+00:00,,200.0,ETH,3217.67,3217.64,19:03:20
2026-01-06 19:03:21+00:00,,201.0,ETH,3217.64,3217.61,19:03:21
2026-01-06 19:03:22+00:00,,202.0,ETH,3217.38,3217.38,19:03:22
2026-01-06 19:03:23+00:00,,203.0,ETH,3217.38,3217.38,19:03:23
2026-01-06 19:03:24+00:00,,204.0,ETH,3217.38,3217.38,19:03:24
2026-01-06 19:03:25+00:00,,205.0,ETH,3217.38,3217.38,19:03:25
2026-01-06 19:03:26+00:00,,206.0,ETH,3217.38,3217.38,19:03:26
2026-01-06 19:03:27+00:00,,207.0,ETH,3217.27,3217.23,19:03:27
2026-01-06 19:03:28+00:00,,208.0,ETH,3217.23,3217.07,19:03:28
2026-01-06 19:03:29+00:00,,209.0,ETH,3217.34,3217.19,19:03:29
2026-01-06 19:03:30+00:00,,210.0,ETH,3217.34,3217.2,19:03:30
2026-01-06 19:03:31+00:00,,211.0,ETH,3217.25,3217.2,19:03:31
2026-01-06 19:03:32+00:00,,212.0,ETH,3217.15,3217.06,19:03:31
2026-01-06 19:03:33+00:00,,213.0,ETH,3217.06,3217.0,19:03:33
2026-01-06 19:03:34+00:00,,214.0,ETH,3217.22,3217.12,19:03:34
2026-01-06 19:03:35+00:00,,215.0,ETH,3217.48,3217.29,19:03:35
2026-01-06 19:03:36+00:00,,216.0,ETH,3217.75,3217.49,19:03:36
2026-01-06 19:03:37+00:00,,217.0,ETH,3217.79,3217.49,19:03:37
2026-01-06 19:03:38+00:00,,218.0,ETH,3217.89,3217.83,19:03:38
2026-01-06 19:03:39+00:00,,219.0,ETH,3218.41,3218.22,19:03:39
2026-01-06 19:03:40+00:00,,220.0,ETH,3218.4,3218.27,19:03:40
2026-01-06 19:03:41+00:00,,221.0,ETH,3218.42,3218.22,19:03:41
2026-01-06 19:03:42+00:00,,222.0,ETH,3218.27,3218.22,19:03:42
2026-01-06 19:03:43+00:00,,223.0,ETH,3218.54,3218.52,19:03:43
2026-01-06 19:03:44+00:00,,224.0,ETH,3218.76,3218.57,19:03:44
2026-01-06 19:03:45+00:00,,225.0,ETH,3218.71,3218.49,19:03:45
2026-01-06 19:03:46+00:00,,226.0,ETH,3218.89,3218.84,19:03:46
2026-01-06 19:03:47+00:00,,227.0,ETH,3219.03,3218.84,19:03:47
2026-01-06 19:03:48+00:00,,228.0,ETH,3219.09,3218.88,19:03:48
2026-01-06 19:03:49+00:00,,229.0,ETH,3219.19,3219.12,19:03:49
2026-01-06 19:03:50+00:00,,230.0,ETH,3219.37,3219.36,19:03:50
2026-01-06 19:03:51+00:00,,231.0,ETH,3219.4,3218.98,19:03:51
2026-01-06 19:03:52+00:00,,232.0,ETH,3219.13,3219.13,19:03:52
2026-01-06 19:03:53+00:00,,233.0,ETH,3219.13,3219.12,19:03:53
2026-01-06 19:03:54+00:00,,234.0,ETH,3219.13,3219.13,19:03:54
2026-01-06 19:03:55+00:00,,235.0,ETH,3219.13,3219.13,19:03:55
2026-01-06 19:03:56+00:00,,236.0,ETH,3219.13,3219.13,19:03:56
2026-01-06 19:03:57+00:00,,237.0,ETH,3219.13,3219.12,19:03:57
2026-01-06 19:03:58+00:00,,238.0,ETH,3219.03,3218.96,19:03:58
2026-01-06 19:03:59+00:00,,239.0,ETH,3219.27,3219.25,19:03:59
2026-01-06 19:04:00+00:00,,240.0,ETH,3219.23,3219.07,19:04:00
2026-01-06 19:04:01+00:00,,241.0,ETH,3219.08,3219.07,19:04:01
2026-01-06 19:04:02+00:00,,242.0,ETH,3219.1,3219.08,19:04:02
2026-01-06 19:04:03+00:00,,243.0,ETH,3219.6,3219.5,19:04:03
2026-01-06 19:04:04+00:00,,244.0,ETH,3219.76,3219.67,19:04:04
2026-01-06 19:04:05+00:00,,245.0,ETH,3219.79,3219.69,19:04:05
2026-01-06 19:04:06+00:00,,246.0,ETH,3219.81,3219.69,19:04:06
2026-01-06 19:04:07+00:00,,247.0,ETH,3219.68,3219.58,19:04:07
2026-01-06 19:04:08+00:00,,248.0,ETH,3220.15,3220.06,19:04:08
2026-01-06 19:04:09+00:00,,249.0,ETH,3219.78,3219.45,19:04:09
2026-01-06 19:04:10+00:00,,250.0,ETH,3219.32,3219.26,19:04:10
2026-01-06 19:04:11+00:00,,251.0,ETH,3219.27,3219.26,19:04:11
2026-01-06 19:04:12+00:00,,252.0,ETH,3219.27,3219.26,19:04:12
2026-01-06 19:04:13+00:00,,253.0,ETH,3219.23,3219.17,19:04:13
2026-01-06 19:04:14+00:00,,254.0,ETH,3218.95,3218.84,19:04:14
2026-01-06 19:04:15+00:00,,255.0,ETH,3218.84,3218.84,19:04:15
2026-01-06 19:04:16+00:00,,256.0,ETH,3218.84,3218.84,19:04:16
2026-01-06 19:04:17+00:00,,257.0,ETH,3218.6,3218.41,19:04:17
2026-01-06 19:04:18+00:00,,258.0,ETH,3218.41,3218.41,19:04:18
2026-01-06 19:04:19+00:00,,259.0,ETH,3218.41,3218.41,19:04:19
2026-01-06 19:04:20+00:00,,260.0,ETH,3218.53,3218.46,19:04:20
2026-01-06 19:04:21+00:00,,261.0,ETH,3219.33,3219.17,19:04:21
2026-01-06 19:04:22+00:00,,262.0,ETH,3220.1,3219.9,19:04:22
2026-01-06 19:04:23+00:00,,263.0,ETH,3220.21,3219.97,19:04:23
2026-01-06 19:04:24+00:00,,264.0,ETH,3220.19,3220.0,19:04:24
2026-01-06 19:04:25+00:00,,265.0,ETH,3220.16,3220.09,19:04:25
2026-01-06 19:04:26+00:00,,266.0,ETH,3220.51,3220.35,19:04:26
2026-01-06 19:04:27+00:00,,267.0,ETH,3220.83,3220.56,19:04:27
2026-01-06 19:04:28+00:00,,268.0,ETH,3220.87,3220.7,19:04:28
2026-01-06 19:04:29+00:00,,269.0,ETH,3221.03,3220.92,19:04:29
2026-01-06 19:04:30+00:00,,270.0,ETH,3221.2,3221.08,19:04:30
2026-01-06 19:04:31+00:00,,271.0,ETH,3221.37,3221.28,19:04:31
2026-01-06 19:04:33+00:00,,273.0,ETH,3221.72,3221.6,19:04:33
2026-01-06 19:04:34+00:00,,274.0,ETH,3221.69,3221.61,19:04:34
2026-01-06 19:04:35+00:00,,275.0,ETH,3221.57,3221.51,19:04:35
2026-01-06 19:04:36+00:00,,276.0,ETH,3221.57,3221.51,19:04:36
2026-01-06 19:04:37+00:00,,277.0,ETH,3221.58,3221.52,19:04:37
2026-01-06 19:04:38+00:00,,278.0,ETH,3221.58,3221.52,19:04:38
2026-01-06 19:04:39+00:00,,279.0,ETH,3221.58,3221.51,19:04:39
2026-01-06 19:04:40+00:00,,280.0,ETH,3221.58,3221.51,19:04:40
2026-01-06 19:04:41+00:00,,281.0,ETH,3221.58,3221.51,19:04:41
2026-01-06 19:04:42+00:00,,282.0,ETH,3221.58,3221.5,19:04:42
2026-01-06 19:04:43+00:00,,283.0,ETH,3221.58,3221.51,19:04:43
2026-01-06 19:04:44+00:00,,284.0,ETH,3221.58,3221.53,19:04:44
2026-01-06 19:04:45+00:00,,285.0,ETH,3221.58,3221.51,19:04:45
2026-01-06 19:04:46+00:00,,286.0,ETH,3221.58,3221.49,19:04:46
2026-01-06 19:04:47+00:00,,287.0,ETH,3221.55,3221.49,19:04:47
2026-01-06 19:04:48+00:00,,288.0,ETH,3221.56,3221.5,19:04:48
2026-01-06 19:04:49+00:00,,289.0,ETH,3221.56,3221.51,19:04:49
2026-01-06 19:04:50+00:00,,290.0,ETH,3221.56,3221.53,19:04:50
2026-01-06 19:04:51+00:00,,291.0,ETH,3221.56,3221.48,19:04:51
2026-01-06 19:04:52+00:00,,292.0,ETH,3221.55,3221.49,19:04:52
2026-01-06 19:04:53+00:00,,293.0,ETH,3221.51,3221.43,19:04:53
2026-01-06 19:04:54+00:00,,294.0,ETH,3221.47,3221.34,19:04:54
2026-01-06 19:04:55+00:00,,295.0,ETH,3221.43,3221.34,19:04:55
2026-01-06 19:04:56+00:00,,296.0,ETH,3221.38,3221.3,19:04:56
2026-01-06 19:04:57+00:00,,297.0,ETH,3221.36,3221.26,19:04:57
2026-01-06 19:04:58+00:00,,298.0,ETH,3221.31,3221.26,19:04:58
2026-01-06 19:04:59+00:00,,299.0,ETH,3221.25,3221.25,19:04:59
2026-01-06 19:05:00+00:00,,300.0,ETH,3221.25,3221.25,19:05:00
2026-01-06 19:05:01+00:00,,301.0,ETH,3221.3,3221.28,19:05:01
2026-01-06 19:05:02+00:00,,302.0,ETH,3221.41,3221.35,19:05:02
2026-01-06 19:05:03+00:00,,303.0,ETH,3221.5,3221.41,19:05:03
2026-01-06 19:05:04+00:00,,304.0,ETH,3221.52,3221.41,19:05:04
2026-01-06 19:05:05+00:00,,305.0,ETH,3221.67,3221.55,19:05:05
2026-01-06 19:05:06+00:00,,306.0,ETH,3221.77,3221.61,19:05:06
2026-01-06 19:05:07+00:00,,307.0,ETH,3221.72,3221.53,19:05:07
2026-01-06 19:05:08+00:00,,308.0,ETH,3221.57,3221.3,19:05:08
2026-01-06 19:05:09+00:00,,309.0,ETH,3221.02,3220.97,19:05:09
2026-01-06 19:05:10+00:00,,310.0,ETH,3220.81,3220.75,19:05:10
2026-01-06 19:05:11+00:00,,311.0,ETH,3220.59,3220.54,19:05:11
2026-01-06 19:05:12+00:00,,312.0,ETH,3220.59,3220.5,19:05:12
2026-01-06 19:05:13+00:00,,313.0,ETH,3220.68,3220.47,19:05:13
2026-01-06 19:05:14+00:00,,314.0,ETH,3220.56,3220.46,19:05:14
2026-01-06 19:05:15+00:00,,315.0,ETH,3220.45,3220.44,19:05:15
2026-01-06 19:05:16+00:00,,316.0,ETH,3220.49,3220.45,19:05:16
2026-01-06 19:05:17+00:00,,317.0,ETH,3220.52,3220.48,19:05:17
2026-01-06 19:05:18+00:00,,318.0,ETH,3220.5,3220.44,19:05:18
2026-01-06 19:05:19+00:00,,319.0,ETH,3220.69,3220.61,19:05:19
2026-01-06 19:05:20+00:00,,320.0,ETH,3220.88,3220.76,19:05:20
2026-01-06 19:05:21+00:00,,321.0,ETH,3220.88,3220.77,19:05:21
2026-01-06 19:05:22+00:00,,322.0,ETH,3220.86,3220.53,19:05:22
2026-01-06 19:05:23+00:00,,323.0,ETH,3220.7,3220.53,19:05:23
2026-01-06 19:05:24+00:00,,324.0,ETH,3220.53,3220.53,19:05:24
2026-01-06 19:05:25+00:00,,325.0,ETH,3220.59,3220.54,19:05:25
2026-01-06 19:05:26+00:00,,326.0,ETH,3220.55,3220.54,19:05:26
2026-01-06 19:05:27+00:00,,327.0,ETH,3220.55,3220.54,19:05:27
2026-01-06 19:05:28+00:00,,328.0,ETH,3220.55,3220.54,19:05:28
2026-01-06 19:05:29+00:00,,329.0,ETH,3220.55,3220.54,19:05:29
2026-01-06 19:05:30+00:00,,330.0,ETH,3220.55,3220.54,19:05:30
2026-01-06 19:05:31+00:00,,331.0,ETH,3220.19,3219.95,19:05:31
2026-01-06 19:05:32+00:00,,332.0,ETH,3220.01,3219.85,19:05:32
2026-01-06 19:05:33+00:00,,333.0,ETH,3219.9,3219.75,19:05:33
2026-01-06 19:05:34+00:00,,334.0,ETH,3219.83,3219.76,19:05:34
2026-01-06 19:05:35+00:00,,335.0,ETH,3219.88,3219.76,19:05:35
2026-01-06 19:05:36+00:00,,336.0,ETH,3219.92,3219.75,19:05:36
2026-01-06 19:05:37+00:00,,337.0,ETH,3219.84,3219.75,19:05:37
2026-01-06 19:05:38+00:00,,338.0,ETH,3219.72,3219.69,19:05:38
2026-01-06 19:05:39+00:00,,339.0,ETH,3219.68,3219.63,19:05:39
2026-01-06 19:05:41+00:00,,341.0,ETH,3219.71,3219.48,19:05:41
2026-01-06 19:05:42+00:00,,342.0,ETH,3219.47,3219.11,19:05:42
2026-01-06 19:05:43+00:00,,343.0,ETH,3219.28,3219.13,19:05:43
2026-01-06 19:05:44+00:00,,344.0,ETH,3219.42,3219.25,19:05:44
2026-01-06 19:05:45+00:00,,345.0,ETH,3219.5,3219.46,19:05:45
2026-01-06 19:05:46+00:00,,346.0,ETH,3219.73,3219.57,19:05:46
2026-01-06 19:05:47+00:00,,347.0,ETH,3219.79,3219.72,19:05:47
2026-01-06 19:05:48+00:00,,348.0,ETH,3219.83,3219.7,19:05:48
2026-01-06 19:05:49+00:00,,349.0,ETH,3219.73,3219.71,19:05:49
2026-01-06 19:05:50+00:00,,350.0,ETH,3219.74,3219.66,19:05:50
2026-01-06 19:05:51+00:00,,351.0,ETH,3219.74,3219.68,19:05:51
2026-01-06 19:05:52+00:00,,352.0,ETH,3219.81,3219.7,19:05:52
2026-01-06 19:05:53+00:00,,353.0,ETH,3219.83,3219.7,19:05:53
2026-01-06 19:05:54+00:00,,354.0,ETH,3219.84,3219.73,19:05:54
2026-01-06 19:05:55+00:00,,355.0,ETH,3219.89,3219.75,19:05:55
2026-01-06 19:05:56+00:00,,356.0,ETH,3219.89,3219.72,19:05:56
2026-01-06 19:05:57+00:00,,357.0,ETH,3219.71,3219.59,19:05:57
2026-01-06 19:05:58+00:00,,358.0,ETH,3219.51,3219.47,19:05:58
2026-01-06 19:05:59+00:00,,359.0,ETH,3219.47,3219.44,19:05:59
2026-01-06 19:06:00+00:00,,360.0,ETH,3219.46,3219.41,19:06:00
2026-01-06 19:06:01+00:00,,361.0,ETH,3219.46,3219.41,19:06:01
2026-01-06 19:06:02+00:00,,362.0,ETH,3219.46,3219.42,19:06:02
2026-01-06 19:06:03+00:00,,363.0,ETH,3219.37,3219.21,19:06:03
2026-01-06 19:06:04+00:00,,364.0,ETH,3219.21,3218.98,19:06:04
2026-01-06 19:06:05+00:00,,365.0,ETH,3219.08,3218.94,19:06:05
2026-01-06 19:06:06+00:00,,366.0,ETH,3218.95,3218.9,19:06:06
2026-01-06 19:06:07+00:00,,367.0,ETH,3218.86,3218.85,19:06:07
2026-01-06 19:06:08+00:00,,368.0,ETH,3218.98,3218.91,19:06:08
2026-01-06 19:06:09+00:00,,369.0,ETH,3219.22,3219.14,19:06:09
2026-01-06 19:06:10+00:00,,370.0,ETH,3219.49,3219.41,19:06:10
2026-01-06 19:06:11+00:00,,371.0,ETH,3219.64,3219.56,19:06:11
2026-01-06 19:06:12+00:00,,372.0,ETH,3219.66,3219.56,19:06:12
2026-01-06 19:06:13+00:00,,373.0,ETH,3219.8,3219.71,19:06:13
2026-01-06 19:06:14+00:00,,374.0,ETH,3219.93,3219.85,19:06:14
2026-01-06 19:06:15+00:00,,375.0,ETH,3219.94,3219.84,19:06:15
2026-01-06 19:06:16+00:00,,376.0,ETH,3219.96,3219.87,19:06:16
2026-01-06 19:06:17+00:00,,377.0,ETH,3219.95,3219.85,19:06:17
2026-01-06 19:06:18+00:00,,378.0,ETH,3219.91,3219.81,19:06:18
2026-01-06 19:06:19+00:00,,379.0,ETH,3219.93,3219.84,19:06:19
2026-01-06 19:06:20+00:00,,380.0,ETH,3220.11,3220.04,19:06:20
2026-01-06 19:06:21+00:00,,381.0,ETH,3220.29,3220.26,19:06:21
2026-01-06 19:06:22+00:00,,382.0,ETH,3220.46,3220.34,19:06:22
2026-01-06 19:06:23+00:00,,383.0,ETH,3220.55,3220.34,19:06:23
2026-01-06 19:06:24+00:00,,384.0,ETH,3220.44,3220.34,19:06:24
2026-01-06 19:06:25+00:00,,385.0,ETH,3220.84,3220.76,19:06:25
2026-01-06 19:06:26+00:00,,386.0,ETH,3221.32,3221.18,19:06:26
2026-01-06 19:06:27+00:00,,387.0,ETH,3221.33,3221.18,19:06:27
2026-01-06 19:06:28+00:00,,388.0,ETH,3221.33,3221.18,19:06:28
2026-01-06 19:06:29+00:00,,389.0,ETH,3221.32,3221.18,19:06:29
2026-01-06 19:06:30+00:00,,390.0,ETH,3221.3,3221.15,19:06:30
2026-01-06 19:06:31+00:00,,391.0,ETH,3221.25,3221.11,19:06:31
2026-01-06 19:06:32+00:00,,392.0,ETH,3221.2,3221.11,19:06:32
2026-01-06 19:06:33+00:00,,393.0,ETH,3221.18,3221.11,19:06:33
2026-01-06 19:06:34+00:00,,394.0,ETH,3221.26,3221.15,19:06:34
2026-01-06 19:06:35+00:00,,395.0,ETH,3221.34,3221.2,19:06:35
2026-01-06 19:06:37+00:00,,397.0,ETH,3221.06,3220.87,19:06:37
2026-01-06 19:06:38+00:00,,398.0,ETH,3220.89,3220.87,19:06:38
2026-01-06 19:06:39+00:00,,399.0,ETH,3220.82,3220.79,19:06:38
2026-01-06 19:06:40+00:00,,400.0,ETH,3220.79,3220.72,19:06:40
2026-01-06 19:06:41+00:00,,401.0,ETH,3220.87,3220.79,19:06:41
2026-01-06 19:06:42+00:00,,402.0,ETH,3220.87,3220.84,19:06:42
2026-01-06 19:06:43+00:00,,403.0,ETH,3220.89,3220.84,19:06:43
2026-01-06 19:06:44+00:00,,404.0,ETH,3220.79,3220.75,19:06:44
2026-01-06 19:06:45+00:00,,405.0,ETH,3220.69,3220.55,19:06:45
2026-01-06 19:06:46+00:00,,406.0,ETH,3220.72,3220.6,19:06:46
2026-01-06 19:06:47+00:00,,407.0,ETH,3220.74,3220.68,19:06:47
2026-01-06 19:06:48+00:00,,408.0,ETH,3220.77,3220.7,19:06:48
2026-01-06 19:06:49+00:00,,409.0,ETH,3220.77,3220.72,19:06:49
2026-01-06 19:06:50+00:00,,410.0,ETH,3220.77,3220.74,19:06:50
2026-01-06 19:06:51+00:00,,411.0,ETH,3220.77,3220.74,19:06:51
2026-01-06 19:06:52+00:00,,412.0,ETH,3220.77,3220.74,19:06:52
2026-01-06 19:06:53+00:00,,413.0,ETH,3220.77,3220.74,19:06:53
2026-01-06 19:06:54+00:00,,414.0,ETH,3220.77,3220.74,19:06:54
2026-01-06 19:06:55+00:00,,415.0,ETH,3220.64,3220.61,19:06:55
2026-01-06 19:06:56+00:00,,416.0,ETH,3220.5,3220.47,19:06:56
2026-01-06 19:06:57+00:00,,417.0,ETH,3220.51,3220.47,19:06:57
2026-01-06 19:06:58+00:00,,418.0,ETH,3220.5,3220.47,19:06:58
2026-01-06 19:06:59+00:00,,419.0,ETH,3220.54,3220.48,19:06:59
2026-01-06 19:07:00+00:00,,420.0,ETH,3220.66,3220.56,19:07:00
2026-01-06 19:07:01+00:00,,421.0,ETH,3220.71,3220.63,19:07:01
2026-01-06 19:07:02+00:00,,422.0,ETH,3220.79,3220.67,19:07:02
2026-01-06 19:07:03+00:00,,423.0,ETH,3220.84,3220.67,19:07:03
2026-01-06 19:07:04+00:00,,424.0,ETH,3220.75,3220.64,19:07:04
2026-01-06 19:07:05+00:00,,425.0,ETH,3220.7,3220.64,19:07:05
2026-01-06 19:07:06+00:00,,426.0,ETH,3220.86,3220.81,19:07:06
2026-01-06 19:07:07+00:00,,427.0,ETH,3221.18,3221.03,19:07:07
2026-01-06 19:07:08+00:00,,428.0,ETH,3221.34,3221.1,19:07:08
2026-01-06 19:07:09+00:00,,429.0,ETH,3221.34,3221.16,19:07:09
2026-01-06 19:07:10+00:00,,430.0,ETH,3221.36,3221.21,19:07:10
2026-01-06 19:07:11+00:00,,431.0,ETH,3221.37,3221.27,19:07:11
2026-01-06 19:07:12+00:00,,432.0,ETH,3221.54,3221.47,19:07:12
2026-01-06 19:07:13+00:00,,433.0,ETH,3221.7,3221.58,19:07:13
2026-01-06 19:07:14+00:00,,434.0,ETH,3221.72,3221.62,19:07:14
2026-01-06 19:07:15+00:00,,435.0,ETH,3221.75,3221.65,19:07:15
2026-01-06 19:07:16+00:00,,436.0,ETH,3221.73,3221.6,19:07:16
2026-01-06 19:07:17+00:00,,437.0,ETH,3221.62,3221.53,19:07:17
2026-01-06 19:07:18+00:00,,438.0,ETH,3221.52,3221.44,19:07:18
2026-01-06 19:07:19+00:00,,439.0,ETH,3221.46,3221.39,19:07:19
2026-01-06 19:07:20+00:00,,440.0,ETH,3221.38,3221.16,19:07:20
2026-01-06 19:07:21+00:00,,441.0,ETH,3221.14,3220.89,19:07:21
2026-01-06 19:07:22+00:00,,442.0,ETH,3220.94,3220.85,19:07:22
2026-01-06 19:07:23+00:00,,443.0,ETH,3220.94,3220.84,19:07:23
2026-01-06 19:07:24+00:00,,444.0,ETH,3220.94,3220.84,19:07:24
2026-01-06 19:07:25+00:00,,445.0,ETH,3220.94,3220.85,19:07:25
2026-01-06 19:07:26+00:00,,446.0,ETH,3220.94,3220.85,19:07:26
2026-01-06 19:07:27+00:00,,447.0,ETH,3220.9,3220.82,19:07:27
2026-01-06 19:07:28+00:00,,448.0,ETH,3220.81,3220.74,19:07:28
2026-01-06 19:07:29+00:00,,449.0,ETH,3220.79,3220.69,19:07:29
2026-01-06 19:07:30+00:00,,450.0,ETH,3220.77,3220.69,19:07:30
2026-01-06 19:07:31+00:00,,451.0,ETH,3220.73,3220.67,19:07:31
2026-01-06 19:07:32+00:00,,452.0,ETH,3220.73,3220.68,19:07:32
2026-01-06 19:07:33+00:00,,453.0,ETH,3220.67,3220.52,19:07:33
2026-01-06 19:07:34+00:00,,454.0,ETH,3220.49,3220.36,19:07:34
2026-01-06 19:07:35+00:00,,455.0,ETH,3220.36,3220.35,19:07:35
2026-01-06 19:07:36+00:00,,456.0,ETH,3220.38,3220.35,19:07:36
2026-01-06 19:07:37+00:00,,457.0,ETH,3220.41,3220.36,19:07:37
2026-01-06 19:07:38+00:00,,458.0,ETH,3220.38,3220.34,19:07:38
2026-01-06 19:07:39+00:00,,459.0,ETH,3220.35,3220.32,19:07:39
2026-01-06 19:07:40+00:00,,460.0,ETH,3220.35,3220.31,19:07:40
2026-01-06 19:07:41+00:00,,461.0,ETH,3220.35,3220.31,19:07:41
2026-01-06 19:07:43+00:00,,463.0,ETH,3220.36,3220.31,19:07:43
2026-01-06 19:07:44+00:00,,464.0,ETH,3220.33,3220.29,19:07:44
2026-01-06 19:07:45+00:00,,465.0,ETH,3220.33,3220.29,19:07:45
2026-01-06 19:07:46+00:00,,466.0,ETH,3220.29,3220.29,19:07:46
2026-01-06 19:07:47+00:00,,467.0,ETH,3220.29,3220.24,19:07:47
2026-01-06 19:07:48+00:00,,468.0,ETH,3220.2,3220.16,19:07:48
2026-01-06 19:07:49+00:00,,469.0,ETH,3220.14,3220.1,19:07:49
2026-01-06 19:07:50+00:00,,470.0,ETH,3220.08,3220.08,19:07:50
2026-01-06 19:07:51+00:00,,471.0,ETH,3220.17,3220.16,19:07:51
2026-01-06 19:07:52+00:00,,472.0,ETH,3220.11,3220.11,19:07:52
2026-01-06 19:07:53+00:00,,473.0,ETH,3220.1,3220.05,19:07:53
2026-01-06 19:07:54+00:00,,474.0,ETH,3219.77,3219.72,19:07:54
2026-01-06 19:07:55+00:00,,475.0,ETH,3219.77,3219.72,19:07:55
2026-01-06 19:07:56+00:00,,476.0,ETH,3219.79,3219.78,19:07:56
2026-01-06 19:07:57+00:00,,477.0,ETH,3219.74,3219.73,19:07:57
2026-01-06 19:07:58+00:00,,478.0,ETH,3219.69,3219.68,19:07:58
2026-01-06 19:07:59+00:00,,479.0,ETH,3219.73,3219.68,19:07:59
2026-01-06 19:08:00+00:00,,480.0,ETH,3219.69,3219.64,19:08:00
2026-01-06 19:08:01+00:00,,481.0,ETH,3219.54,3219.52,19:08:01
2026-01-06 19:08:02+00:00,,482.0,ETH,3219.29,3219.25,19:08:02
2026-01-06 19:08:03+00:00,,483.0,ETH,3219.06,3219.02,19:08:03
2026-01-06 19:08:04+00:00,,484.0,ETH,3218.93,3218.89,19:08:04
2026-01-06 19:08:05+00:00,,485.0,ETH,3218.85,3218.8,19:08:05
2026-01-06 19:08:06+00:00,,486.0,ETH,3218.85,3218.8,19:08:06
2026-01-06 19:08:07+00:00,,487.0,ETH,3218.81,3218.78,19:08:07
2026-01-06 19:08:08+00:00,,488.0,ETH,3218.91,3218.79,19:08:08
2026-01-06 19:08:09+00:00,,489.0,ETH,3219.24,3219.13,19:08:09
2026-01-06 19:08:10+00:00,,490.0,ETH,3219.58,3219.51,19:08:10
2026-01-06 19:08:11+00:00,,491.0,ETH,3219.81,3219.71,19:08:11
2026-01-06 19:08:12+00:00,,492.0,ETH,3220.18,3220.07,19:08:12
2026-01-06 19:08:13+00:00,,493.0,ETH,3220.48,3220.3,19:08:13
2026-01-06 19:08:14+00:00,,494.0,ETH,3220.4,3220.21,19:08:14
2026-01-06 19:08:15+00:00,,495.0,ETH,3220.34,3220.23,19:08:15
2026-01-06 19:08:16+00:00,,496.0,ETH,3220.49,3220.39,19:08:16
2026-01-06 19:08:17+00:00,,497.0,ETH,3220.64,3220.48,19:08:17
2026-01-06 19:08:18+00:00,,498.0,ETH,3220.68,3220.52,19:08:18
2026-01-06 19:08:19+00:00,,499.0,ETH,3220.68,3220.52,19:08:19
2026-01-06 19:08:20+00:00,,500.0,ETH,3220.68,3220.52,19:08:20
2026-01-06 19:08:21+00:00,,501.0,ETH,3220.68,3220.52,19:08:21
2026-01-06 19:08:22+00:00,,502.0,ETH,3220.68,3220.52,19:08:22
2026-01-06 19:08:23+00:00,,503.0,ETH,3220.68,3220.52,19:08:23
2026-01-06 19:08:24+00:00,,504.0,ETH,3220.68,3220.62,19:08:24
2026-01-06 19:08:25+00:00,,505.0,ETH,3220.68,3220.6,19:08:25
2026-01-06 19:08:26+00:00,,506.0,ETH,3220.6,3220.01,19:08:26
2026-01-06 19:08:27+00:00,,507.0,ETH,3220.08,3220.01,19:08:27
2026-01-06 19:08:28+00:00,,508.0,ETH,3219.99,3219.87,19:08:28
2026-01-06 19:08:29+00:00,,509.0,ETH,3219.99,3219.87,19:08:29
2026-01-06 19:08:30+00:00,,510.0,ETH,3219.97,3219.88,19:08:30
2026-01-06 19:08:31+00:00,,511.0,ETH,3220.13,3220.11,19:08:31
2026-01-06 19:08:32+00:00,,512.0,ETH,3220.34,3220.2,19:08:32
2026-01-06 19:08:33+00:00,,513.0,ETH,3220.37,3220.22,19:08:33
2026-01-06 19:08:34+00:00,,514.0,ETH,3220.37,3220.22,19:08:34
2026-01-06 19:08:35+00:00,,515.0,ETH,3220.44,3220.25,19:08:35
2026-01-06 19:08:36+00:00,,516.0,ETH,3220.48,3220.4,19:08:36
2026-01-06 19:08:37+00:00,,517.0,ETH,3220.45,3220.41,19:08:37
2026-01-06 19:08:38+00:00,,518.0,ETH,3220.54,3220.47,19:08:38
2026-01-06 19:08:39+00:00,,519.0,ETH,3220.5,3220.43,19:08:39
2026-01-06 19:08:40+00:00,,520.0,ETH,3220.68,3220.54,19:08:40
2026-01-06 19:08:41+00:00,,521.0,ETH,3220.85,3220.64,19:08:41
2026-01-06 19:08:42+00:00,,522.0,ETH,3220.92,3220.72,19:08:42
2026-01-06 19:08:43+00:00,,523.0,ETH,3220.8,3220.64,19:08:43
2026-01-06 19:08:44+00:00,,524.0,ETH,3220.68,3220.56,19:08:44
2026-01-06 19:08:45+00:00,,525.0,ETH,3220.68,3220.6,19:08:45
2026-01-06 19:08:46+00:00,,526.0,ETH,3220.6,3220.52,19:08:46
2026-01-06 19:08:47+00:00,,527.0,ETH,3220.48,3220.4,19:08:47
2026-01-06 19:08:48+00:00,,528.0,ETH,3220.42,3220.29,19:08:48
2026-01-06 19:08:49+00:00,,529.0,ETH,3220.41,3220.29,19:08:49
2026-01-06 19:08:50+00:00,,530.0,ETH,3220.4,3220.28,19:08:50
2026-01-06 19:08:51+00:00,,531.0,ETH,3220.39,3220.29,19:08:51
2026-01-06 19:08:52+00:00,,532.0,ETH,3220.38,3220.29,19:08:52
2026-01-06 19:08:53+00:00,,533.0,ETH,3220.38,3220.27,19:08:53
2026-01-06 19:08:54+00:00,,534.0,ETH,3220.42,3220.36,19:08:54
2026-01-06 19:08:55+00:00,,535.0,ETH,3220.41,3220.37,19:08:55
2026-01-06 19:08:56+00:00,,536.0,ETH,3220.52,3220.51,19:08:56
2026-01-06 19:08:57+00:00,,537.0,ETH,3220.84,3220.79,19:08:57
2026-01-06 19:08:58+00:00,,538.0,ETH,3220.81,3220.63,19:08:58
2026-01-06 19:08:59+00:00,,539.0,ETH,3220.78,3220.65,19:08:59
2026-01-06 19:09:00+00:00,,540.0,ETH,3220.68,3220.58,19:09:00
2026-01-06 19:09:01+00:00,,541.0,ETH,3220.41,3220.39,19:09:01
2026-01-06 19:09:02+00:00,,542.0,ETH,3220.35,3220.18,19:09:02
2026-01-06 19:09:03+00:00,,543.0,ETH,3220.35,3220.23,19:09:03
2026-01-06 19:09:04+00:00,,544.0,ETH,3220.35,3220.21,19:09:04
2026-01-06 19:09:05+00:00,,545.0,ETH,3220.35,3220.2,19:09:05
2026-01-06 19:09:06+00:00,,546.0,ETH,3220.31,3220.24,19:09:06
2026-01-06 19:09:07+00:00,,547.0,ETH,3220.49,3220.43,19:09:07
2026-01-06 19:09:08+00:00,,548.0,ETH,3220.61,3220.53,19:09:08
2026-01-06 19:09:09+00:00,,549.0,ETH,3220.49,3220.32,19:09:09
2026-01-06 19:09:10+00:00,,550.0,ETH,3220.27,3220.1,19:09:10
2026-01-06 19:09:11+00:00,,551.0,ETH,3220.1,3220.01,19:09:11
2026-01-06 19:09:12+00:00,,552.0,ETH,3220.13,3220.05,19:09:12
2026-01-06 19:09:13+00:00,,553.0,ETH,3220.29,3220.2,19:09:13
2026-01-06 19:09:14+00:00,,554.0,ETH,3220.38,3220.31,19:09:14
2026-01-06 19:09:15+00:00,,555.0,ETH,3220.46,3220.4,19:09:15
2026-01-06 19:09:16+00:00,,556.0,ETH,3220.55,3220.52,19:09:16
2026-01-06 19:09:17+00:00,,557.0,ETH,3220.62,3220.57,19:09:17
2026-01-06 19:09:18+00:00,,558.0,ETH,3220.7,3220.63,19:09:18
2026-01-06 19:09:19+00:00,,559.0,ETH,3220.71,3220.66,19:09:19
2026-01-06 19:09:20+00:00,,560.0,ETH,3220.71,3220.67,19:09:20
2026-01-06 19:09:21+00:00,,561.0,ETH,3220.71,3220.68,19:09:21
2026-01-06 19:09:22+00:00,,562.0,ETH,3220.71,3220.61,19:09:22
2026-01-06 19:09:23+00:00,,563.0,ETH,3220.72,3220.55,19:09:23
2026-01-06 19:09:24+00:00,,564.0,ETH,3220.71,3220.56,19:09:24
2026-01-06 19:09:26+00:00,,566.0,ETH,3220.7,3220.56,19:09:26
2026-01-06 19:09:27+00:00,,567.0,ETH,3220.7,3220.64,19:09:27
2026-01-06 19:09:28+00:00,,568.0,ETH,3220.66,3220.58,19:09:28
2026-01-06 19:09:29+00:00,,569.0,ETH,3220.66,3220.56,19:09:29
2026-01-06 19:09:30+00:00,,570.0,ETH,3220.67,3220.56,19:09:30
2026-01-06 19:09:31+00:00,,571.0,ETH,3220.72,3220.68,19:09:31
2026-01-06 19:09:32+00:00,,572.0,ETH,3220.82,3220.68,19:09:32
2026-01-06 19:09:33+00:00,,573.0,ETH,3220.82,3220.68,19:09:33
2026-01-06 19:09:34+00:00,,574.0,ETH,3220.82,3220.68,19:09:34
2026-01-06 19:09:35+00:00,,575.0,ETH,3220.83,3220.69,19:09:35
2026-01-06 19:09:36+00:00,,576.0,ETH,3220.82,3220.69,19:09:36
2026-01-06 19:09:37+00:00,,577.0,ETH,3220.87,3220.78,19:09:37
2026-01-06 19:09:38+00:00,,578.0,ETH,3220.88,3220.78,19:09:38
2026-01-06 19:09:39+00:00,,579.0,ETH,3220.9,3220.78,19:09:39
2026-01-06 19:09:40+00:00,,580.0,ETH,3220.91,3220.78,19:09:40
2026-01-06 19:09:41+00:00,,581.0,ETH,3220.91,3220.78,19:09:41
2026-01-06 19:09:42+00:00,,582.0,ETH,3220.91,3220.78,19:09:42
2026-01-06 19:09:43+00:00,,583.0,ETH,3220.44,3220.27,19:09:43
2026-01-06 19:09:44+00:00,,584.0,ETH,3220.23,3220.2,19:09:44
2026-01-06 19:09:45+00:00,,585.0,ETH,3219.9,3219.88,19:09:45
2026-01-06 19:09:46+00:00,,586.0,ETH,3219.82,3219.82,19:09:46
2026-01-06 19:09:47+00:00,,587.0,ETH,3219.82,3219.81,19:09:47
2026-01-06 19:09:48+00:00,,588.0,ETH,3219.76,3219.76,19:09:48
2026-01-06 19:09:49+00:00,,589.0,ETH,3219.25,3219.23,19:09:49
2026-01-06 19:09:50+00:00,,590.0,ETH,3219.26,3219.25,19:09:50
2026-01-06 19:09:51+00:00,,591.0,ETH,3219.26,3219.25,19:09:51
2026-01-06 19:09:52+00:00,,592.0,ETH,3219.17,3219.17,19:09:52
2026-01-06 19:09:53+00:00,,593.0,ETH,3219.28,3219.28,19:09:53
2026-01-06 19:09:54+00:00,,594.0,ETH,3219.18,3219.18,19:09:54
2026-01-06 19:09:55+00:00,,595.0,ETH,3219.18,3219.18,19:09:55
2026-01-06 19:09:56+00:00,,596.0,ETH,3219.18,3219.18,19:09:56
2026-01-06 19:09:57+00:00,,597.0,ETH,3219.18,3219.18,19:09:57
2026-01-06 19:09:58+00:00,,598.0,ETH,3219.28,3219.27,19:09:58
2026-01-06 19:09:59+00:00,,599.0,ETH,3219.28,3219.27,19:09:59
2026-01-06 19:10:00+00:00,,600.0,ETH,3219.31,3219.29,19:10:00
2026-01-06 19:10:01+00:00,,601.0,ETH,3219.36,3219.32,19:10:01
2026-01-06 19:10:02+00:00,,602.0,ETH,3219.34,3219.29,19:10:02
2026-01-06 19:10:03+00:00,,603.0,ETH,3219.46,3219.43,19:10:03
2026-01-06 19:10:04+00:00,,604.0,ETH,3219.69,3219.67,19:10:04
2026-01-06 19:10:05+00:00,,605.0,ETH,3219.81,3219.72,19:10:05
2026-01-06 19:10:07+00:00,,607.0,ETH,3219.89,3219.81,19:10:07
2026-01-06 19:10:08+00:00,,608.0,ETH,3220.03,3219.94,19:10:08
2026-01-06 19:10:09+00:00,,609.0,ETH,3220.16,3219.95,19:10:09
2026-01-06 19:10:10+00:00,,610.0,ETH,3220.12,3219.95,19:10:10
2026-01-06 19:10:11+00:00,,611.0,ETH,3220.13,3219.95,19:10:11
2026-01-06 19:10:12+00:00,,612.0,ETH,3220.11,3219.95,19:10:12
2026-01-06 19:10:13+00:00,,613.0,ETH,3220.3,3220.05,19:10:13
2026-01-06 19:10:14+00:00,,614.0,ETH,3220.75,3220.68,19:10:14
2026-01-06 19:10:15+00:00,,615.0,ETH,3220.81,3220.74,19:10:15
2026-01-06 19:10:16+00:00,,616.0,ETH,3220.83,3220.75,19:10:16
2026-01-06 19:10:17+00:00,,617.0,ETH,3220.84,3220.75,19:10:17
2026-01-06 19:10:18+00:00,,618.0,ETH,3220.85,3220.76,19:10:18
2026-01-06 19:10:19+00:00,,619.0,ETH,3220.89,3220.76,19:10:19
2026-01-06 19:10:20+00:00,,620.0,ETH,3220.9,3220.75,19:10:20
2026-01-06 19:10:21+00:00,,621.0,ETH,3220.89,3220.75,19:10:21
2026-01-06 19:10:22+00:00,,622.0,ETH,3220.87,3220.74,19:10:22
2026-01-06 19:10:23+00:00,,623.0,ETH,3221.43,3221.24,19:10:23
2026-01-06 19:10:24+00:00,,624.0,ETH,3222.44,3222.3,19:10:24
2026-01-06 19:10:25+00:00,,625.0,ETH,3222.94,3222.87,19:10:25
2026-01-06 19:10:26+00:00,,626.0,ETH,3222.98,3222.88,19:10:26
2026-01-06 19:10:27+00:00,,627.0,ETH,3222.95,3222.88,19:10:27
2026-01-06 19:10:28+00:00,,628.0,ETH,3222.92,3222.88,19:10:28
2026-01-06 19:10:29+00:00,,629.0,ETH,3222.91,3222.88,19:10:29
2026-01-06 19:10:30+00:00,,630.0,ETH,3222.92,3222.88,19:10:30
2026-01-06 19:10:31+00:00,,631.0,ETH,3222.92,3222.87,19:10:31
2026-01-06 19:10:32+00:00,,632.0,ETH,3222.92,3222.86,19:10:32
2026-01-06 19:10:33+00:00,,633.0,ETH,3222.91,3222.84,19:10:33
2026-01-06 19:10:34+00:00,,634.0,ETH,3222.9,3222.79,19:10:34
2026-01-06 19:10:35+00:00,,635.0,ETH,3222.89,3222.75,19:10:35
2026-01-06 19:10:36+00:00,,636.0,ETH,3222.88,3222.75,19:10:36
2026-01-06 19:10:37+00:00,,637.0,ETH,3222.88,3222.75,19:10:37
2026-01-06 19:10:38+00:00,,638.0,ETH,3222.89,3222.76,19:10:38
2026-01-06 19:10:39+00:00,,639.0,ETH,3222.9,3222.77,19:10:39
2026-01-06 19:10:40+00:00,,640.0,ETH,3222.91,3222.83,19:10:40
2026-01-06 19:10:41+00:00,,641.0,ETH,3222.98,3222.88,19:10:41
2026-01-06 19:10:42+00:00,,642.0,ETH,3223.03,3222.88,19:10:42
2026-01-06 19:10:43+00:00,,643.0,ETH,3223.04,3222.88,19:10:43
2026-01-06 19:10:44+00:00,,644.0,ETH,3223.04,3222.87,19:10:44
2026-01-06 19:10:45+00:00,,645.0,ETH,3223.03,3222.88,19:10:45
2026-01-06 19:10:46+00:00,,646.0,ETH,3223.03,3222.89,19:10:46
2026-01-06 19:10:47+00:00,,647.0,ETH,3223.03,3222.89,19:10:47
2026-01-06 19:10:48+00:00,,648.0,ETH,3223.04,3222.89,19:10:48
2026-01-06 19:10:49+00:00,,649.0,ETH,3223.55,3223.5,19:10:49
2026-01-06 19:10:50+00:00,,650.0,ETH,3223.64,3223.43,19:10:50
2026-01-06 19:10:51+00:00,,651.0,ETH,3223.57,3223.48,19:10:51
2026-01-06 19:10:52+00:00,,652.0,ETH,3223.59,3223.49,19:10:52
2026-01-06 19:10:53+00:00,,653.0,ETH,3223.6,3223.49,19:10:53
2026-01-06 19:10:54+00:00,,654.0,ETH,3223.41,3223.32,19:10:54
2026-01-06 19:10:55+00:00,,655.0,ETH,3223.3,3223.18,19:10:55
2026-01-06 19:10:56+00:00,,656.0,ETH,3223.24,3223.18,19:10:56
2026-01-06 19:10:57+00:00,,657.0,ETH,3223.24,3223.2,19:10:57
2026-01-06 19:10:58+00:00,,658.0,ETH,3223.24,3223.17,19:10:58
2026-01-06 19:10:59+00:00,,659.0,ETH,3223.24,3223.17,19:10:59
2026-01-06 19:11:00+00:00,,660.0,ETH,3223.02,3222.86,19:11:00
2026-01-06 19:11:01+00:00,,661.0,ETH,3222.91,3222.86,19:11:01
2026-01-06 19:11:02+00:00,,662.0,ETH,3222.82,3222.79,19:11:02
2026-01-06 19:11:03+00:00,,663.0,ETH,3222.48,3222.33,19:11:03
2026-01-06 19:11:04+00:00,,664.0,ETH,3222.44,3222.34,19:11:04
2026-01-06 19:11:05+00:00,,665.0,ETH,3222.4,3222.35,19:11:05
2026-01-06 19:11:06+00:00,,666.0,ETH,3222.42,3222.39,19:11:06
2026-01-06 19:11:07+00:00,,667.0,ETH,3222.41,3222.35,19:11:07
2026-01-06 19:11:08+00:00,,668.0,ETH,3222.41,3222.35,19:11:08
2026-01-06 19:11:09+00:00,,669.0,ETH,3222.41,3222.35,19:11:09
2026-01-06 19:11:10+00:00,,670.0,ETH,3222.41,3222.34,19:11:10
2026-01-06 19:11:11+00:00,,671.0,ETH,3222.33,3222.25,19:11:11
2026-01-06 19:11:12+00:00,,672.0,ETH,3222.24,3222.17,19:11:12
2026-01-06 19:11:13+00:00,,673.0,ETH,3222.24,3222.17,19:11:13
2026-01-06 19:11:14+00:00,,674.0,ETH,3222.26,3222.17,19:11:14
2026-01-06 19:11:15+00:00,,675.0,ETH,3222.26,3222.17,19:11:15
2026-01-06 19:11:16+00:00,,676.0,ETH,3222.26,3222.17,19:11:16
2026-01-06 19:11:17+00:00,,677.0,ETH,3222.25,3222.17,19:11:17
2026-01-06 19:11:18+00:00,,678.0,ETH,3222.26,3222.17,19:11:18
2026-01-06 19:11:19+00:00,,679.0,ETH,3222.31,3222.3,19:11:19
2026-01-06 19:11:20+00:00,,680.0,ETH,3222.33,3222.32,19:11:20
2026-01-06 19:11:21+00:00,,681.0,ETH,3222.35,3222.33,19:11:21
2026-01-06 19:11:22+00:00,,682.0,ETH,3222.37,3222.33,19:11:22
2026-01-06 19:11:23+00:00,,683.0,ETH,3222.37,3222.33,19:11:23
2026-01-06 19:11:24+00:00,,684.0,ETH,3222.37,3222.33,19:11:24
2026-01-06 19:11:25+00:00,,685.0,ETH,3222.36,3222.33,19:11:25
2026-01-06 19:11:26+00:00,,686.0,ETH,3222.33,3222.32,19:11:26
2026-01-06 19:11:27+00:00,,687.0,ETH,3222.02,3222.01,19:11:27
2026-01-06 19:11:28+00:00,,688.0,ETH,3222.02,3222.01,19:11:28
2026-01-06 19:11:29+00:00,,689.0,ETH,3222.02,3222.01,19:11:29
2026-01-06 19:11:30+00:00,,690.0,ETH,3222.03,3222.02,19:11:30
2026-01-06 19:11:31+00:00,,691.0,ETH,3222.02,3222.01,19:11:31
2026-01-06 19:11:32+00:00,,692.0,ETH,3222.02,3222.01,19:11:32
2026-01-06 19:11:33+00:00,,693.0,ETH,3222.02,3222.01,19:11:33
2026-01-06 19:11:34+00:00,,694.0,ETH,3222.02,3222.01,19:11:34
2026-01-06 19:11:35+00:00,,695.0,ETH,3222.02,3222.01,19:11:35
2026-01-06 19:11:36+00:00,,696.0,ETH,3222.04,3222.01,19:11:36
2026-01-06 19:11:37+00:00,,697.0,ETH,3222.02,3222.01,19:11:37
2026-01-06 19:11:38+00:00,,698.0,ETH,3222.05,3222.02,19:11:38
2026-01-06 19:11:39+00:00,,699.0,ETH,3222.07,3222.03,19:11:39
2026-01-06 19:11:40+00:00,,700.0,ETH,3222.08,3222.03,19:11:40
2026-01-06 19:11:41+00:00,,701.0,ETH,3222.08,3222.01,19:11:41
2026-01-06 19:11:42+00:00,,702.0,ETH,3222.08,3222.01,19:11:42
2026-01-06 19:11:43+00:00,,703.0,ETH,3222.05,3222.01,19:11:43
2026-01-06 19:11:44+00:00,,704.0,ETH,3222.04,3222.01,19:11:44
2026-01-06 19:11:45+00:00,,705.0,ETH,3222.02,3222.01,19:11:45
2026-01-06 19:11:46+00:00,,706.0,ETH,3222.01,3221.97,19:11:46
2026-01-06 19:11:47+00:00,,707.0,ETH,3222.1,3222.07,19:11:47
2026-01-06 19:11:48+00:00,,708.0,ETH,3222.02,3221.97,19:11:48
2026-01-06 19:11:49+00:00,,709.0,ETH,3222.07,3222.05,19:11:49
2026-01-06 19:11:50+00:00,,710.0,ETH,3222.07,3222.07,19:11:50
2026-01-06 19:11:51+00:00,,711.0,ETH,3222.37,3222.18,19:11:51
2026-01-06 19:11:52+00:00,,712.0,ETH,3222.77,3222.61,19:11:52
2026-01-06 19:11:53+00:00,,713.0,ETH,3223.35,3223.21,19:11:53
2026-01-06 19:11:54+00:00,,714.0,ETH,3223.46,3223.3,19:11:54
2026-01-06 19:11:55+00:00,,715.0,ETH,3223.5,3223.3,19:11:55
2026-01-06 19:11:56+00:00,,716.0,ETH,3223.5,3223.32,19:11:56
2026-01-06 19:11:57+00:00,,717.0,ETH,3223.51,3223.34,19:11:57
2026-01-06 19:11:58+00:00,,718.0,ETH,3223.62,3223.39,19:11:58
2026-01-06 19:11:59+00:00,,719.0,ETH,3223.65,3223.4,19:11:59
2026-01-06 19:12:00+00:00,,720.0,ETH,3223.73,3223.51,19:12:00
2026-01-06 19:12:01+00:00,,721.0,ETH,3223.82,3223.65,19:12:01
2026-01-06 19:12:02+00:00,,722.0,ETH,3223.77,3223.67,19:12:02
2026-01-06 19:12:03+00:00,,723.0,ETH,3223.68,3223.62,19:12:03
2026-01-06 19:12:04+00:00,,724.0,ETH,3223.66,3223.59,19:12:04
2026-01-06 19:12:05+00:00,,725.0,ETH,3223.66,3223.61,19:12:05
2026-01-06 19:12:06+00:00,,726.0,ETH,3223.69,3223.63,19:12:06
2026-01-06 19:12:07+00:00,,727.0,ETH,3223.72,3223.65,19:12:07
2026-01-06 19:12:08+00:00,,728.0,ETH,3223.77,3223.65,19:12:08
2026-01-06 19:12:09+00:00,,729.0,ETH,3223.82,3223.63,19:12:09
2026-01-06 19:12:10+00:00,,730.0,ETH,3223.82,3223.65,19:12:10
2026-01-06 19:12:11+00:00,,731.0,ETH,3223.83,3223.67,19:12:11
2026-01-06 19:12:12+00:00,,732.0,ETH,3223.83,3223.68,19:12:12
2026-01-06 19:12:13+00:00,,733.0,ETH,3223.83,3223.68,19:12:13
2026-01-06 19:12:14+00:00,,734.0,ETH,3223.9,3223.79,19:12:14
2026-01-06 19:12:15+00:00,,735.0,ETH,3223.98,3223.9,19:12:15
2026-01-06 19:12:16+00:00,,736.0,ETH,3224.25,3224.15,19:12:16
2026-01-06 19:12:17+00:00,,737.0,ETH,3224.5,3224.4,19:12:17
2026-01-06 19:12:18+00:00,,738.0,ETH,3224.49,3224.4,19:12:18
2026-01-06 19:12:19+00:00,,739.0,ETH,3224.49,3224.36,19:12:19
2026-01-06 19:12:20+00:00,,740.0,ETH,3224.45,3224.32,19:12:20
2026-01-06 19:12:21+00:00,,741.0,ETH,3224.26,3224.12,19:12:21
2026-01-06 19:12:22+00:00,,742.0,ETH,3224.12,3223.94,19:12:22
2026-01-06 19:12:23+00:00,,743.0,ETH,3223.95,3223.91,19:12:23
2026-01-06 19:12:24+00:00,,744.0,ETH,3223.97,3223.86,19:12:24
2026-01-06 19:12:25+00:00,,745.0,ETH,3224.39,3224.31,19:12:25
2026-01-06 19:12:26+00:00,,746.0,ETH,3224.41,3224.29,19:12:26
2026-01-06 19:12:27+00:00,,747.0,ETH,3224.58,3224.46,19:12:27
2026-01-06 19:12:28+00:00,,748.0,ETH,3224.79,3224.69,19:12:28
2026-01-06 19:12:29+00:00,,749.0,ETH,3224.8,3224.74,19:12:29
2026-01-06 19:12:30+00:00,,750.0,ETH,3224.83,3224.76,19:12:30
2026-01-06 19:12:31+00:00,,751.0,ETH,3224.84,3224.77,19:12:31
2026-01-06 19:12:32+00:00,,752.0,ETH,3224.84,3224.71,19:12:32
2026-01-06 19:12:33+00:00,,753.0,ETH,3224.83,3224.64,19:12:33
2026-01-06 19:12:34+00:00,,754.0,ETH,3224.83,3224.63,19:12:34
2026-01-06 19:12:35+00:00,,755.0,ETH,3224.83,3224.62,19:12:35
2026-01-06 19:12:36+00:00,,756.0,ETH,3224.83,3224.62,19:12:36
2026-01-06 19:12:37+00:00,,757.0,ETH,3224.75,3224.5,19:12:37
2026-01-06 19:12:38+00:00,,758.0,ETH,3224.57,3224.39,19:12:38
2026-01-06 19:12:39+00:00,,759.0,ETH,3224.52,3224.38,19:12:39
2026-01-06 19:12:40+00:00,,760.0,ETH,3224.52,3224.39,19:12:40
2026-01-06 19:12:41+00:00,,761.0,ETH,3224.47,3224.37,19:12:41
2026-01-06 19:12:42+00:00,,762.0,ETH,3224.46,3224.33,19:12:42
2026-01-06 19:12:43+00:00,,763.0,ETH,3224.46,3224.32,19:12:43
2026-01-06 19:12:44+00:00,,764.0,ETH,3224.42,3224.3,19:12:44
2026-01-06 19:12:45+00:00,,765.0,ETH,3224.39,3224.29,19:12:45
2026-01-06 19:12:46+00:00,,766.0,ETH,3224.42,3224.26,19:12:46
2026-01-06 19:12:47+00:00,,767.0,ETH,3224.42,3224.25,19:12:47
2026-01-06 19:12:48+00:00,,768.0,ETH,3224.42,3224.26,19:12:48
2026-01-06 19:12:49+00:00,,769.0,ETH,3224.42,3224.25,19:12:49
2026-01-06 19:12:50+00:00,,770.0,ETH,3224.45,3224.4,19:12:50
2026-01-06 19:12:51+00:00,,771.0,ETH,3224.78,3224.65,19:12:51
2026-01-06 19:12:52+00:00,,772.0,ETH,3224.89,3224.78,19:12:52
2026-01-06 19:12:53+00:00,,773.0,ETH,3224.95,3224.73,19:12:53
2026-01-06 19:12:54+00:00,,774.0,ETH,3225.14,3225.07,19:12:54
2026-01-06 19:12:55+00:00,,775.0,ETH,3225.25,3225.11,19:12:55
2026-01-06 19:12:56+00:00,,776.0,ETH,3225.27,3225.12,19:12:56
2026-01-06 19:12:57+00:00,,777.0,ETH,3225.15,3225.12,19:12:57
2026-01-06 19:12:58+00:00,,778.0,ETH,3225.03,3224.89,19:12:58
2026-01-06 19:12:59+00:00,,779.0,ETH,3224.99,3224.82,19:12:59
2026-01-06 19:13:00+00:00,,780.0,ETH,3224.98,3224.78,19:13:00
2026-01-06 19:13:01+00:00,,781.0,ETH,3224.71,3224.7,19:13:01
2026-01-06 19:13:02+00:00,,782.0,ETH,3224.65,3224.55,19:13:02
2026-01-06 19:13:03+00:00,,783.0,ETH,3224.81,3224.79,19:13:03
2026-01-06 19:13:04+00:00,,784.0,ETH,3225.42,3225.3,19:13:04
2026-01-06 19:13:05+00:00,,785.0,ETH,3225.58,3225.48,19:13:05
2026-01-06 19:13:06+00:00,,786.0,ETH,3225.57,3225.5,19:13:06
2026-01-06 19:13:07+00:00,,787.0,ETH,3225.57,3225.5,19:13:07
2026-01-06 19:13:08+00:00,,788.0,ETH,3225.57,3225.51,19:13:08
2026-01-06 19:13:09+00:00,,789.0,ETH,3225.74,3225.68,19:13:09
2026-01-06 19:13:10+00:00,,790.0,ETH,3226.0,3225.74,19:13:10
2026-01-06 19:13:11+00:00,,791.0,ETH,3226.09,3225.76,19:13:11
2026-01-06 19:13:12+00:00,,792.0,ETH,3226.22,3225.9,19:13:12
2026-01-06 19:13:13+00:00,,793.0,ETH,3226.4,3226.11,19:13:13
2026-01-06 19:13:14+00:00,,794.0,ETH,3226.47,3226.26,19:13:14
2026-01-06 19:13:15+00:00,,795.0,ETH,3226.53,3226.32,19:13:15
2026-01-06 19:13:16+00:00,,796.0,ETH,3226.57,3226.3,19:13:16
2026-01-06 19:13:17+00:00,,797.0,ETH,3226.66,3226.43,19:13:17
2026-01-06 19:13:18+00:00,,798.0,ETH,3226.72,3226.57,19:13:18
2026-01-06 19:13:19+00:00,,799.0,ETH,3226.36,3226.31,19:13:19
2026-01-06 19:13:20+00:00,,800.0,ETH,3226.09,3226.07,19:13:20
2026-01-06 19:13:21+00:00,,801.0,ETH,3226.13,3226.05,19:13:21
2026-01-06 19:13:22+00:00,,802.0,ETH,3226.16,3226.04,19:13:22
2026-01-06 19:13:23+00:00,,803.0,ETH,3226.42,3226.27,19:13:23
2026-01-06 19:13:24+00:00,,804.0,ETH,3226.66,3226.47,19:13:24
2026-01-06 19:13:25+00:00,,805.0,ETH,3226.68,3226.56,19:13:25
2026-01-06 19:13:26+00:00,,806.0,ETH,3226.77,3226.68,19:13:26
2026-01-06 19:13:27+00:00,,807.0,ETH,3226.96,3226.81,19:13:27
2026-01-06 19:13:28+00:00,,808.0,ETH,3227.1,3226.9,19:13:28
2026-01-06 19:13:29+00:00,,809.0,ETH,3227.15,3226.9,19:13:29
2026-01-06 19:13:30+00:00,,810.0,ETH,3227.16,3226.92,19:13:30
2026-01-06 19:13:31+00:00,,811.0,ETH,3227.16,3226.91,19:13:31
2026-01-06 19:13:32+00:00,,812.0,ETH,3227.13,3226.89,19:13:32
2026-01-06 19:13:33+00:00,,813.0,ETH,3227.11,3226.89,19:13:33
2026-01-06 19:13:34+00:00,,814.0,ETH,3226.92,3226.89,19:13:34
2026-01-06 19:13:35+00:00,,815.0,ETH,3226.9,3226.67,19:13:35
2026-01-06 19:13:36+00:00,,816.0,ETH,3226.84,3226.69,19:13:36
2026-01-06 19:13:37+00:00,,817.0,ETH,3226.84,3226.66,19:13:37
2026-01-06 19:13:38+00:00,,818.0,ETH,3226.84,3226.71,19:13:38
2026-01-06 19:13:39+00:00,,819.0,ETH,3226.87,3226.72,19:13:39
2026-01-06 19:13:40+00:00,,820.0,ETH,3226.87,3226.7,19:13:40
2026-01-06 19:13:41+00:00,,821.0,ETH,3226.88,3226.67,19:13:41
2026-01-06 19:13:42+00:00,,822.0,ETH,3226.71,3226.52,19:13:42
2026-01-06 19:13:43+00:00,,823.0,ETH,3226.45,3226.28,19:13:43
2026-01-06 19:13:44+00:00,,824.0,ETH,3226.33,3226.21,19:13:44
2026-01-06 19:13:45+00:00,,825.0,ETH,3226.31,3226.21,19:13:45
2026-01-06 19:13:46+00:00,,826.0,ETH,3226.31,3226.22,19:13:46
2026-01-06 19:13:47+00:00,,827.0,ETH,3226.29,3226.22,19:13:47
2026-01-06 19:13:48+00:00,,828.0,ETH,3226.28,3226.22,19:13:48
2026-01-06 19:13:49+00:00,,829.0,ETH,3226.15,3225.91,19:13:49
2026-01-06 19:13:50+00:00,,830.0,ETH,3226.23,3225.9,19:13:50
2026-01-06 19:13:51+00:00,,831.0,ETH,3226.32,3226.13,19:13:51
2026-01-06 19:13:52+00:00,,832.0,ETH,3226.18,3226.06,19:13:52
2026-01-06 19:13:53+00:00,,833.0,ETH,3226.15,3226.07,19:13:53
2026-01-06 19:13:54+00:00,,834.0,ETH,3226.17,3226.1,19:13:54
2026-01-06 19:13:55+00:00,,835.0,ETH,3226.16,3226.08,19:13:55
2026-01-06 19:13:56+00:00,,836.0,ETH,3226.03,3225.97,19:13:56
2026-01-06 19:13:57+00:00,,837.0,ETH,3225.92,3225.89,19:13:57
2026-01-06 19:13:58+00:00,,838.0,ETH,3225.9,3225.88,19:13:58
2026-01-06 19:13:59+00:00,,839.0,ETH,3225.9,3225.79,19:13:59
2026-01-06 19:14:00+00:00,,840.0,ETH,3225.9,3225.84,19:14:00
2026-01-06 19:14:01+00:00,,841.0,ETH,3226.01,3225.79,19:14:01
2026-01-06 19:14:02+00:00,,842.0,ETH,3226.01,3225.7,19:14:02
2026-01-06 19:14:03+00:00,,843.0,ETH,3225.49,3225.41,19:14:03
2026-01-06 19:14:04+00:00,,844.0,ETH,3225.21,3225.19,19:14:04
2026-01-06 19:14:05+00:00,,845.0,ETH,3225.33,3225.19,19:14:05
2026-01-06 19:14:06+00:00,,846.0,ETH,3225.34,3225.2,19:14:06
2026-01-06 19:14:07+00:00,,847.0,ETH,3225.34,3225.2,19:14:07
2026-01-06 19:14:08+00:00,,848.0,ETH,3225.83,3225.74,19:14:08
2026-01-06 19:14:09+00:00,,849.0,ETH,3225.83,3225.72,19:14:09
2026-01-06 19:14:10+00:00,,850.0,ETH,3225.4,3225.14,19:14:10
2026-01-06 19:14:11+00:00,,851.0,ETH,3225.21,3225.13,19:14:11
2026-01-06 19:14:12+00:00,,852.0,ETH,3225.83,3225.82,19:14:12
2026-01-06 19:14:13+00:00,,853.0,ETH,3225.89,3225.78,19:14:13
2026-01-06 19:14:14+00:00,,854.0,ETH,3225.98,3225.88,19:14:14
2026-01-06 19:14:15+00:00,,855.0,ETH,3226.0,3225.88,19:14:15
2026-01-06 19:14:16+00:00,,856.0,ETH,3225.94,3225.88,19:14:16
2026-01-06 19:14:17+00:00,,857.0,ETH,3225.96,3225.88,19:14:17
2026-01-06 19:14:18+00:00,,858.0,ETH,3225.98,3225.88,19:14:18
2026-01-06 19:14:19+00:00,,859.0,ETH,3225.89,3225.78,19:14:19
2026-01-06 19:14:20+00:00,,860.0,ETH,3226.12,3225.89,19:14:20
2026-01-06 19:14:21+00:00,,861.0,ETH,3226.14,3225.9,19:14:21
2026-01-06 19:14:22+00:00,,862.0,ETH,3226.14,3225.91,19:14:22
2026-01-06 19:14:23+00:00,,863.0,ETH,3226.06,3225.88,19:14:23
2026-01-06 19:14:24+00:00,,864.0,ETH,3225.89,3225.74,19:14:24
2026-01-06 19:14:25+00:00,,865.0,ETH,3225.7,3225.63,19:14:25
2026-01-06 19:14:26+00:00,,866.0,ETH,3225.63,3225.63,19:14:26
2026-01-06 19:14:27+00:00,,867.0,ETH,3225.63,3225.63,19:14:27
2026-01-06 19:14:28+00:00,,868.0,ETH,3225.62,3225.61,19:14:28
2026-01-06 19:14:29+00:00,,869.0,ETH,3225.61,3225.57,19:14:29
2026-01-06 19:14:30+00:00,,870.0,ETH,3225.66,3225.57,19:14:30
2026-01-06 19:14:31+00:00,,871.0,ETH,3225.66,3225.55,19:14:31
2026-01-06 19:14:32+00:00,,872.0,ETH,3225.6,3225.55,19:14:32
2026-01-06 19:14:33+00:00,,873.0,ETH,3225.67,3225.64,19:14:33
2026-01-06 19:14:34+00:00,,874.0,ETH,3225.67,3225.64,19:14:34
2026-01-06 19:14:35+00:00,,875.0,ETH,3225.81,3225.69,19:14:35
2026-01-06 19:14:36+00:00,,876.0,ETH,3226.04,3225.82,19:14:36
2026-01-06 19:14:37+00:00,,877.0,ETH,3226.1,3225.89,19:14:37
2026-01-06 19:14:38+00:00,,878.0,ETH,3226.13,3225.91,19:14:38
2026-01-06 19:14:39+00:00,,879.0,ETH,3226.13,3225.9,19:14:39
2026-01-06 19:14:40+00:00,,880.0,ETH,3226.11,3225.94,19:14:40
2026-01-06 19:14:41+00:00,,881.0,ETH,3226.1,3226.01,19:14:41
2026-01-06 19:14:42+00:00,,882.0,ETH,3226.35,3226.31,19:14:42
2026-01-06 19:14:43+00:00,,883.0,ETH,3226.68,3226.61,19:14:43
2026-01-06 19:14:44+00:00,,884.0,ETH,3226.76,3226.63,19:14:44
2026-01-06 19:14:45+00:00,,885.0,ETH,3226.76,3226.61,19:14:45
2026-01-06 19:14:46+00:00,,886.0,ETH,3226.69,3226.53,19:14:46
2026-01-06 19:14:47+00:00,,887.0,ETH,3226.55,3226.45,19:14:47
2026-01-06 19:14:48+00:00,,888.0,ETH,3226.42,3226.37,19:14:48
2026-01-06 19:14:49+00:00,,889.0,ETH,3226.24,3226.16,19:14:49
2026-01-06 19:14:50+00:00,,890.0,ETH,3226.07,3225.97,19:14:50
2026-01-06 19:14:51+00:00,,891.0,ETH,3225.91,3225.84,19:14:51
2026-01-06 19:14:52+00:00,,892.0,ETH,3225.78,3225.72,19:14:52
2026-01-06 19:14:53+00:00,,893.0,ETH,3225.7,3225.66,19:14:53
2026-01-06 19:14:54+00:00,,894.0,ETH,3225.58,3225.57,19:14:54
2026-01-06 19:14:55+00:00,,895.0,ETH,3225.52,3225.51,19:14:55
2026-01-06 19:14:56+00:00,,896.0,ETH,3225.52,3225.51,19:14:56
2026-01-06 19:14:57+00:00,,897.0,ETH,3225.52,3225.51,19:14:57
2026-01-06 19:14:58+00:00,,898.0,ETH,3225.61,3225.6,19:14:58
2026-01-06 19:14:59+00:00,,899.0,ETH,3225.64,3225.61,19:14:59
