timestamp,collected_at,seconds,up_mid,up_best_bid,up_best_ask,down_mid,down_best_bid,down_best_ask,up_best_bid_size,up_best_ask_size,down_best_bid_size,down_best_ask_size,up_bid_2,up_bid_2_size,up_ask_2,up_ask_2_size,down_bid_2,down_bid_2_size,down_ask_2,down_ask_2_size
2026-01-06 19:00:00.002000+00:00,2026-01-06 19:00:00.774878+00:00,0.002,0.525,0.52,0.53,0.475,0.47,0.48,75.28,5.56,5.56,75.28,0.51,48.39,0.54,19.86,0.46,19.86,0.49,48.39
2026-01-06 19:00:01.126000+00:00,2026-01-06 19:00:01.778885+00:00,1.126,0.525,0.52,0.53,0.475,0.47,0.48,75.28,5.56,5.56,75.28,0.51,48.39,0.54,19.86,0.46,19.86,0.49,48.39
2026-01-06 19:00:02.231000+00:00,2026-01-06 19:00:02.783801+00:00,2.231,0.525,0.52,0.53,0.455,0.45,0.46,199.19,20.56,145.52,35.58,0.51,174.39,0.54,24.86,0.44,107.72,0.48,154.19
2026-01-06 19:00:03.263000+00:00,2026-01-06 19:00:03.786867+00:00,3.263,0.545,0.54,0.55,0.455,0.45,0.46,45.58,129.52,119.52,313.58,0.53,203.0,0.56,107.72,0.44,107.72,0.47,324.0
2026-01-06 19:00:04.250000+00:00,2026-01-06 19:00:04.782983+00:00,4.25,0.565,0.56,0.57,0.425,0.42,0.43,137.28,117.0,243.0,40.0,0.55,246.48,0.58,193.0,0.41,183.0,0.44,228.28
2026-01-06 19:00:05.308000+00:00,2026-01-06 19:00:05.790157+00:00,5.308,0.565,0.56,0.57,0.435,0.43,0.44,15.0,50.0,55.0,45.0,0.55,248.48,0.58,207.0,0.42,207.0,0.45,404.48
2026-01-06 19:00:06.258000+00:00,2026-01-06 19:00:06.785902+00:00,6.258,0.56,0.55,0.57,0.44,0.43,0.45,151.4,85.0,85.0,151.4,0.54,349.0,0.58,192.0,0.42,131.0,0.46,349.0
2026-01-06 19:00:07.243000+00:00,2026-01-06 19:00:07.788405+00:00,7.243,0.575,0.57,0.58,0.43,0.42,0.44,118.0,86.0,288.0,107.33,0.56,222.0,0.59,150.0,0.41,230.0,0.45,455.4
2026-01-06 19:00:08.218000+00:00,2026-01-06 19:00:08.809848+00:00,8.218,0.56,0.55,0.57,0.44,0.43,0.45,391.0,128.0,199.0,391.0,0.54,470.0,0.58,202.0,0.42,202.0,0.46,470.0
2026-01-06 19:00:09.282000+00:00,2026-01-06 19:00:09.826044+00:00,9.282,0.555,0.55,0.56,0.47,0.46,0.48,7.0,501.87,15.0,13.19,0.54,71.0,0.57,550.0,0.45,173.0,0.49,124.39
2026-01-06 19:00:10.304000+00:00,2026-01-06 19:00:10.841798+00:00,10.304,0.515,0.51,0.52,0.495,0.49,0.5,19.39,280.88,15.0,397.29,0.5,412.29,0.53,455.0,0.48,277.88,0.51,107.73
2026-01-06 19:00:11.232000+00:00,2026-01-06 19:00:11.855184+00:00,11.232,0.495,0.49,0.5,0.505,0.5,0.51,106.61,119.24,119.24,98.76,0.48,282.09,0.51,268.0,0.49,368.0,0.52,282.09
2026-01-06 19:00:12.263000+00:00,2026-01-06 19:00:12.849855+00:00,12.263,0.495,0.49,0.5,0.51,0.5,0.52,81.76,269.65,270.45,89.09,0.48,89.09,0.51,461.0,0.49,461.0,0.53,465.3
2026-01-06 19:00:13.332000+00:00,2026-01-06 19:00:13.866066+00:00,13.332,0.485,0.48,0.49,0.515,0.51,0.52,88.09,210.52,184.52,93.09,0.47,319.3,0.5,85.0,0.5,185.0,0.53,319.3
2026-01-06 19:00:14.332000+00:00,2026-01-06 19:00:14.871062+00:00,14.332,0.485,0.48,0.49,0.515,0.51,0.52,81.09,493.52,483.52,81.09,0.47,114.3,0.5,510.0,0.5,580.0,0.53,125.3
2026-01-06 19:00:15.351000+00:00,2026-01-06 19:00:15.890552+00:00,15.351,0.475,0.47,0.48,0.525,0.52,0.53,355.0,183.0,183.0,442.0,0.46,473.5,0.49,304.0,0.51,289.0,0.54,448.5
2026-01-06 19:00:16.361000+00:00,2026-01-06 19:00:16.905948+00:00,16.361,0.48,0.47,0.49,0.52,0.51,0.53,169.34,140.0,120.0,164.15,0.46,358.5,0.5,333.0,0.5,392.0,0.54,175.5
2026-01-06 19:00:17.381000+00:00,2026-01-06 19:00:17.907627+00:00,17.381,0.475,0.47,0.48,0.535,0.53,0.54,77.81,304.0,90.26,96.5,0.46,96.5,0.49,549.0,0.52,267.88,0.55,374.6
2026-01-06 19:00:18.386000+00:00,2026-01-06 19:00:18.923880+00:00,18.386,0.46499999999999997,0.46,0.47,0.535,0.53,0.54,106.5,124.7,14.0,417.65,0.45,411.6,0.48,203.88,0.52,83.0,0.55,480.0
2026-01-06 19:00:19.408000+00:00,2026-01-06 19:00:19.940953+00:00,19.408,0.46499999999999997,0.46,0.47,0.535,0.53,0.54,514.61,71.0,76.0,210.61,0.45,563.0,0.48,276.65,0.52,210.65,0.55,442.0
2026-01-06 19:00:20.488000+00:00,2026-01-06 19:00:20.943231+00:00,20.488,0.475,0.47,0.48,0.52,0.51,0.53,80.0,14.0,83.75,260.0,0.46,531.09,0.49,117.0,0.5,91.0,0.54,504.96
2026-01-06 19:00:21.378000+00:00,2026-01-06 19:00:21.938914+00:00,21.378,0.485,0.48,0.49,0.515,0.51,0.52,336.0,12.32,12.32,397.0,0.47,390.12,0.5,111.0,0.5,111.0,0.53,369.0
2026-01-06 19:00:22.420000+00:00,2026-01-06 19:00:22.939995+00:00,22.42,0.49,0.48,0.5,0.505,0.5,0.51,252.0,187.0,187.0,75.0,0.47,352.0,0.51,411.53,0.49,396.53,0.52,333.0
2026-01-06 19:00:23.397000+00:00,2026-01-06 19:00:23.949063+00:00,23.397,0.495,0.49,0.5,0.505,0.5,0.51,40.0,168.6,188.2,40.0,0.48,346.0,0.51,357.53,0.49,303.53,0.52,233.0
2026-01-06 19:00:24.440000+00:00,2026-01-06 19:00:24.961253+00:00,24.44,0.485,0.48,0.49,0.515,0.51,0.52,142.0,596.0,660.0,142.0,0.46,19.73,0.5,461.2,0.5,531.2,0.54,19.73
2026-01-06 19:00:25.450000+00:00,2026-01-06 19:00:25.955712+00:00,25.45,0.445,0.44,0.45,0.555,0.55,0.56,3.1,334.0,288.0,155.0,0.43,267.0,0.46,455.0,0.54,437.7,0.57,317.0
2026-01-06 19:00:26.433000+00:00,2026-01-06 19:00:26.970059+00:00,26.433,0.485,0.48,0.49,0.515,0.51,0.52,5.0,140.52,82.7,16.0,0.47,131.0,0.5,283.2,0.5,283.2,0.53,263.0
2026-01-06 19:00:27.440000+00:00,2026-01-06 19:00:27.981353+00:00,27.44,0.485,0.48,0.49,0.515,0.51,0.52,120.0,13.7,13.7,120.0,0.47,371.6,0.5,247.2,0.5,242.2,0.53,371.6
2026-01-06 19:00:28.454000+00:00,2026-01-06 19:00:28.981691+00:00,28.454,0.485,0.48,0.49,0.515,0.51,0.52,140.0,5.0,10.0,173.0,0.47,340.6,0.5,243.2,0.5,171.2,0.53,340.6
2026-01-06 19:00:29.471000+00:00,2026-01-06 19:00:29.989707+00:00,29.471,0.495,0.49,0.5,0.5,0.49,0.51,444.0,27.2,88.2,574.0,0.48,580.0,0.51,91.0,0.48,20.0,0.52,650.0
2026-01-06 19:00:30.445000+00:00,2026-01-06 19:00:30.991370+00:00,30.445,0.545,0.54,0.55,0.455,0.45,0.46,220.49,5.0,5.0,200.49,0.53,395.0,0.56,50.0,0.44,50.0,0.47,395.0
2026-01-06 19:00:31.477000+00:00,2026-01-06 19:00:32.009517+00:00,31.477,0.545,0.54,0.55,0.455,0.45,0.46,71.0,135.42,133.42,71.0,0.53,454.0,0.56,360.0,0.44,445.0,0.47,454.0
2026-01-06 19:00:32.494000+00:00,2026-01-06 19:00:33.007014+00:00,32.494,0.515,0.51,0.52,0.485,0.48,0.49,53.8,65.0,70.0,53.8,0.5,454.0,0.53,204.0,0.47,260.0,0.5,150.0
2026-01-06 19:00:33.488000+00:00,2026-01-06 19:00:34.015264+00:00,33.488,0.515,0.51,0.52,0.49,0.48,0.5,5.0,86.45,126.45,419.0,0.5,454.0,0.53,158.42,0.47,255.42,0.51,433.0
2026-01-06 19:00:34.501000+00:00,2026-01-06 19:00:35.023917+00:00,34.501,0.515,0.51,0.52,0.485,0.48,0.49,11.0,116.0,116.0,6.0,0.5,508.0,0.53,80.0,0.47,170.0,0.5,525.0
2026-01-06 19:00:35.510000+00:00,2026-01-06 19:00:36.041152+00:00,35.51,0.485,0.47,0.5,0.505,0.5,0.51,293.6,30.0,76.0,18.0,0.46,469.0,0.51,184.0,0.49,134.0,0.52,150.0
2026-01-06 19:00:36.543000+00:00,2026-01-06 19:00:37.055662+00:00,36.543,0.495,0.49,0.5,0.505,0.5,0.51,2.8,203.16,100.46,2.8,0.48,333.0,0.51,206.0,0.49,224.0,0.52,369.0
2026-01-06 19:00:37.518000+00:00,2026-01-06 19:00:38.074167+00:00,37.518,0.475,0.47,0.48,0.53,0.52,0.54,10.0,30.0,48.87,422.99,0.46,397.99,0.49,184.0,0.51,169.0,0.55,396.0
2026-01-06 19:00:38.547000+00:00,2026-01-06 19:00:39.073215+00:00,38.547,0.485,0.48,0.49,0.515,0.51,0.52,282.0,66.0,66.0,538.0,0.47,384.0,0.5,23.0,0.5,23.0,0.53,394.0
2026-01-06 19:00:39.549000+00:00,2026-01-06 19:00:40.073007+00:00,39.549,0.505,0.5,0.51,0.47,0.46,0.48,187.0,15.6,80.0,65.0,0.49,515.0,0.52,5.0,0.45,266.0,0.49,136.0
2026-01-06 19:00:40.527000+00:00,2026-01-06 19:00:41.071804+00:00,40.527,0.515,0.51,0.52,0.495,0.49,0.5,111.79,81.0,79.0,454.0,0.5,474.0,0.53,90.0,0.48,295.0,0.51,532.0
2026-01-06 19:00:41.562000+00:00,2026-01-06 19:00:42.086525+00:00,41.562,0.505,0.5,0.51,0.495,0.49,0.5,150.0,59.88,79.88,115.0,0.49,339.0,0.52,260.0,0.48,395.0,0.51,334.0
2026-01-06 19:00:42.509000+00:00,2026-01-06 19:00:43.103412+00:00,42.509,0.495,0.49,0.5,0.505,0.5,0.51,254.0,189.92,207.92,242.01,0.48,454.0,0.51,134.88,0.49,134.88,0.52,454.0
2026-01-06 19:00:43.597000+00:00,2026-01-06 19:00:44.108863+00:00,43.597,0.495,0.49,0.5,0.495,0.49,0.5,492.01,18.0,39.88,96.0,0.48,529.39,0.51,54.88,0.48,96.0,0.51,502.01
2026-01-06 19:00:44.589000+00:00,2026-01-06 19:00:45.124022+00:00,44.589,0.535,0.53,0.54,0.46499999999999997,0.46,0.47,417.47,71.0,71.0,372.47,0.52,376.0,0.55,349.0,0.45,349.0,0.48,376.0
2026-01-06 19:00:45.611000+00:00,2026-01-06 19:00:46.134534+00:00,45.611,0.535,0.53,0.54,0.46499999999999997,0.46,0.47,152.65,86.0,137.0,72.65,0.52,609.0,0.55,126.0,0.45,354.0,0.48,521.0
2026-01-06 19:00:46.515000+00:00,2026-01-06 19:00:47.140973+00:00,46.515,0.535,0.53,0.54,0.46499999999999997,0.46,0.47,22.65,365.5,365.5,22.65,0.52,282.0,0.55,523.0,0.45,523.0,0.48,282.0
2026-01-06 19:00:47.589000+00:00,2026-01-06 19:00:48.153287+00:00,47.589,0.535,0.53,0.54,0.46499999999999997,0.46,0.47,142.65,535.5,535.5,142.65,0.52,294.0,0.55,466.0,0.45,283.0,0.48,294.0
2026-01-06 19:00:48.646000+00:00,2026-01-06 19:00:49.174583+00:00,48.646,0.525,0.52,0.53,0.475,0.47,0.48,71.0,85.0,226.0,56.0,0.51,142.0,0.54,1037.72,0.46,1037.72,0.49,142.0
2026-01-06 19:00:49.665000+00:00,2026-01-06 19:00:50.189140+00:00,49.665,0.515,0.51,0.52,0.485,0.48,0.49,5.0,497.89,497.89,5.0,0.48,197.39,0.53,377.0,0.47,377.0,0.52,197.39
2026-01-06 19:00:50.586000+00:00,2026-01-06 19:00:51.206842+00:00,50.586,0.46499999999999997,0.46,0.47,0.535,0.53,0.54,110.86,350.81,299.81,188.13,0.45,162.22,0.48,238.0,0.52,253.0,0.55,107.22
2026-01-06 19:00:51.690000+00:00,2026-01-06 19:00:52.218482+00:00,51.69,0.475,0.47,0.48,0.525,0.52,0.53,81.72,6.0,6.0,81.72,0.46,432.42,0.49,80.0,0.51,115.0,0.54,432.42
2026-01-06 19:00:52.644000+00:00,2026-01-06 19:00:53.218683+00:00,52.644,0.485,0.48,0.49,0.515,0.51,0.52,70.0,40.0,130.57,45.0,0.47,106.0,0.5,277.7,0.5,234.39,0.53,61.0
2026-01-06 19:00:53.725000+00:00,2026-01-06 19:00:54.220424+00:00,53.725,0.475,0.47,0.48,0.525,0.52,0.53,237.0,68.81,63.81,467.0,0.46,406.27,0.49,254.0,0.51,188.0,0.54,434.27
2026-01-06 19:00:54.700000+00:00,2026-01-06 19:00:55.232360+00:00,54.7,0.49,0.48,0.5,0.505,0.5,0.51,75.85,611.2,611.2,5.0,0.47,435.0,0.51,358.5,0.49,358.5,0.52,90.85
2026-01-06 19:00:55.703000+00:00,2026-01-06 19:00:56.236385+00:00,55.703,0.5,0.49,0.51,0.5,0.49,0.51,90.0,283.5,283.5,90.0,0.48,374.0,0.52,324.99,0.48,334.99,0.52,374.0
2026-01-06 19:00:56.726000+00:00,2026-01-06 19:00:57.257145+00:00,56.726,0.505,0.5,0.51,0.495,0.49,0.5,82.85,103.5,68.5,62.85,0.49,294.0,0.52,685.0,0.48,725.0,0.51,394.0
2026-01-06 19:00:57.736000+00:00,2026-01-06 19:00:58.269524+00:00,57.736,0.515,0.51,0.52,0.485,0.48,0.49,75.0,41.0,41.0,90.0,0.5,115.85,0.53,274.2,0.47,274.2,0.5,186.85
2026-01-06 19:00:58.765000+00:00,2026-01-06 19:00:59.291966+00:00,58.765,0.525,0.52,0.53,0.475,0.47,0.48,50.0,9.0,9.0,50.0,0.51,463.0,0.54,990.0,0.46,972.0,0.49,463.0
2026-01-06 19:00:59.788000+00:00,2026-01-06 19:01:00.303286+00:00,59.788,0.53,0.52,0.54,0.46499999999999997,0.46,0.47,105.0,90.0,205.0,5.0,0.51,519.0,0.55,314.0,0.45,244.0,0.48,85.0
2026-01-06 19:01:00.791000+00:00,2026-01-06 19:01:01.314908+00:00,60.791,0.525,0.52,0.53,0.475,0.47,0.48,100.0,5.0,5.0,488.0,0.51,519.0,0.54,108.0,0.45,30.0,0.49,465.0
2026-01-06 19:01:01.788000+00:00,2026-01-06 19:01:02.326604+00:00,61.788,0.565,0.56,0.57,0.435,0.43,0.44,221.0,106.5,106.5,221.0,0.55,278.55,0.58,330.0,0.42,384.0,0.45,339.55
2026-01-06 19:01:02.744000+00:00,2026-01-06 19:01:03.331019+00:00,62.744,0.565,0.56,0.57,0.435,0.43,0.44,171.0,138.37,138.37,171.0,0.55,364.55,0.58,401.0,0.42,383.0,0.45,364.55
2026-01-06 19:01:03.798000+00:00,2026-01-06 19:01:04.341998+00:00,63.798,0.56,0.55,0.57,0.445,0.44,0.45,70.0,572.53,452.0,5.0,0.54,222.0,0.58,231.0,0.43,467.53,0.46,177.0
2026-01-06 19:01:04.644000+00:00,2026-01-06 19:01:05.356991+00:00,64.644,0.545,0.54,0.55,0.455,0.45,0.46,70.38,460.0,460.0,5.27,0.53,66.44,0.56,346.0,0.44,446.0,0.47,66.44
2026-01-06 19:01:05.850000+00:00,2026-01-06 19:01:06.370665+00:00,65.85,0.545,0.54,0.55,0.455,0.45,0.46,140.73,289.0,289.0,140.73,0.53,312.44,0.56,308.0,0.44,308.0,0.47,125.44
2026-01-06 19:01:06.866000+00:00,2026-01-06 19:01:07.383531+00:00,66.866,0.545,0.54,0.55,0.455,0.45,0.46,69.73,50.97,266.0,5.0,0.53,337.44,0.56,204.0,0.44,210.0,0.47,198.44
2026-01-06 19:01:07.868000+00:00,2026-01-06 19:01:08.388203+00:00,67.868,0.535,0.53,0.54,0.46499999999999997,0.46,0.47,59.44,470.74,412.74,54.22,0.52,324.0,0.55,145.99,0.45,145.99,0.48,324.0
2026-01-06 19:01:08.866000+00:00,2026-01-06 19:01:09.391625+00:00,68.866,0.515,0.51,0.52,0.485,0.48,0.49,71.0,88.31,123.31,71.0,0.5,91.0,0.53,896.0,0.47,876.0,0.5,91.0
2026-01-06 19:01:09.881000+00:00,2026-01-06 19:01:10.412370+00:00,69.881,0.525,0.52,0.53,0.475,0.47,0.48,30.0,71.0,71.0,131.0,0.51,527.0,0.54,162.0,0.46,162.0,0.49,588.0
2026-01-06 19:01:10.880000+00:00,2026-01-06 19:01:11.420274+00:00,70.88,0.535,0.53,0.54,0.46499999999999997,0.46,0.47,253.0,282.0,211.0,253.0,0.52,526.0,0.55,80.0,0.45,116.0,0.48,562.0
2026-01-06 19:01:11.884000+00:00,2026-01-06 19:01:12.413111+00:00,71.884,0.525,0.52,0.53,0.475,0.47,0.48,176.0,35.0,71.0,647.0,0.51,200.0,0.54,320.0,0.46,152.0,0.49,349.0
2026-01-06 19:01:12.824000+00:00,2026-01-06 19:01:13.420248+00:00,72.824,0.535,0.53,0.54,0.46499999999999997,0.46,0.47,198.0,176.0,176.0,198.0,0.52,638.0,0.55,211.0,0.45,211.0,0.48,567.0
2026-01-06 19:01:13.912000+00:00,2026-01-06 19:01:14.423271+00:00,73.912,0.545,0.54,0.55,0.455,0.45,0.46,316.38,135.0,135.0,303.38,0.53,332.0,0.56,258.72,0.44,258.72,0.47,262.0
2026-01-06 19:01:14.910000+00:00,2026-01-06 19:01:15.430800+00:00,74.91,0.545,0.54,0.55,0.455,0.45,0.46,71.0,247.0,35.0,169.0,0.53,85.0,0.56,405.72,0.44,401.71,0.47,124.0
2026-01-06 19:01:15.913000+00:00,2026-01-06 19:01:16.439650+00:00,75.913,0.535,0.53,0.54,0.46499999999999997,0.46,0.47,35.0,441.99,353.84,35.0,0.52,319.0,0.55,262.99,0.45,453.99,0.48,319.0
2026-01-06 19:01:16.890000+00:00,2026-01-06 19:01:17.456629+00:00,76.89,0.525,0.52,0.53,0.475,0.47,0.48,363.0,208.0,143.0,235.79,0.51,446.16,0.54,150.0,0.46,150.0,0.49,446.16
2026-01-06 19:01:17.913000+00:00,2026-01-06 19:01:18.473165+00:00,77.913,0.525,0.52,0.53,0.475,0.47,0.48,71.0,166.0,329.0,71.0,0.51,305.6,0.54,188.0,0.46,263.0,0.49,202.6
2026-01-06 19:01:18.888000+00:00,2026-01-06 19:01:19.471201+00:00,78.888,0.515,0.51,0.52,0.485,0.48,0.49,4.6,282.0,242.0,4.6,0.5,100.31,0.53,848.99,0.47,842.99,0.5,100.31
2026-01-06 19:01:19.958000+00:00,2026-01-06 19:01:20.487576+00:00,79.958,0.505,0.5,0.51,0.495,0.49,0.5,55.31,251.4,50.0,174.31,0.49,15.0,0.52,259.0,0.48,284.0,0.51,103.0
2026-01-06 19:01:20.945000+00:00,2026-01-06 19:01:21.484401+00:00,80.945,0.515,0.51,0.52,0.495,0.49,0.5,18.0,141.0,15.0,335.0,0.5,367.0,0.53,190.99,0.48,141.0,0.51,539.0
2026-01-06 19:01:21.923000+00:00,2026-01-06 19:01:22.486327+00:00,81.923,0.495,0.49,0.5,0.505,0.5,0.51,21.0,118.0,118.0,26.0,0.48,346.0,0.51,195.79,0.49,195.79,0.52,346.0
2026-01-06 19:01:22.951000+00:00,2026-01-06 19:01:23.487150+00:00,82.951,0.495,0.49,0.5,0.505,0.5,0.51,6.0,211.0,318.0,6.0,0.47,232.98,0.51,321.79,0.49,442.79,0.53,232.98
2026-01-06 19:01:23.921000+00:00,2026-01-06 19:01:24.497044+00:00,83.921,0.475,0.47,0.48,0.52,0.51,0.53,167.97,15.0,91.0,167.97,0.46,340.0,0.49,85.0,0.5,477.03,0.54,340.0
2026-01-06 19:01:25.993000+00:00,2026-01-06 19:01:26.523432+00:00,85.993,0.475,0.47,0.48,0.525,0.52,0.53,6.0,206.0,191.0,6.0,0.46,143.0,0.49,303.21,0.51,303.21,0.54,143.0
2026-01-06 19:01:27.001000+00:00,2026-01-06 19:01:27.537700+00:00,87.001,0.47,0.46,0.48,0.53,0.52,0.54,320.95,242.7,242.7,366.95,0.45,274.0,0.49,416.21,0.51,233.21,0.55,274.0
2026-01-06 19:01:28.001000+00:00,2026-01-06 19:01:28.533927+00:00,88.001,0.45,0.44,0.46,0.55,0.54,0.56,188.0,65.0,136.0,193.0,0.43,265.0,0.47,217.97,0.53,217.97,0.57,229.0
2026-01-06 19:01:29.011000+00:00,2026-01-06 19:01:29.540122+00:00,89.011,0.445,0.44,0.45,0.555,0.55,0.56,139.0,118.0,118.0,139.0,0.43,409.97,0.46,223.0,0.54,223.0,0.57,414.97
2026-01-06 19:01:30.013000+00:00,2026-01-06 19:01:30.551934+00:00,90.013,0.435,0.43,0.44,0.565,0.56,0.57,407.97,43.56,43.56,424.97,0.42,337.0,0.45,117.55,0.55,449.0,0.58,458.0
2026-01-06 19:01:31.046000+00:00,2026-01-06 19:01:31.569115+00:00,91.046,0.445,0.44,0.45,0.555,0.55,0.56,76.0,552.0,552.0,76.0,0.43,492.97,0.46,555.0,0.54,616.0,0.57,492.97
2026-01-06 19:01:32.006000+00:00,2026-01-06 19:01:32.569457+00:00,92.006,0.455,0.45,0.46,0.545,0.54,0.55,309.97,71.0,71.0,356.24,0.44,470.0,0.47,135.98,0.53,135.98,0.56,465.0
2026-01-06 19:01:33.057000+00:00,2026-01-06 19:01:33.573551+00:00,93.057,0.455,0.45,0.46,0.545,0.54,0.55,341.24,71.0,71.0,341.24,0.44,390.0,0.47,135.98,0.53,135.98,0.56,390.0
2026-01-06 19:01:34.097000+00:00,2026-01-06 19:01:34.583537+00:00,94.097,0.455,0.45,0.46,0.545,0.54,0.55,214.81,103.0,103.0,214.81,0.44,451.0,0.47,149.98,0.53,149.98,0.56,451.0
2026-01-06 19:01:35.109000+00:00,2026-01-06 19:01:35.609290+00:00,95.109,0.445,0.44,0.45,0.555,0.55,0.56,106.21,75.0,75.0,106.21,0.43,313.68,0.46,178.0,0.54,153.0,0.57,313.68
2026-01-06 19:01:36.102000+00:00,2026-01-06 19:01:36.623675+00:00,96.102,0.445,0.44,0.45,0.555,0.55,0.56,206.21,5.0,5.0,317.21,0.43,271.0,0.46,193.0,0.54,193.0,0.57,397.0
2026-01-06 19:01:37.063000+00:00,2026-01-06 19:01:37.618759+00:00,97.063,0.445,0.44,0.45,0.555,0.55,0.56,325.21,5.0,5.0,320.21,0.43,392.0,0.46,193.0,0.54,193.0,0.57,392.0
2026-01-06 19:01:38.070000+00:00,2026-01-06 19:01:38.622115+00:00,98.07,0.455,0.45,0.46,0.535,0.53,0.54,33.0,85.0,91.0,100.0,0.44,470.21,0.47,253.98,0.52,236.0,0.55,314.0
2026-01-06 19:01:39.062000+00:00,2026-01-06 19:01:39.617690+00:00,99.062,0.46499999999999997,0.46,0.47,0.535,0.53,0.54,645.0,53.0,53.0,600.0,0.45,496.0,0.5,303.0,0.51,85.0,0.55,496.0
2026-01-06 19:01:40.036000+00:00,2026-01-06 19:01:40.623336+00:00,100.036,0.485,0.48,0.49,0.515,0.51,0.52,188.0,114.97,119.97,183.0,0.47,379.71,0.5,170.0,0.5,188.0,0.53,384.71
2026-01-06 19:01:41.107000+00:00,2026-01-06 19:01:41.641767+00:00,101.107,0.485,0.48,0.49,0.515,0.51,0.52,188.73,142.97,77.97,208.73,0.47,379.71,0.5,288.0,0.5,288.0,0.53,397.71
2026-01-06 19:01:42.136000+00:00,2026-01-06 19:01:42.653449+00:00,102.136,0.485,0.48,0.49,0.515,0.51,0.52,192.52,117.72,339.47,187.52,0.47,451.71,0.5,149.0,0.5,319.4,0.53,254.0
2026-01-06 19:01:43.140000+00:00,2026-01-06 19:01:43.650934+00:00,103.14,0.45999999999999996,0.45,0.47,0.54,0.53,0.55,115.0,388.6,458.6,120.0,0.44,169.0,0.48,467.0,0.52,467.0,0.56,169.0
2026-01-06 19:01:44.134000+00:00,2026-01-06 19:01:44.659688+00:00,104.134,0.485,0.48,0.49,0.515,0.51,0.52,116.0,186.0,186.0,292.0,0.47,272.0,0.5,42.43,0.5,703.43,0.53,481.0
2026-01-06 19:01:45.120000+00:00,2026-01-06 19:01:45.662385+00:00,105.12,0.495,0.49,0.5,0.505,0.5,0.51,26.69,821.0,821.0,26.69,0.48,400.0,0.51,384.0,0.49,384.0,0.52,400.0
2026-01-06 19:01:46.139000+00:00,2026-01-06 19:01:46.680004+00:00,106.139,0.46499999999999997,0.46,0.47,0.555,0.55,0.56,32.33,233.0,80.0,5.0,0.45,15.0,0.48,220.2,0.54,250.67,0.57,69.98
2026-01-06 19:01:47.156000+00:00,2026-01-06 19:01:47.696291+00:00,107.156,0.435,0.43,0.44,0.565,0.56,0.57,40.0,60.0,103.0,40.0,0.42,212.0,0.45,241.73,0.55,235.73,0.58,212.0
2026-01-06 19:01:48.172000+00:00,2026-01-06 19:01:48.712026+00:00,108.172,0.435,0.43,0.44,0.565,0.56,0.57,18.0,82.0,82.0,18.0,0.42,243.0,0.45,463.73,0.55,463.73,0.58,243.0
2026-01-06 19:01:49.160000+00:00,2026-01-06 19:01:49.722378+00:00,109.16,0.43,0.42,0.44,0.5700000000000001,0.56,0.58,136.0,120.0,120.0,136.0,0.41,373.0,0.45,510.73,0.55,510.73,0.59,373.0
2026-01-06 19:01:50.151000+00:00,2026-01-06 19:01:50.735135+00:00,110.151,0.425,0.42,0.43,0.575,0.57,0.58,11.0,100.35,100.35,11.0,0.41,419.98,0.44,142.0,0.56,142.0,0.59,419.98
2026-01-06 19:01:51.228000+00:00,2026-01-06 19:01:51.751719+00:00,111.228,0.42,0.41,0.43,0.58,0.57,0.59,247.98,47.81,98.69,247.98,0.4,367.0,0.44,446.0,0.56,436.0,0.6,367.0
2026-01-06 19:01:52.230000+00:00,2026-01-06 19:01:52.755128+00:00,112.23,0.425,0.42,0.43,0.575,0.57,0.58,207.0,12.0,12.0,272.77,0.41,373.0,0.44,96.0,0.56,96.0,0.59,319.0
2026-01-06 19:01:53.256000+00:00,2026-01-06 19:01:53.765427+00:00,113.256,0.435,0.43,0.44,0.575,0.57,0.58,2.56,652.73,30.0,81.0,0.42,277.0,0.45,501.0,0.56,665.73,0.59,513.98
2026-01-06 19:01:54.292000+00:00,2026-01-06 19:01:54.784510+00:00,114.292,0.425,0.42,0.43,0.575,0.57,0.58,81.73,846.99,846.99,58.47,0.41,135.98,0.44,514.73,0.56,514.73,0.59,189.98
2026-01-06 19:01:55.245000+00:00,2026-01-06 19:01:55.788187+00:00,115.245,0.425,0.42,0.43,0.575,0.57,0.58,43.47,506.26,506.26,58.47,0.41,194.98,0.44,246.73,0.56,264.73,0.59,194.98
2026-01-06 19:01:56.263000+00:00,2026-01-06 19:01:56.791924+00:00,116.263,0.415,0.41,0.42,0.585,0.58,0.59,11.0,45.0,40.0,11.0,0.4,291.0,0.43,718.26,0.57,718.26,0.6,309.0
2026-01-06 19:01:57.283000+00:00,2026-01-06 19:01:57.802032+00:00,117.283,0.42,0.41,0.43,0.585,0.58,0.59,155.98,920.26,30.0,47.0,0.4,239.0,0.44,529.73,0.57,830.26,0.6,291.0
2026-01-06 19:01:58.272000+00:00,2026-01-06 19:01:58.812102+00:00,118.272,0.415,0.41,0.42,0.585,0.58,0.59,11.0,26.97,26.97,5.0,0.4,379.0,0.43,920.26,0.57,920.26,0.6,379.0
2026-01-06 19:01:59.138000+00:00,2026-01-06 19:01:59.829026+00:00,119.138,0.415,0.41,0.42,0.585,0.58,0.59,5.0,26.97,26.97,5.0,0.4,476.0,0.43,926.26,0.57,926.26,0.6,476.0
2026-01-06 19:02:00.334000+00:00,2026-01-06 19:02:00.856264+00:00,120.334,0.415,0.41,0.42,0.585,0.58,0.59,290.98,5.0,5.0,417.98,0.4,540.0,0.43,532.26,0.57,453.27,0.6,523.0
2026-01-06 19:02:01.312000+00:00,2026-01-06 19:02:01.855711+00:00,121.312,0.425,0.42,0.43,0.575,0.57,0.58,5.0,492.26,492.26,23.0,0.41,314.98,0.44,268.73,0.56,268.73,0.59,332.98
2026-01-06 19:02:02.334000+00:00,2026-01-06 19:02:02.869814+00:00,122.334,0.42,0.41,0.43,0.575,0.57,0.58,247.98,521.26,492.27,50.0,0.4,430.0,0.44,358.73,0.56,404.73,0.59,207.98
2026-01-06 19:02:03.310000+00:00,2026-01-06 19:02:03.885701+00:00,123.31,0.42,0.41,0.43,0.575,0.57,0.58,471.0,652.5,652.5,11.0,0.4,494.0,0.44,111.0,0.56,111.0,0.59,471.0
2026-01-06 19:02:04.358000+00:00,2026-01-06 19:02:04.889570+00:00,124.358,0.435,0.43,0.44,0.565,0.56,0.57,29.0,156.73,161.73,32.0,0.42,437.98,0.45,220.0,0.55,220.0,0.58,397.98
2026-01-06 19:02:05.254000+00:00,2026-01-06 19:02:05.897040+00:00,125.254,0.435,0.43,0.44,0.565,0.56,0.57,5.0,90.73,90.73,5.0,0.42,352.98,0.45,226.0,0.55,348.0,0.58,352.98
2026-01-06 19:02:06.331000+00:00,2026-01-06 19:02:06.904577+00:00,126.331,0.43,0.42,0.44,0.5700000000000001,0.56,0.58,151.98,185.73,185.73,151.98,0.41,240.0,0.45,332.0,0.55,332.0,0.59,240.0
2026-01-06 19:02:07.406000+00:00,2026-01-06 19:02:07.905184+00:00,127.406,0.425,0.42,0.43,0.575,0.57,0.58,17.0,566.23,1014.23,7.0,0.4,129.98,0.44,503.2,0.56,521.2,0.6,104.98
2026-01-06 19:02:08.344000+00:00,2026-01-06 19:02:08.904011+00:00,128.344,0.395,0.39,0.4,0.605,0.6,0.61,6.0,109.22,109.22,6.0,0.38,118.79,0.41,113.3,0.59,172.3,0.62,123.79
2026-01-06 19:02:09.378000+00:00,2026-01-06 19:02:09.908850+00:00,129.378,0.395,0.39,0.4,0.605,0.6,0.61,6.0,844.37,865.37,6.0,0.37,227.98,0.41,343.3,0.59,404.3,0.63,44.98
2026-01-06 19:02:10.355000+00:00,2026-01-06 19:02:10.912039+00:00,130.355,0.37,0.36,0.38,0.63,0.62,0.64,205.78,20.04,16.17,205.78,0.35,777.0,0.39,299.0,0.61,299.0,0.65,777.0
2026-01-06 19:02:11.411000+00:00,2026-01-06 19:02:11.928461+00:00,131.411,0.395,0.39,0.4,0.605,0.6,0.61,46.61,71.0,68.25,126.61,0.38,598.0,0.41,520.0,0.59,76.0,0.62,645.0
2026-01-06 19:02:12.407000+00:00,2026-01-06 19:02:12.935296+00:00,132.407,0.405,0.4,0.41,0.595,0.59,0.6,144.75,617.0,624.0,38.08,0.39,288.0,0.42,81.0,0.58,76.0,0.61,188.0
2026-01-06 19:02:13.372000+00:00,2026-01-06 19:02:13.961440+00:00,133.372,0.385,0.38,0.39,0.63,0.62,0.64,71.0,593.92,45.0,325.25,0.37,40.0,0.4,460.25,0.61,578.92,0.65,854.0
2026-01-06 19:02:14.342000+00:00,2026-01-06 19:02:14.965146+00:00,134.342,0.37,0.36,0.38,0.63,0.62,0.64,388.25,45.0,45.0,388.25,0.35,877.0,0.39,618.92,0.61,618.92,0.65,895.0
2026-01-06 19:02:15.363000+00:00,2026-01-06 19:02:15.960928+00:00,135.363,0.37,0.36,0.38,0.63,0.62,0.64,200.25,80.0,80.0,94.0,0.35,800.0,0.39,940.92,0.61,940.92,0.65,795.0
2026-01-06 19:02:16.443000+00:00,2026-01-06 19:02:16.972029+00:00,136.443,0.375,0.37,0.38,0.625,0.62,0.63,146.0,449.0,449.0,146.0,0.36,382.22,0.39,465.0,0.61,166.0,0.64,433.22
2026-01-06 19:02:17.299000+00:00,2026-01-06 19:02:17.967958+00:00,137.299,0.375,0.37,0.38,0.625,0.62,0.63,208.46,370.0,370.0,208.46,0.36,382.92,0.39,146.0,0.61,111.0,0.64,382.92
2026-01-06 19:02:18.419000+00:00,2026-01-06 19:02:18.961824+00:00,138.419,0.385,0.38,0.39,0.615,0.61,0.62,61.0,250.0,280.0,61.0,0.37,428.99,0.4,167.0,0.6,95.0,0.63,299.0
2026-01-06 19:02:19.442000+00:00,2026-01-06 19:02:19.975947+00:00,139.442,0.375,0.37,0.38,0.635,0.63,0.64,14.06,462.99,66.0,359.22,0.36,202.22,0.39,424.0,0.62,844.99,0.65,780.99
2026-01-06 19:02:20.465000+00:00,2026-01-06 19:02:20.982800+00:00,140.465,0.365,0.36,0.37,0.635,0.63,0.64,328.56,86.0,86.0,249.56,0.35,894.99,0.38,638.43,0.62,638.43,0.65,912.99
2026-01-06 19:02:21.456000+00:00,2026-01-06 19:02:21.998389+00:00,141.456,0.365,0.36,0.37,0.635,0.63,0.64,231.56,86.0,211.0,111.0,0.35,883.0,0.38,692.43,0.62,688.43,0.65,934.99
2026-01-06 19:02:22.401000+00:00,2026-01-06 19:02:23.011803+00:00,142.401,0.365,0.36,0.37,0.635,0.63,0.64,111.0,204.0,189.0,111.0,0.35,907.99,0.38,724.43,0.62,794.43,0.65,968.99
2026-01-06 19:02:23.528000+00:00,2026-01-06 19:02:24.035941+00:00,143.528,0.365,0.36,0.37,0.635,0.63,0.64,108.68,151.0,466.0,71.0,0.35,630.0,0.38,826.43,0.62,921.43,0.65,560.0
2026-01-06 19:02:24.432000+00:00,2026-01-06 19:02:25.033670+00:00,144.432,0.355,0.35,0.36,0.645,0.64,0.65,555.0,162.0,71.0,684.99,0.34,145.0,0.37,538.0,0.63,485.22,0.66,123.0
2026-01-06 19:02:25.529000+00:00,2026-01-06 19:02:26.047413+00:00,145.529,0.385,0.38,0.39,0.625,0.62,0.63,15.0,184.99,414.0,193.0,0.37,375.31,0.4,90.0,0.61,520.99,0.64,423.99
2026-01-06 19:02:26.534000+00:00,2026-01-06 19:02:27.067221+00:00,146.534,0.375,0.37,0.38,0.625,0.62,0.63,56.0,718.99,693.99,56.0,0.35,535.0,0.39,429.0,0.61,494.0,0.65,535.0
2026-01-06 19:02:27.545000+00:00,2026-01-06 19:02:28.083983+00:00,147.545,0.355,0.35,0.36,0.645,0.64,0.65,540.0,80.0,80.0,540.0,0.34,137.31,0.37,124.0,0.63,245.0,0.66,137.31
2026-01-06 19:02:28.540000+00:00,2026-01-06 19:02:29.094621+00:00,148.54,0.355,0.35,0.36,0.645,0.64,0.65,540.0,85.0,85.0,540.0,0.34,458.0,0.37,139.0,0.63,139.0,0.66,458.0
2026-01-06 19:02:29.585000+00:00,2026-01-06 19:02:30.094969+00:00,149.585,0.355,0.35,0.36,0.645,0.64,0.65,530.0,241.0,259.0,530.0,0.34,111.0,0.37,487.0,0.63,566.0,0.66,111.0
2026-01-06 19:02:30.598000+00:00,2026-01-06 19:02:31.107123+00:00,150.598,0.355,0.35,0.36,0.645,0.64,0.65,540.0,145.0,145.0,540.0,0.34,111.0,0.37,512.0,0.63,600.0,0.66,165.0
2026-01-06 19:02:31.508000+00:00,2026-01-06 19:02:32.118529+00:00,151.508,0.355,0.35,0.36,0.645,0.64,0.65,695.99,339.0,404.0,604.0,0.34,329.0,0.37,1018.99,0.63,984.0,0.66,472.0
2026-01-06 19:02:32.590000+00:00,2026-01-06 19:02:33.140093+00:00,152.59,0.355,0.35,0.36,0.645,0.64,0.65,703.99,50.0,50.0,703.99,0.34,407.0,0.37,714.99,0.63,714.99,0.66,407.0
2026-01-06 19:02:33.625000+00:00,2026-01-06 19:02:34.133933+00:00,153.625,0.355,0.35,0.36,0.645,0.64,0.65,728.0,120.0,20.0,841.45,0.34,497.0,0.37,781.0,0.63,730.0,0.66,465.0
2026-01-06 19:02:34.606000+00:00,2026-01-06 19:02:35.150294+00:00,154.606,0.355,0.35,0.36,0.645,0.64,0.65,927.06,25.0,25.0,744.06,0.34,460.0,0.37,700.99,0.63,644.99,0.66,465.0
2026-01-06 19:02:35.645000+00:00,2026-01-06 19:02:36.152763+00:00,155.645,0.365,0.36,0.37,0.635,0.63,0.64,15.0,76.0,71.0,176.0,0.35,1092.06,0.38,175.91,0.62,170.91,0.65,1123.06
2026-01-06 19:02:36.623000+00:00,2026-01-06 19:02:37.148243+00:00,156.623,0.365,0.36,0.37,0.635,0.63,0.64,264.0,195.99,226.99,204.0,0.35,979.06,0.38,306.99,0.62,370.99,0.65,1042.06
2026-01-06 19:02:37.640000+00:00,2026-01-06 19:02:38.171192+00:00,157.64,0.365,0.36,0.37,0.635,0.63,0.64,65.18,161.02,161.02,83.46,0.35,788.06,0.38,345.99,0.62,345.99,0.65,783.06
2026-01-06 19:02:38.643000+00:00,2026-01-06 19:02:39.187038+00:00,158.643,0.365,0.36,0.37,0.635,0.63,0.64,65.02,139.04,139.04,65.02,0.35,783.06,0.38,274.99,0.62,274.99,0.65,783.06
2026-01-06 19:02:39.689000+00:00,2026-01-06 19:02:40.203996+00:00,159.689,0.36,0.35,0.37,0.645,0.64,0.65,972.9,672.04,51.0,917.9,0.34,377.0,0.38,372.99,0.63,667.04,0.66,360.0
2026-01-06 19:02:41.899000+00:00,2026-01-06 19:02:42.506805+00:00,161.899,0.365,0.36,0.37,0.635,0.63,0.64,61.0,226.99,147.0,279.0,0.35,997.36,0.38,434.99,0.62,99.99,0.65,1258.37
2026-01-06 19:02:42.963000+00:00,2026-01-06 19:02:43.510570+00:00,162.963,0.385,0.38,0.39,0.615,0.61,0.62,131.0,80.28,80.28,128.98,0.37,328.74,0.4,147.62,0.6,147.62,0.63,328.74
2026-01-06 19:02:43.975000+00:00,2026-01-06 19:02:44.514775+00:00,163.975,0.375,0.37,0.38,0.625,0.62,0.63,225.74,171.0,191.0,230.74,0.36,330.0,0.39,552.27,0.61,562.27,0.64,340.0
2026-01-06 19:02:45.006000+00:00,2026-01-06 19:02:45.533046+00:00,165.006,0.375,0.37,0.38,0.625,0.62,0.63,288.99,183.0,183.0,263.99,0.36,316.0,0.39,222.28,0.61,222.28,0.64,316.0
2026-01-06 19:02:46.038000+00:00,2026-01-06 19:02:46.549750+00:00,166.038,0.385,0.38,0.39,0.615,0.61,0.62,441.0,148.78,148.78,512.0,0.37,384.0,0.4,15.0,0.6,10.0,0.63,449.0
2026-01-06 19:02:47.064000+00:00,2026-01-06 19:02:47.560500+00:00,167.064,0.405,0.4,0.41,0.595,0.59,0.6,298.51,51.94,196.94,264.0,0.39,359.0,0.42,124.99,0.58,105.0,0.61,335.77
2026-01-06 19:02:48.070000+00:00,2026-01-06 19:02:48.585551+00:00,168.07,0.375,0.37,0.38,0.625,0.62,0.63,28.34,191.0,191.0,26.34,0.36,165.55,0.39,311.97,0.61,316.97,0.64,67.77
2026-01-06 19:02:49.066000+00:00,2026-01-06 19:02:49.598883+00:00,169.066,0.355,0.35,0.36,0.645,0.64,0.65,649.37,149.23,245.23,649.37,0.34,103.77,0.37,443.0,0.63,482.34,0.66,103.77
2026-01-06 19:02:50.092000+00:00,2026-01-06 19:02:50.615439+00:00,170.092,0.355,0.35,0.36,0.645,0.64,0.65,588.37,233.65,233.65,588.37,0.34,108.77,0.37,559.34,0.63,559.34,0.66,108.77
2026-01-06 19:02:51.001000+00:00,2026-01-06 19:02:51.623623+00:00,171.001,0.355,0.35,0.36,0.645,0.64,0.65,568.37,218.65,218.65,568.37,0.34,171.77,0.37,559.34,0.63,541.34,0.66,171.77
2026-01-06 19:02:52.100000+00:00,2026-01-06 19:02:52.631862+00:00,172.1,0.355,0.35,0.36,0.645,0.64,0.65,558.37,96.65,354.65,558.37,0.34,241.77,0.37,541.34,0.63,541.34,0.66,196.77
2026-01-06 19:02:53.091000+00:00,2026-01-06 19:02:53.651144+00:00,173.091,0.355,0.35,0.36,0.645,0.64,0.65,543.37,415.65,415.65,543.37,0.34,196.77,0.37,611.34,0.63,611.34,0.66,201.77
2026-01-06 19:02:54.135000+00:00,2026-01-06 19:02:54.659470+00:00,174.135,0.355,0.35,0.36,0.645,0.64,0.65,548.37,116.65,116.65,563.37,0.34,241.77,0.37,539.34,0.63,521.34,0.66,223.77
2026-01-06 19:02:55.115000+00:00,2026-01-06 19:02:55.666093+00:00,175.115,0.355,0.35,0.36,0.645,0.64,0.65,538.37,116.65,116.65,538.37,0.34,247.57,0.37,539.34,0.63,539.34,0.66,247.57
2026-01-06 19:02:56.082000+00:00,2026-01-06 19:02:56.668576+00:00,176.082,0.355,0.35,0.36,0.645,0.64,0.65,528.37,131.65,116.65,528.37,0.34,247.57,0.37,611.34,0.63,611.34,0.66,247.57
2026-01-06 19:02:57.097000+00:00,2026-01-06 19:02:57.678654+00:00,177.097,0.355,0.35,0.36,0.645,0.64,0.65,518.37,600.65,600.65,518.37,0.34,247.57,0.37,586.34,0.63,586.34,0.66,247.57
2026-01-06 19:02:58.965000+00:00,2026-01-06 19:02:59.687233+00:00,178.965,0.355,0.35,0.36,0.645,0.64,0.65,528.37,932.65,1033.65,523.37,0.34,247.57,0.37,586.34,0.63,586.34,0.66,103.8
2026-01-06 19:03:00.143000+00:00,2026-01-06 19:03:00.699789+00:00,180.143,0.355,0.35,0.36,0.645,0.64,0.65,111.68,1176.65,1246.65,50.68,0.33,53.66,0.37,550.34,0.63,450.34,0.67,53.66
2026-01-06 19:03:01.208000+00:00,2026-01-06 19:03:01.709893+00:00,181.208,0.335,0.33,0.34,0.665,0.66,0.67,46.15,153.22,90.22,207.92,0.32,297.0,0.35,137.0,0.65,105.0,0.68,413.99
2026-01-06 19:03:02.217000+00:00,2026-01-06 19:03:02.724319+00:00,182.217,0.345,0.34,0.35,0.655,0.65,0.66,81.09,633.24,628.24,81.09,0.33,214.0,0.36,568.65,0.64,639.65,0.67,26.0
2026-01-06 19:03:03.197000+00:00,2026-01-06 19:03:03.730961+00:00,183.197,0.345,0.34,0.35,0.655,0.65,0.66,24.86,687.24,687.24,24.86,0.33,31.0,0.36,499.65,0.64,507.15,0.67,26.0
2026-01-06 19:03:04.177000+00:00,2026-01-06 19:03:04.733221+00:00,184.177,0.335,0.33,0.34,0.665,0.66,0.67,14.34,453.91,453.91,22.53,0.32,323.51,0.35,677.24,0.65,677.24,0.68,323.51
2026-01-06 19:03:05.194000+00:00,2026-01-06 19:03:05.735194+00:00,185.194,0.335,0.33,0.34,0.665,0.66,0.67,22.53,149.91,167.91,22.53,0.32,173.51,0.35,771.24,0.65,771.24,0.68,173.51
2026-01-06 19:03:06.215000+00:00,2026-01-06 19:03:06.747775+00:00,186.215,0.335,0.33,0.34,0.665,0.66,0.67,17.68,121.0,146.0,17.68,0.32,173.51,0.35,697.24,0.65,769.24,0.68,191.51
2026-01-06 19:03:07.142000+00:00,2026-01-06 19:03:07.746918+00:00,187.142,0.335,0.33,0.34,0.665,0.66,0.67,8.72,95.0,95.0,8.72,0.32,191.51,0.35,839.24,0.65,839.24,0.68,191.51
2026-01-06 19:03:08.282000+00:00,2026-01-06 19:03:08.749234+00:00,188.282,0.335,0.33,0.34,0.665,0.66,0.67,8.72,78.31,921.91,8.72,0.32,524.51,0.35,306.24,0.65,486.94,0.68,304.0
2026-01-06 19:03:09.389000+00:00,2026-01-06 19:03:09.747496+00:00,189.389,0.325,0.32,0.33,0.675,0.67,0.68,121.0,98.98,151.98,121.0,0.31,90.0,0.34,1041.03,0.66,983.03,0.69,90.0
2026-01-06 19:03:10.240000+00:00,2026-01-06 19:03:10.765210+00:00,190.24,0.325,0.32,0.33,0.675,0.67,0.68,86.0,518.0,508.0,86.0,0.3,226.51,0.34,515.03,0.66,510.03,0.7,43.51
2026-01-06 19:03:11.260000+00:00,2026-01-06 19:03:11.766112+00:00,191.26,0.28500000000000003,0.28,0.29,0.715,0.71,0.72,35.0,116.62,21.06,168.98,0.27,193.37,0.3,477.84,0.7,337.1,0.73,295.37
2026-01-06 19:03:12.371000+00:00,2026-01-06 19:03:12.769058+00:00,192.371,0.275,0.27,0.28,0.725,0.72,0.73,291.23,211.0,216.0,108.23,0.26,488.8,0.29,353.0,0.71,419.0,0.74,325.8
2026-01-06 19:03:13.266000+00:00,2026-01-06 19:03:13.781409+00:00,193.266,0.275,0.27,0.28,0.725,0.72,0.73,29.2,747.42,742.42,29.2,0.26,134.8,0.29,575.0,0.71,575.0,0.74,134.8
2026-01-06 19:03:14.252000+00:00,2026-01-06 19:03:14.777034+00:00,194.252,0.265,0.26,0.27,0.735,0.73,0.74,209.66,91.8,76.59,376.66,0.25,186.89,0.28,672.42,0.72,641.0,0.75,321.89
2026-01-06 19:03:15.261000+00:00,2026-01-06 19:03:15.789994+00:00,195.261,0.28500000000000003,0.28,0.29,0.695,0.69,0.7,244.21,22.86,60.0,18.0,0.27,333.6,0.3,15.0,0.68,80.0,0.71,256.0
2026-01-06 19:03:16.140000+00:00,2026-01-06 19:03:16.800799+00:00,196.14,0.3,0.29,0.31,0.7,0.69,0.71,400.74,60.0,60.0,365.74,0.28,357.61,0.32,85.0,0.68,85.0,0.72,357.61
2026-01-06 19:03:17.268000+00:00,2026-01-06 19:03:17.811567+00:00,197.268,0.3,0.29,0.31,0.7,0.69,0.71,250.46,60.0,60.0,275.46,0.28,411.61,0.32,211.0,0.68,211.0,0.72,411.61
2026-01-06 19:03:18.298000+00:00,2026-01-06 19:03:18.802007+00:00,198.298,0.315,0.31,0.32,0.685,0.68,0.69,90.0,546.66,546.66,220.7,0.3,201.0,0.33,474.86,0.67,552.86,0.7,199.0
2026-01-06 19:03:19.310000+00:00,2026-01-06 19:03:19.815947+00:00,199.31,0.32,0.31,0.33,0.685,0.68,0.69,234.99,279.86,121.89,275.99,0.3,527.2,0.34,899.0,0.67,184.86,0.7,481.2
2026-01-06 19:03:20.187000+00:00,2026-01-06 19:03:20.809191+00:00,200.187,0.315,0.31,0.32,0.6799999999999999,0.67,0.69,606.77,40.0,98.86,638.09,0.3,344.2,0.33,98.86,0.66,152.0,0.7,450.2
2026-01-06 19:03:21.296000+00:00,2026-01-06 19:03:21.821478+00:00,201.296,0.345,0.34,0.35,0.655,0.65,0.66,129.83,30.0,30.0,195.41,0.33,243.97,0.36,180.89,0.64,180.89,0.67,249.87
2026-01-06 19:03:22.265000+00:00,2026-01-06 19:03:22.834758+00:00,202.265,0.345,0.34,0.35,0.655,0.65,0.66,186.65,30.0,30.0,186.65,0.33,249.87,0.36,180.89,0.64,216.89,0.67,249.87
2026-01-06 19:03:23.299000+00:00,2026-01-06 19:03:23.855683+00:00,203.299,0.345,0.34,0.35,0.655,0.65,0.66,210.13,31.37,31.37,330.44,0.33,352.87,0.36,629.0,0.64,629.0,0.67,352.87
2026-01-06 19:03:24.307000+00:00,2026-01-06 19:03:24.857724+00:00,204.307,0.355,0.35,0.36,0.645,0.64,0.65,151.0,157.0,85.0,519.0,0.34,404.63,0.37,382.0,0.63,157.0,0.66,440.63
2026-01-06 19:03:25.348000+00:00,2026-01-06 19:03:25.857858+00:00,205.348,0.385,0.38,0.39,0.605,0.6,0.61,312.85,75.0,477.0,45.0,0.37,303.55,0.4,482.0,0.59,281.0,0.62,339.2
2026-01-06 19:03:26.275000+00:00,2026-01-06 19:03:26.868386+00:00,206.275,0.395,0.39,0.4,0.605,0.6,0.61,100.34,28.0,10.0,84.32,0.38,345.2,0.41,215.0,0.59,197.0,0.62,340.2
2026-01-06 19:03:27.215000+00:00,2026-01-06 19:03:27.873960+00:00,207.215,0.395,0.39,0.4,0.605,0.6,0.61,82.58,15.0,15.0,45.94,0.38,340.2,0.41,156.0,0.59,191.0,0.62,365.2
2026-01-06 19:03:28.353000+00:00,2026-01-06 19:03:28.885952+00:00,208.353,0.4,0.39,0.41,0.595,0.59,0.6,445.09,172.0,35.0,81.81,0.38,430.2,0.42,666.59,0.58,618.57,0.61,458.0
2026-01-06 19:03:29.363000+00:00,2026-01-06 19:03:29.882760+00:00,209.363,0.415,0.41,0.42,0.585,0.58,0.59,382.44,124.99,49.99,282.45,0.4,378.0,0.43,83.0,0.57,250.99,0.6,452.0
2026-01-06 19:03:30.359000+00:00,2026-01-06 19:03:30.897803+00:00,210.359,0.425,0.42,0.43,0.575,0.57,0.58,325.01,80.0,85.0,325.01,0.41,378.0,0.44,283.99,0.56,283.99,0.59,386.0
2026-01-06 19:03:31.402000+00:00,2026-01-06 19:03:31.897838+00:00,211.402,0.425,0.42,0.43,0.575,0.57,0.58,63.94,120.0,125.0,63.94,0.41,350.0,0.44,243.99,0.56,243.99,0.59,350.0
2026-01-06 19:03:32.407000+00:00,2026-01-06 19:03:32.914924+00:00,212.407,0.425,0.42,0.43,0.5700000000000001,0.56,0.58,132.49,55.0,749.99,225.49,0.41,270.99,0.44,704.99,0.55,343.0,0.59,129.0
2026-01-06 19:03:33.404000+00:00,2026-01-06 19:03:33.925418+00:00,213.404,0.445,0.44,0.45,0.56,0.55,0.57,5.01,184.0,148.0,142.21,0.43,159.84,0.46,334.66,0.54,250.67,0.58,214.49
2026-01-06 19:03:34.393000+00:00,2026-01-06 19:03:34.929015+00:00,214.393,0.45,0.44,0.46,0.55,0.54,0.56,197.99,120.0,125.0,162.99,0.43,425.0,0.47,152.0,0.53,142.0,0.57,425.0
2026-01-06 19:03:35.396000+00:00,2026-01-06 19:03:35.934618+00:00,215.396,0.455,0.45,0.46,0.545,0.54,0.55,15.0,128.0,95.0,70.0,0.44,187.05,0.47,147.0,0.53,242.0,0.56,152.05
2026-01-06 19:03:36.424000+00:00,2026-01-06 19:03:36.934336+00:00,216.424,0.455,0.45,0.46,0.55,0.54,0.56,11.0,84.99,145.99,217.06,0.44,217.06,0.47,289.08,0.53,345.08,0.57,197.0
2026-01-06 19:03:37.394000+00:00,2026-01-06 19:03:37.927300+00:00,217.394,0.455,0.45,0.46,0.545,0.54,0.55,5.0,174.0,179.0,20.0,0.44,173.22,0.47,299.0,0.53,364.98,0.56,196.22
2026-01-06 19:03:38.409000+00:00,2026-01-06 19:03:38.950986+00:00,218.409,0.43,0.42,0.44,0.5700000000000001,0.56,0.58,186.92,187.0,365.0,186.92,0.41,87.4,0.45,362.47,0.55,435.0,0.59,92.4
2026-01-06 19:03:39.349000+00:00,2026-01-06 19:03:39.949614+00:00,219.349,0.43,0.42,0.44,0.5700000000000001,0.56,0.58,181.83,506.0,406.0,174.98,0.41,196.4,0.45,335.0,0.55,335.0,0.59,196.4
2026-01-06 19:03:40.413000+00:00,2026-01-06 19:03:40.946091+00:00,220.413,0.435,0.43,0.44,0.5549999999999999,0.54,0.57,467.24,58.72,166.54,528.24,0.42,456.58,0.46,187.54,0.53,723.98,0.58,553.58
2026-01-06 19:03:41.446000+00:00,2026-01-06 19:03:41.946204+00:00,221.446,0.44,0.43,0.45,0.565,0.56,0.57,319.0,30.0,141.0,15.0,0.42,400.0,0.46,1002.54,0.55,101.0,0.58,91.0
2026-01-06 19:03:42.479000+00:00,2026-01-06 19:03:42.966831+00:00,222.479,0.415,0.41,0.42,0.585,0.58,0.59,60.46,159.39,88.91,340.4,0.4,129.72,0.43,335.0,0.57,183.0,0.6,231.0
2026-01-06 19:03:43.450000+00:00,2026-01-06 19:03:43.964709+00:00,223.45,0.435,0.43,0.44,0.565,0.56,0.57,367.95,24.64,24.64,492.95,0.42,298.0,0.46,273.54,0.54,90.54,0.58,359.0
2026-01-06 19:03:44.421000+00:00,2026-01-06 19:03:44.961199+00:00,224.421,0.455,0.45,0.46,0.545,0.54,0.55,153.08,55.54,55.54,155.82,0.44,289.0,0.47,355.94,0.53,172.0,0.56,289.0
2026-01-06 19:03:45.425000+00:00,2026-01-06 19:03:45.964741+00:00,225.425,0.46499999999999997,0.46,0.47,0.535,0.53,0.54,93.0,96.0,96.0,88.0,0.45,116.82,0.48,692.0,0.52,692.0,0.55,121.82
2026-01-06 19:03:46.452000+00:00,2026-01-06 19:03:46.964473+00:00,226.452,0.46499999999999997,0.46,0.47,0.535,0.53,0.54,54.1,324.97,324.97,54.1,0.45,67.82,0.48,934.9,0.52,934.9,0.55,72.82
2026-01-06 19:03:47.428000+00:00,2026-01-06 19:03:47.965449+00:00,227.428,0.46499999999999997,0.46,0.47,0.535,0.53,0.54,129.1,29.35,29.35,104.1,0.45,465.82,0.48,112.0,0.52,130.0,0.55,465.82
2026-01-06 19:03:48.430000+00:00,2026-01-06 19:03:48.965451+00:00,228.43,0.475,0.47,0.48,0.525,0.52,0.53,74.9,107.68,40.0,57.81,0.46,89.1,0.49,308.04,0.51,254.04,0.54,89.1
2026-01-06 19:03:49.427000+00:00,2026-01-06 19:03:49.979555+00:00,229.427,0.48,0.47,0.49,0.525,0.52,0.53,79.81,251.77,110.9,7.0,0.46,107.1,0.5,432.98,0.51,158.48,0.54,38.0
2026-01-06 19:03:50.412000+00:00,2026-01-06 19:03:50.993358+00:00,230.412,0.455,0.45,0.46,0.545,0.54,0.55,84.98,140.32,196.32,84.98,0.44,105.0,0.47,424.1,0.53,485.1,0.56,100.0
2026-01-06 19:03:51.466000+00:00,2026-01-06 19:03:51.997825+00:00,231.466,0.445,0.44,0.45,0.555,0.55,0.56,80.0,178.57,223.48,80.0,0.43,86.92,0.46,345.86,0.54,340.86,0.57,81.92
2026-01-06 19:03:52.465000+00:00,2026-01-06 19:03:52.999716+00:00,232.465,0.44,0.43,0.45,0.56,0.55,0.57,123.24,292.82,292.82,123.24,0.42,461.3,0.46,309.86,0.54,309.86,0.58,461.3
2026-01-06 19:03:53.476000+00:00,2026-01-06 19:03:54.010895+00:00,233.476,0.445,0.44,0.45,0.555,0.55,0.56,35.0,248.65,248.65,35.0,0.43,103.24,0.46,322.0,0.54,322.0,0.57,103.24
2026-01-06 19:03:54.487000+00:00,2026-01-06 19:03:55.013886+00:00,234.487,0.435,0.43,0.44,0.565,0.56,0.57,23.24,89.94,158.94,23.24,0.42,406.0,0.45,416.3,0.55,439.3,0.58,441.0
2026-01-06 19:03:55.407000+00:00,2026-01-06 19:03:56.028751+00:00,235.407,0.435,0.43,0.44,0.565,0.56,0.57,23.24,113.8,35.95,83.24,0.42,446.0,0.45,475.0,0.55,505.0,0.58,431.0
2026-01-06 19:03:56.479000+00:00,2026-01-06 19:03:57.014964+00:00,236.479,0.46499999999999997,0.46,0.47,0.535,0.53,0.54,270.95,79.59,46.59,397.95,0.45,202.0,0.48,35.0,0.52,35.0,0.55,217.0
2026-01-06 19:03:57.496000+00:00,2026-01-06 19:03:58.014743+00:00,237.496,0.495,0.49,0.5,0.505,0.5,0.51,374.0,98.0,64.0,379.0,0.48,443.0,0.51,40.0,0.49,40.0,0.52,443.0
2026-01-06 19:03:58.538000+00:00,2026-01-06 19:03:59.024442+00:00,238.538,0.495,0.49,0.5,0.505,0.5,0.51,438.0,48.0,48.0,433.0,0.48,413.0,0.51,41.0,0.49,41.0,0.52,413.0
2026-01-06 19:03:59.498000+00:00,2026-01-06 19:04:00.028244+00:00,239.498,0.485,0.48,0.49,0.515,0.51,0.52,6.0,77.75,161.75,6.0,0.47,116.0,0.5,238.76,0.5,238.76,0.53,116.0
2026-01-06 19:04:00.508000+00:00,2026-01-06 19:04:01.038803+00:00,240.508,0.47,0.46,0.48,0.535,0.53,0.54,288.0,75.0,224.65,188.0,0.45,332.3,0.49,435.4,0.52,302.0,0.55,279.3
2026-01-06 19:04:01.558000+00:00,2026-01-06 19:04:02.056521+00:00,241.558,0.445,0.44,0.45,0.555,0.55,0.56,107.85,224.82,266.79,5.0,0.43,249.24,0.46,306.0,0.54,299.0,0.57,325.24
2026-01-06 19:04:02.542000+00:00,2026-01-06 19:04:03.061588+00:00,242.542,0.44,0.43,0.45,0.56,0.55,0.57,210.24,275.97,280.97,210.24,0.42,410.0,0.46,102.98,0.54,84.98,0.58,415.0
2026-01-06 19:04:03.540000+00:00,2026-01-06 19:04:04.076310+00:00,243.54,0.445,0.44,0.45,0.545,0.54,0.55,263.0,71.0,35.0,45.0,0.43,378.42,0.46,40.0,0.53,659.61,0.56,273.0
2026-01-06 19:04:04.556000+00:00,2026-01-06 19:04:05.098142+00:00,244.556,0.455,0.45,0.46,0.545,0.54,0.55,75.0,34.63,34.63,80.0,0.44,324.0,0.47,696.62,0.53,696.62,0.56,319.0
2026-01-06 19:04:05.534000+00:00,2026-01-06 19:04:06.113732+00:00,245.534,0.45,0.44,0.46,0.55,0.54,0.56,324.0,122.26,122.26,324.0,0.43,297.42,0.47,859.65,0.53,859.65,0.57,297.42
2026-01-06 19:04:06.591000+00:00,2026-01-06 19:04:07.127753+00:00,246.591,0.45,0.44,0.46,0.555,0.55,0.56,136.0,163.26,387.97,71.0,0.43,208.42,0.47,967.65,0.54,189.0,0.57,25.42
2026-01-06 19:04:07.657000+00:00,2026-01-06 19:04:08.149916+00:00,247.657,0.425,0.42,0.43,0.575,0.57,0.58,572.0,132.46,46.0,597.0,0.41,422.46,0.44,375.0,0.56,137.0,0.59,479.46
2026-01-06 19:04:08.667000+00:00,2026-01-06 19:04:09.164491+00:00,248.667,0.45,0.44,0.46,0.555,0.55,0.56,131.0,148.0,36.0,131.0,0.43,179.0,0.47,295.65,0.54,220.0,0.57,179.0
2026-01-06 19:04:09.649000+00:00,2026-01-06 19:04:10.180256+00:00,249.649,0.455,0.45,0.46,0.545,0.54,0.55,45.0,130.0,145.0,75.0,0.44,130.64,0.47,167.62,0.53,185.62,0.56,130.64
2026-01-06 19:04:10.601000+00:00,2026-01-06 19:04:11.195850+00:00,250.601,0.445,0.44,0.45,0.555,0.55,0.56,130.64,18.0,18.0,130.64,0.43,174.0,0.46,210.0,0.54,215.0,0.57,179.0
2026-01-06 19:04:11.648000+00:00,2026-01-06 19:04:12.200037+00:00,251.648,0.44,0.43,0.45,0.56,0.55,0.57,100.0,418.01,418.01,100.0,0.42,275.0,0.46,292.98,0.54,292.98,0.58,275.0
2026-01-06 19:04:12.589000+00:00,2026-01-06 19:04:13.211880+00:00,252.589,0.44,0.43,0.45,0.56,0.55,0.57,105.41,397.02,349.0,176.41,0.42,311.0,0.46,310.98,0.54,310.98,0.58,451.0
2026-01-06 19:04:13.660000+00:00,2026-01-06 19:04:14.213100+00:00,253.66,0.445,0.44,0.45,0.555,0.55,0.56,435.0,86.0,86.0,435.0,0.43,587.0,0.47,613.65,0.53,613.65,0.57,533.0
2026-01-06 19:04:14.840000+00:00,2026-01-06 19:04:15.213479+00:00,254.84,0.46499999999999997,0.46,0.47,0.535,0.53,0.54,358.0,24.0,24.0,484.0,0.45,322.55,0.49,35.0,0.51,40.0,0.55,397.55
2026-01-06 19:04:15.658000+00:00,2026-01-06 19:04:16.214615+00:00,255.658,0.495,0.49,0.5,0.505,0.5,0.51,68.5,56.0,56.0,68.5,0.48,253.0,0.51,534.0,0.49,539.0,0.52,258.0
2026-01-06 19:04:16.723000+00:00,2026-01-06 19:04:17.218293+00:00,256.723,0.525,0.52,0.53,0.46499999999999997,0.46,0.47,45.0,40.75,78.0,45.0,0.51,60.0,0.54,18.0,0.45,484.0,0.48,65.0
2026-01-06 19:04:17.733000+00:00,2026-01-06 19:04:18.227962+00:00,257.733,0.545,0.54,0.55,0.455,0.45,0.46,222.0,27.33,27.33,282.0,0.53,430.0,0.56,188.0,0.44,5.0,0.47,491.0
2026-01-06 19:04:18.707000+00:00,2026-01-06 19:04:19.237370+00:00,258.707,0.555,0.55,0.56,0.445,0.44,0.45,43.67,308.0,308.0,4.18,0.54,223.0,0.57,499.0,0.43,494.0,0.46,218.0
2026-01-06 19:04:19.709000+00:00,2026-01-06 19:04:20.244086+00:00,259.709,0.535,0.53,0.54,0.46499999999999997,0.46,0.47,67.78,298.99,182.99,67.78,0.52,86.18,0.55,540.82,0.45,540.82,0.48,86.18
2026-01-06 19:04:20.770000+00:00,2026-01-06 19:04:21.259549+00:00,260.77,0.515,0.51,0.52,0.48,0.47,0.49,259.0,117.33,323.02,314.0,0.5,407.11,0.53,217.02,0.46,215.8,0.5,419.0
2026-01-06 19:04:21.709000+00:00,2026-01-06 19:04:22.255067+00:00,261.709,0.515,0.51,0.52,0.485,0.48,0.49,71.0,203.0,200.88,76.0,0.5,283.0,0.53,401.0,0.47,419.0,0.5,283.0
2026-01-06 19:04:22.673000+00:00,2026-01-06 19:04:23.265056+00:00,262.673,0.515,0.51,0.52,0.485,0.48,0.49,38.4,169.64,169.64,38.4,0.5,106.0,0.53,409.0,0.47,509.0,0.5,106.0
2026-01-06 19:04:23.734000+00:00,2026-01-06 19:04:24.270633+00:00,263.734,0.515,0.51,0.52,0.485,0.48,0.49,38.4,133.64,133.64,38.4,0.5,119.0,0.53,509.0,0.47,527.0,0.5,119.0
2026-01-06 19:04:24.703000+00:00,2026-01-06 19:04:25.268658+00:00,264.703,0.52,0.51,0.53,0.48,0.47,0.49,103.0,208.0,208.0,103.0,0.5,127.0,0.54,949.8,0.46,949.8,0.5,127.0
2026-01-06 19:04:25.768000+00:00,2026-01-06 19:04:26.268582+00:00,265.768,0.515,0.51,0.52,0.485,0.48,0.49,5.0,74.61,74.61,5.0,0.5,129.29,0.53,224.0,0.47,211.0,0.5,134.29
2026-01-06 19:04:26.730000+00:00,2026-01-06 19:04:27.277348+00:00,266.73,0.51,0.5,0.52,0.495,0.49,0.5,111.29,355.61,100.0,51.29,0.49,138.0,0.53,432.0,0.48,370.59,0.51,162.61
2026-01-06 19:04:27.760000+00:00,2026-01-06 19:04:28.301133+00:00,267.76,0.495,0.49,0.5,0.505,0.5,0.51,119.61,71.0,71.0,104.61,0.48,166.0,0.51,299.0,0.49,299.0,0.52,166.0
2026-01-06 19:04:28.772000+00:00,2026-01-06 19:04:29.302984+00:00,268.772,0.495,0.49,0.5,0.505,0.5,0.51,352.61,116.0,96.0,483.61,0.48,888.0,0.52,263.0,0.49,75.0,0.52,500.0
2026-01-06 19:04:29.769000+00:00,2026-01-06 19:04:30.314675+00:00,269.769,0.505,0.5,0.51,0.495,0.49,0.5,212.8,325.0,325.0,212.8,0.49,183.54,0.52,307.0,0.48,379.0,0.51,183.54
2026-01-06 19:04:30.784000+00:00,2026-01-06 19:04:31.326408+00:00,270.784,0.505,0.5,0.51,0.495,0.49,0.5,40.0,185.0,203.0,40.0,0.49,117.54,0.52,418.0,0.48,400.0,0.51,117.54
2026-01-06 19:04:31.798000+00:00,2026-01-06 19:04:32.339161+00:00,271.798,0.505,0.5,0.51,0.495,0.49,0.5,30.0,238.0,289.0,30.0,0.49,37.0,0.52,428.0,0.48,428.0,0.51,37.0
2026-01-06 19:04:32.829000+00:00,2026-01-06 19:04:33.346167+00:00,272.829,0.495,0.49,0.5,0.505,0.5,0.51,75.93,259.0,254.0,133.93,0.48,125.0,0.51,565.0,0.49,591.0,0.52,217.0
2026-01-06 19:04:33.808000+00:00,2026-01-06 19:04:34.343961+00:00,273.808,0.495,0.49,0.5,0.485,0.48,0.49,368.93,49.7,35.0,54.0,0.48,855.97,0.52,248.0,0.47,198.0,0.5,49.3
2026-01-06 19:04:34.810000+00:00,2026-01-06 19:04:35.347235+00:00,274.81,0.515,0.51,0.52,0.485,0.48,0.49,451.95,30.0,30.0,446.95,0.5,763.0,0.53,15.0,0.47,15.0,0.5,763.0
2026-01-06 19:04:35.713000+00:00,2026-01-06 19:04:36.354288+00:00,275.713,0.535,0.53,0.54,0.46499999999999997,0.46,0.47,134.0,8.82,8.82,134.0,0.52,299.0,0.55,140.0,0.45,140.0,0.48,299.0
2026-01-06 19:04:36.525000+00:00,2026-01-06 19:04:37.351281+00:00,276.525,0.535,0.53,0.54,0.46499999999999997,0.46,0.47,126.23,8.82,8.82,126.23,0.52,299.0,0.55,185.0,0.45,185.0,0.48,299.0
2026-01-06 19:04:37.812000+00:00,2026-01-06 19:04:38.344941+00:00,277.812,0.565,0.56,0.57,0.425,0.42,0.43,50.0,15.0,226.0,109.0,0.55,96.0,0.58,409.0,0.41,492.72,0.44,238.0
2026-01-06 19:04:38.836000+00:00,2026-01-06 19:04:39.354224+00:00,278.836,0.58,0.57,0.59,0.425,0.42,0.43,107.67,286.1,35.0,50.0,0.56,294.0,0.6,448.0,0.41,326.38,0.44,339.0
2026-01-06 19:04:39.853000+00:00,2026-01-06 19:04:40.377432+00:00,279.853,0.58,0.57,0.59,0.42,0.41,0.43,60.66,380.0,380.0,75.66,0.56,339.0,0.6,381.0,0.4,351.0,0.44,339.0
2026-01-06 19:04:40.877000+00:00,2026-01-06 19:04:41.380666+00:00,280.877,0.565,0.56,0.57,0.435,0.43,0.44,71.0,90.0,48.0,85.93,0.55,731.53,0.58,308.0,0.42,313.0,0.45,717.0
2026-01-06 19:04:41.827000+00:00,2026-01-06 19:04:42.380192+00:00,281.827,0.575,0.57,0.58,0.425,0.42,0.43,70.93,77.0,28.0,55.68,0.56,174.0,0.59,554.0,0.41,554.0,0.44,174.0
2026-01-06 19:04:42.876000+00:00,2026-01-06 19:04:43.389391+00:00,282.876,0.585,0.58,0.59,0.415,0.41,0.42,145.76,92.0,92.0,109.76,0.57,654.43,0.6,63.0,0.4,68.0,0.43,659.43
2026-01-06 19:04:43.911000+00:00,2026-01-06 19:04:44.398056+00:00,283.911,0.585,0.58,0.59,0.415,0.41,0.42,564.85,125.56,170.0,520.0,0.57,246.43,0.6,290.0,0.4,331.0,0.43,191.0
2026-01-06 19:04:44.852000+00:00,2026-01-06 19:04:45.398355+00:00,284.852,0.575,0.57,0.58,0.425,0.42,0.43,756.0,77.0,138.0,776.0,0.56,478.0,0.59,227.0,0.41,40.0,0.44,394.0
2026-01-06 19:04:45.850000+00:00,2026-01-06 19:04:46.396290+00:00,285.85,0.595,0.59,0.6,0.405,0.4,0.41,243.0,50.0,55.0,299.0,0.58,481.0,0.61,368.0,0.39,368.0,0.42,486.0
2026-01-06 19:04:46.865000+00:00,2026-01-06 19:04:47.409578+00:00,286.865,0.605,0.6,0.61,0.395,0.39,0.4,198.88,106.67,35.67,218.88,0.59,325.0,0.62,274.0,0.38,220.0,0.41,325.0
2026-01-06 19:04:50.660000+00:00,2026-01-06 19:04:51.197697+00:00,290.66,0.625,0.62,0.63,0.385,0.38,0.39,183.0,405.0,316.0,71.0,0.61,240.0,0.64,494.0,0.37,529.0,0.41,494.0
2026-01-06 19:04:54.364000+00:00,2026-01-06 19:04:54.888589+00:00,294.364,0.605,0.6,0.61,0.395,0.39,0.4,602.35,54.6,69.6,602.35,0.59,167.0,0.62,207.0,0.38,200.0,0.41,167.0
2026-01-06 19:04:55.231000+00:00,2026-01-06 19:04:55.902042+00:00,295.231,0.605,0.6,0.61,0.395,0.39,0.4,583.35,54.6,54.6,583.35,0.59,96.0,0.62,146.0,0.38,146.0,0.41,96.0
2026-01-06 19:04:56.365000+00:00,2026-01-06 19:04:56.898630+00:00,296.365,0.605,0.6,0.61,0.405,0.4,0.41,464.0,341.0,18.0,45.0,0.59,20.0,0.62,387.0,0.39,446.0,0.42,455.0
2026-01-06 19:04:57.369000+00:00,2026-01-06 19:04:57.910556+00:00,297.369,0.595,0.59,0.6,0.405,0.4,0.41,65.0,5.0,5.0,83.0,0.58,103.0,0.61,394.0,0.39,394.0,0.42,121.0
2026-01-06 19:04:58.324000+00:00,2026-01-06 19:04:58.930224+00:00,298.324,0.605,0.6,0.61,0.395,0.39,0.4,65.0,295.0,245.19,56.02,0.59,697.0,0.62,562.0,0.38,304.0,0.41,276.0
2026-01-06 19:04:59.504000+00:00,2026-01-06 19:04:59.955454+00:00,299.504,0.6,0.59,0.61,0.4,0.39,0.41,182.0,252.0,250.0,187.0,0.58,491.0,0.62,484.0,0.38,466.0,0.42,496.0
2026-01-06 19:05:00.371000+00:00,2026-01-06 19:05:00.959082+00:00,300.371,0.595,0.59,0.6,0.405,0.4,0.41,115.53,178.0,55.66,115.53,0.58,192.0,0.61,412.0,0.39,440.0,0.42,179.0
2026-01-06 19:05:01.420000+00:00,2026-01-06 19:05:01.958985+00:00,301.42,0.605,0.6,0.61,0.395,0.39,0.4,126.0,71.0,71.0,259.0,0.59,810.0,0.62,30.0,0.38,30.0,0.41,809.0
2026-01-06 19:05:02.435000+00:00,2026-01-06 19:05:02.965850+00:00,302.435,0.63,0.62,0.64,0.375,0.37,0.38,102.0,323.0,45.0,209.0,0.61,289.0,0.65,493.02,0.36,293.0,0.39,253.0
2026-01-06 19:05:03.446000+00:00,2026-01-06 19:05:03.973557+00:00,303.446,0.635,0.63,0.64,0.365,0.36,0.37,5.0,364.0,364.0,5.0,0.62,117.0,0.65,648.02,0.35,635.02,0.38,112.0
2026-01-06 19:05:04.427000+00:00,2026-01-06 19:05:04.967223+00:00,304.427,0.63,0.62,0.64,0.365,0.36,0.37,85.68,364.0,364.0,71.0,0.61,81.89,0.65,605.02,0.35,605.02,0.38,115.68
2026-01-06 19:05:05.454000+00:00,2026-01-06 19:05:05.972174+00:00,305.454,0.635,0.63,0.64,0.365,0.36,0.37,71.0,211.0,356.18,71.0,0.62,106.0,0.65,393.02,0.35,712.02,0.38,151.0
2026-01-06 19:05:06.445000+00:00,2026-01-06 19:05:06.991486+00:00,306.445,0.625,0.62,0.63,0.375,0.37,0.38,80.0,5.0,5.0,80.0,0.61,136.89,0.64,329.0,0.36,329.0,0.39,172.89
2026-01-06 19:05:07.441000+00:00,2026-01-06 19:05:07.995849+00:00,307.441,0.635,0.63,0.64,0.36,0.35,0.37,167.0,224.0,108.02,925.0,0.62,217.0,0.65,694.02,0.34,213.0,0.38,339.0
2026-01-06 19:05:08.469000+00:00,2026-01-06 19:05:08.999005+00:00,308.469,0.645,0.64,0.65,0.345,0.34,0.35,183.0,105.0,313.86,17.0,0.63,270.99,0.66,342.86,0.33,470.0,0.36,183.0
2026-01-06 19:05:09.487000+00:00,2026-01-06 19:05:10.008733+00:00,309.487,0.605,0.6,0.61,0.395,0.39,0.4,35.0,90.0,90.0,35.0,0.59,130.0,0.62,192.0,0.38,197.0,0.41,135.0
2026-01-06 19:05:10.476000+00:00,2026-01-06 19:05:11.026540+00:00,310.476,0.605,0.6,0.61,0.405,0.4,0.41,35.0,404.67,95.0,574.0,0.59,584.0,0.62,449.0,0.39,399.67,0.42,65.0
2026-01-06 19:05:11.496000+00:00,2026-01-06 19:05:12.027713+00:00,311.496,0.595,0.59,0.6,0.405,0.4,0.41,562.78,21.35,19.18,562.78,0.58,172.0,0.61,450.67,0.39,450.67,0.42,172.0
2026-01-06 19:05:12.476000+00:00,2026-01-06 19:05:13.024183+00:00,312.476,0.595,0.59,0.6,0.405,0.4,0.41,449.0,159.0,134.0,449.0,0.58,266.98,0.61,630.67,0.39,635.67,0.42,271.98
2026-01-06 19:05:13.480000+00:00,2026-01-06 19:05:14.031187+00:00,313.48,0.585,0.58,0.59,0.415,0.41,0.42,71.0,175.0,241.0,71.0,0.57,120.0,0.6,255.0,0.4,255.0,0.43,120.0
2026-01-06 19:05:14.472000+00:00,2026-01-06 19:05:15.049089+00:00,314.472,0.5700000000000001,0.56,0.58,0.43,0.42,0.44,596.98,348.0,318.0,596.98,0.55,124.0,0.59,520.93,0.41,527.0,0.45,142.0
2026-01-06 19:05:15.494000+00:00,2026-01-06 19:05:16.063173+00:00,315.494,0.5700000000000001,0.56,0.58,0.43,0.42,0.44,578.98,234.0,209.0,578.98,0.55,207.5,0.59,406.0,0.41,406.0,0.45,189.5
2026-01-06 19:05:16.544000+00:00,2026-01-06 19:05:17.066070+00:00,316.544,0.545,0.54,0.55,0.455,0.45,0.46,588.0,53.3,33.0,674.98,0.53,187.0,0.56,116.6,0.44,141.86,0.47,103.0
2026-01-06 19:05:17.488000+00:00,2026-01-06 19:05:18.058132+00:00,317.488,0.555,0.55,0.56,0.445,0.44,0.45,35.0,75.0,75.0,35.0,0.54,749.98,0.57,339.0,0.43,339.0,0.46,749.98
2026-01-06 19:05:18.510000+00:00,2026-01-06 19:05:19.048136+00:00,318.51,0.555,0.55,0.56,0.445,0.44,0.45,40.0,75.0,75.0,40.0,0.54,673.98,0.57,339.0,0.43,339.0,0.46,691.98
2026-01-06 19:05:19.500000+00:00,2026-01-06 19:05:20.047531+00:00,319.5,0.555,0.55,0.56,0.445,0.44,0.45,40.0,75.0,75.0,40.0,0.54,691.98,0.57,192.0,0.43,192.0,0.46,673.98
2026-01-06 19:05:20.540000+00:00,2026-01-06 19:05:21.061950+00:00,320.54,0.575,0.57,0.58,0.425,0.42,0.43,164.99,312.0,5.0,818.99,0.56,181.0,0.59,414.0,0.41,183.0,0.44,287.0
2026-01-06 19:05:21.537000+00:00,2026-01-06 19:05:22.066148+00:00,321.537,0.655,0.65,0.66,0.345,0.34,0.35,74.99,108.0,5.0,124.99,0.64,129.87,0.67,421.0,0.33,220.0,0.36,150.87
2026-01-06 19:05:22.586000+00:00,2026-01-06 19:05:23.062898+00:00,322.586,0.665,0.66,0.67,0.335,0.33,0.34,120.0,60.0,138.0,35.0,0.65,117.12,0.68,391.0,0.32,386.0,0.35,132.12
2026-01-06 19:05:23.537000+00:00,2026-01-06 19:05:24.070845+00:00,323.537,0.645,0.64,0.65,0.355,0.35,0.36,449.0,385.0,450.0,449.0,0.63,190.0,0.66,303.0,0.34,363.0,0.37,130.0
2026-01-06 19:05:24.503000+00:00,2026-01-06 19:05:25.077224+00:00,324.503,0.645,0.64,0.65,0.355,0.35,0.36,312.0,438.86,312.0,410.99,0.63,105.0,0.66,334.0,0.34,340.0,0.37,75.0
2026-01-06 19:05:25.560000+00:00,2026-01-06 19:05:26.079967+00:00,325.56,0.67,0.66,0.68,0.33,0.32,0.34,59.26,110.0,110.0,94.26,0.65,110.0,0.69,316.0,0.31,293.0,0.35,156.0
2026-01-06 19:05:26.560000+00:00,2026-01-06 19:05:27.092782+00:00,326.56,0.685,0.68,0.69,0.315,0.31,0.32,175.0,35.0,35.0,175.0,0.67,699.0,0.7,373.0,0.3,378.0,0.33,709.0
2026-01-06 19:05:27.531000+00:00,2026-01-06 19:05:28.095242+00:00,327.531,0.69,0.68,0.7,0.31,0.3,0.32,130.0,114.07,158.07,130.0,0.67,436.0,0.71,517.0,0.29,466.0,0.33,418.0
2026-01-06 19:05:28.527000+00:00,2026-01-06 19:05:29.093513+00:00,328.527,0.705,0.7,0.71,0.295,0.29,0.3,45.0,511.0,511.0,45.0,0.69,619.0,0.72,207.0,0.28,146.0,0.31,619.0
2026-01-06 19:05:29.594000+00:00,2026-01-06 19:05:30.107797+00:00,329.594,0.705,0.7,0.71,0.295,0.29,0.3,228.0,300.0,146.04,610.19,0.69,164.0,0.72,5.0,0.28,103.0,0.31,542.0
2026-01-06 19:05:30.654000+00:00,2026-01-06 19:05:31.207170+00:00,330.654,0.705,0.7,0.71,0.295,0.29,0.3,610.19,146.04,146.04,653.19,0.69,542.0,0.72,88.0,0.28,70.0,0.31,550.0
2026-01-06 19:05:31.676000+00:00,2026-01-06 19:05:32.203873+00:00,331.676,0.735,0.73,0.74,0.27,0.26,0.28,15.0,110.0,140.0,169.0,0.72,45.0,0.75,165.0,0.25,201.0,0.29,294.11
2026-01-06 19:05:32.682000+00:00,2026-01-06 19:05:33.208326+00:00,332.682,0.735,0.73,0.74,0.265,0.26,0.27,5.0,75.0,223.0,25.0,0.72,348.0,0.75,215.0,0.25,271.0,0.28,276.0
2026-01-06 19:05:33.692000+00:00,2026-01-06 19:05:34.223635+00:00,333.692,0.735,0.73,0.74,0.265,0.26,0.27,107.32,171.0,108.98,0.32,0.72,179.8,0.75,507.0,0.25,357.0,0.28,174.8
2026-01-06 19:05:34.685000+00:00,2026-01-06 19:05:35.241792+00:00,334.685,0.725,0.72,0.73,0.275,0.27,0.28,141.0,110.1,45.0,136.0,0.71,996.0,0.74,103.97,0.26,103.97,0.29,996.0
2026-01-06 19:05:35.709000+00:00,2026-01-06 19:05:36.258120+00:00,335.709,0.725,0.72,0.73,0.275,0.27,0.28,63.98,104.49,20.0,133.98,0.71,887.0,0.74,351.98,0.26,467.97,0.29,959.0
2026-01-06 19:05:36.725000+00:00,2026-01-06 19:05:37.274931+00:00,336.725,0.725,0.72,0.73,0.275,0.27,0.28,35.0,95.0,110.0,35.0,0.71,915.0,0.74,492.98,0.26,482.98,0.29,920.0
2026-01-06 19:05:37.713000+00:00,2026-01-06 19:05:38.288395+00:00,337.713,0.725,0.72,0.73,0.275,0.27,0.28,61.75,45.0,125.0,31.75,0.71,940.0,0.74,473.97,0.26,418.98,0.29,955.0
2026-01-06 19:05:38.739000+00:00,2026-01-06 19:05:39.305137+00:00,338.739,0.725,0.72,0.73,0.275,0.27,0.28,30.0,50.0,50.0,30.0,0.71,777.0,0.74,450.97,0.26,445.97,0.29,772.0
2026-01-06 19:05:39.764000+00:00,2026-01-06 19:05:40.310811+00:00,339.764,0.725,0.72,0.73,0.275,0.27,0.28,181.38,45.0,45.0,181.38,0.71,940.0,0.74,384.97,0.26,384.97,0.29,940.0
2026-01-06 19:05:40.755000+00:00,2026-01-06 19:05:41.327510+00:00,340.755,0.725,0.72,0.73,0.275,0.27,0.28,97.0,125.0,90.0,127.0,0.71,1016.0,0.74,263.98,0.26,283.98,0.29,1001.0
2026-01-06 19:05:41.753000+00:00,2026-01-06 19:05:42.344252+00:00,341.753,0.715,0.71,0.72,0.28500000000000003,0.28,0.29,721.0,55.0,55.0,703.0,0.7,244.32,0.73,155.0,0.27,140.0,0.3,262.32
2026-01-06 19:05:42.829000+00:00,2026-01-06 19:05:43.363213+00:00,342.829,0.725,0.72,0.73,0.275,0.27,0.28,362.0,60.0,45.0,372.0,0.71,847.0,0.74,174.98,0.26,209.97,0.29,842.0
2026-01-06 19:05:43.875000+00:00,2026-01-06 19:05:44.376610+00:00,343.875,0.725,0.72,0.73,0.275,0.27,0.28,236.0,85.71,120.71,206.0,0.71,832.0,0.74,179.98,0.26,159.98,0.29,847.0
2026-01-06 19:05:44.845000+00:00,2026-01-06 19:05:45.372412+00:00,344.845,0.725,0.72,0.73,0.275,0.27,0.28,206.0,100.71,100.71,170.0,0.71,857.0,0.74,284.98,0.26,213.98,0.29,857.0
2026-01-06 19:05:45.844000+00:00,2026-01-06 19:05:46.390618+00:00,345.844,0.73,0.72,0.74,0.27,0.26,0.28,204.0,273.97,273.97,204.0,0.71,868.0,0.75,203.0,0.25,273.0,0.29,943.0
2026-01-06 19:05:46.794000+00:00,2026-01-06 19:05:47.376569+00:00,346.794,0.725,0.72,0.73,0.275,0.27,0.28,38.0,100.71,160.71,38.0,0.71,945.0,0.74,213.98,0.26,193.98,0.29,927.0
2026-01-06 19:05:47.695000+00:00,2026-01-06 19:05:48.374101+00:00,347.695,0.72,0.71,0.73,0.28,0.27,0.29,927.0,147.71,147.71,927.0,0.7,460.32,0.74,206.98,0.26,206.98,0.3,460.32
2026-01-06 19:05:48.840000+00:00,2026-01-06 19:05:49.377285+00:00,348.84,0.725,0.72,0.73,0.275,0.27,0.28,32.14,75.7,75.7,32.14,0.71,919.39,0.74,233.98,0.26,233.98,0.29,919.39
2026-01-06 19:05:49.836000+00:00,2026-01-06 19:05:50.391120+00:00,349.836,0.715,0.71,0.72,0.28500000000000003,0.28,0.29,945.03,5.0,5.0,950.03,0.7,457.32,0.73,250.7,0.27,250.7,0.3,457.32
2026-01-06 19:05:50.851000+00:00,2026-01-06 19:05:51.393499+00:00,350.851,0.725,0.72,0.73,0.275,0.27,0.28,301.0,9.99,9.99,301.0,0.71,878.39,0.74,343.97,0.26,343.97,0.29,896.39
2026-01-06 19:05:51.737000+00:00,2026-01-06 19:05:52.408671+00:00,351.737,0.725,0.72,0.73,0.275,0.27,0.28,337.0,9.99,45.7,223.0,0.71,915.94,0.74,343.97,0.26,328.97,0.29,897.94
2026-01-06 19:05:52.734000+00:00,2026-01-06 19:05:53.415323+00:00,352.734,0.725,0.72,0.73,0.275,0.27,0.28,218.0,85.7,70.7,218.0,0.71,956.94,0.74,333.97,0.26,333.97,0.29,956.94
2026-01-06 19:05:53.806000+00:00,2026-01-06 19:05:54.432709+00:00,353.806,0.725,0.72,0.73,0.29000000000000004,0.28,0.3,183.0,293.7,80.0,279.5,0.71,207.55,0.74,391.98,0.27,347.99,0.31,380.0
2026-01-06 19:05:54.755000+00:00,2026-01-06 19:05:55.443046+00:00,354.755,0.71,0.7,0.72,0.29000000000000004,0.28,0.3,273.32,134.99,149.99,273.32,0.69,315.0,0.73,282.99,0.27,282.99,0.31,310.0
2026-01-06 19:05:55.605000+00:00,2026-01-06 19:05:56.441432+00:00,355.605,0.71,0.7,0.72,0.29000000000000004,0.28,0.3,278.32,234.99,249.99,278.32,0.69,310.0,0.73,353.99,0.27,353.99,0.31,310.0
2026-01-06 19:05:56.882000+00:00,2026-01-06 19:05:57.442210+00:00,356.882,0.705,0.7,0.71,0.29000000000000004,0.28,0.3,215.32,5.0,234.99,220.32,0.69,434.2,0.72,234.99,0.27,353.99,0.31,434.2
2026-01-06 19:05:57.662000+00:00,2026-01-06 19:05:58.448262+00:00,357.662,0.71,0.7,0.72,0.29000000000000004,0.28,0.3,667.77,234.99,234.99,667.77,0.69,459.17,0.73,353.99,0.27,353.99,0.31,459.17
2026-01-06 19:05:58.962000+00:00,2026-01-06 19:05:59.471511+00:00,358.962,0.725,0.72,0.73,0.275,0.27,0.28,5.0,426.7,355.7,5.0,0.71,5.0,0.74,576.98,0.26,558.98,0.29,5.0
2026-01-06 19:05:59.802000+00:00,2026-01-06 19:06:00.484839+00:00,359.802,0.71,0.7,0.72,0.28,0.27,0.29,975.77,109.72,338.7,86.52,0.69,405.17,0.73,302.99,0.26,292.98,0.3,977.32
2026-01-06 19:06:00.978000+00:00,2026-01-06 19:06:01.506214+00:00,360.978,0.705,0.7,0.71,0.295,0.29,0.3,75.0,55.0,40.0,927.0,0.69,236.17,0.72,359.0,0.28,66.0,0.31,233.17
2026-01-06 19:06:01.992000+00:00,2026-01-06 19:06:02.510592+00:00,361.992,0.73,0.72,0.74,0.27,0.26,0.28,389.0,368.85,368.85,394.0,0.71,373.62,0.75,215.0,0.25,220.0,0.29,373.62
2026-01-06 19:06:02.912000+00:00,2026-01-06 19:06:03.512573+00:00,362.912,0.73,0.72,0.74,0.27,0.26,0.28,389.0,363.85,363.85,394.0,0.71,408.62,0.75,238.0,0.25,238.0,0.29,408.62
2026-01-06 19:06:03.893000+00:00,2026-01-06 19:06:04.523801+00:00,363.893,0.73,0.72,0.74,0.27,0.26,0.28,394.0,368.85,297.85,394.0,0.71,408.62,0.75,253.0,0.25,253.0,0.29,408.62
2026-01-06 19:06:05.002000+00:00,2026-01-06 19:06:05.527474+00:00,365.002,0.735,0.73,0.74,0.255,0.25,0.26,71.29,40.0,185.0,45.0,0.72,379.0,0.75,408.0,0.24,255.0,0.27,227.0
2026-01-06 19:06:06.004000+00:00,2026-01-06 19:06:06.541769+00:00,366.004,0.755,0.75,0.76,0.245,0.24,0.25,165.3,94.93,154.93,181.67,0.74,863.07,0.77,218.0,0.23,208.0,0.26,873.07
2026-01-06 19:06:07.017000+00:00,2026-01-06 19:06:07.544222+00:00,367.017,0.745,0.74,0.75,0.265,0.26,0.27,35.0,215.44,120.0,42.95,0.73,42.95,0.76,225.0,0.25,410.44,0.28,492.4
2026-01-06 19:06:08.018000+00:00,2026-01-06 19:06:08.559434+00:00,368.018,0.725,0.72,0.73,0.275,0.27,0.28,64.3,226.99,428.98,64.3,0.71,107.89,0.74,292.51,0.26,413.51,0.29,5.0
2026-01-06 19:06:09.007000+00:00,2026-01-06 19:06:09.558382+00:00,369.007,0.7,0.69,0.71,0.3,0.29,0.31,887.24,123.56,123.56,887.24,0.68,348.0,0.72,103.0,0.28,103.0,0.32,330.0
2026-01-06 19:06:10.954000+00:00,2026-01-06 19:06:11.578794+00:00,370.954,0.695,0.69,0.7,0.305,0.3,0.31,0.97,302.42,518.42,0.97,0.68,50.0,0.71,243.71,0.29,364.71,0.33,56.0
2026-01-06 19:06:12.035000+00:00,2026-01-06 19:06:12.577240+00:00,372.035,0.67,0.66,0.68,0.33,0.32,0.34,193.55,208.54,223.54,198.55,0.65,385.0,0.69,288.0,0.31,288.0,0.35,355.0
2026-01-06 19:06:13.060000+00:00,2026-01-06 19:06:13.590102+00:00,373.06,0.665,0.66,0.67,0.335,0.33,0.34,476.55,55.0,40.0,407.55,0.65,562.0,0.68,76.0,0.32,71.0,0.35,539.0
2026-01-06 19:06:14.065000+00:00,2026-01-06 19:06:14.589423+00:00,374.065,0.685,0.68,0.69,0.315,0.31,0.32,61.0,148.85,148.85,55.59,0.67,225.63,0.7,134.0,0.3,134.0,0.33,225.63
2026-01-06 19:06:15.068000+00:00,2026-01-06 19:06:15.592901+00:00,375.068,0.685,0.68,0.69,0.315,0.31,0.32,71.0,148.85,163.85,71.0,0.67,235.63,0.7,257.0,0.3,257.0,0.33,235.63
2026-01-06 19:06:16.099000+00:00,2026-01-06 19:06:16.606024+00:00,376.099,0.685,0.68,0.69,0.315,0.31,0.32,71.0,148.85,163.85,71.0,0.67,205.63,0.7,257.0,0.3,257.0,0.33,205.63
2026-01-06 19:06:17+00:00,2026-01-06 19:06:17.625161+00:00,377.0,0.685,0.68,0.69,0.315,0.31,0.32,71.0,163.85,163.85,71.0,0.67,192.63,0.7,345.0,0.3,345.0,0.33,192.63
2026-01-06 19:06:18.124000+00:00,2026-01-06 19:06:18.640540+00:00,378.124,0.675,0.67,0.68,0.325,0.32,0.33,100.56,74.0,4.0,338.56,0.66,119.96,0.69,275.0,0.31,127.0,0.34,219.96
2026-01-06 19:06:19.118000+00:00,2026-01-06 19:06:19.661166+00:00,379.118,0.695,0.69,0.7,0.305,0.3,0.31,243.0,29.57,34.57,342.0,0.68,304.0,0.71,205.01,0.29,200.01,0.32,316.0
2026-01-06 19:06:20.055000+00:00,2026-01-06 19:06:20.676566+00:00,380.055,0.7,0.69,0.71,0.3,0.29,0.31,358.0,200.01,205.01,358.0,0.68,326.0,0.72,111.0,0.28,111.0,0.32,326.0
2026-01-06 19:06:21.148000+00:00,2026-01-06 19:06:21.678677+00:00,381.148,0.705,0.7,0.71,0.295,0.29,0.3,136.0,60.01,5.01,306.0,0.69,191.0,0.72,207.0,0.28,254.0,0.31,328.0
2026-01-06 19:06:22.160000+00:00,2026-01-06 19:06:22.689595+00:00,382.16,0.695,0.69,0.7,0.32,0.31,0.33,19.0,126.0,116.0,160.56,0.67,160.56,0.71,545.44,0.3,231.0,0.34,526.99
2026-01-06 19:06:23.182000+00:00,2026-01-06 19:06:23.691754+00:00,383.182,0.6799999999999999,0.67,0.69,0.32,0.31,0.33,189.75,170.0,170.0,184.75,0.66,628.99,0.7,404.0,0.3,404.0,0.34,628.99
2026-01-06 19:06:24.084000+00:00,2026-01-06 19:06:24.699932+00:00,384.084,0.69,0.68,0.7,0.31,0.3,0.32,191.0,313.0,313.0,196.0,0.67,314.0,0.71,224.44,0.29,229.44,0.33,314.0
2026-01-06 19:06:25.167000+00:00,2026-01-06 19:06:25.705533+00:00,385.167,0.685,0.68,0.69,0.315,0.31,0.32,81.0,115.0,145.0,76.0,0.67,453.75,0.7,157.0,0.3,157.0,0.33,458.75
2026-01-06 19:06:26.178000+00:00,2026-01-06 19:06:26.701698+00:00,386.178,0.685,0.68,0.69,0.315,0.31,0.32,71.0,164.4,164.4,71.0,0.67,453.75,0.7,345.0,0.3,350.0,0.33,275.75
2026-01-06 19:06:27.171000+00:00,2026-01-06 19:06:27.710897+00:00,387.171,0.6799999999999999,0.67,0.69,0.32,0.31,0.33,280.75,134.4,134.4,280.75,0.66,654.99,0.7,411.0,0.3,411.0,0.34,654.99
2026-01-06 19:06:28.192000+00:00,2026-01-06 19:06:28.722114+00:00,388.192,0.6799999999999999,0.67,0.69,0.32,0.31,0.33,333.75,124.4,124.4,351.75,0.66,837.99,0.7,262.0,0.3,298.0,0.34,837.99
2026-01-06 19:06:29.161000+00:00,2026-01-06 19:06:29.713436+00:00,389.161,0.6799999999999999,0.67,0.69,0.32,0.31,0.33,333.75,124.4,124.4,351.75,0.66,890.99,0.7,327.0,0.3,327.0,0.34,872.99
2026-01-06 19:06:30.218000+00:00,2026-01-06 19:06:30.730612+00:00,390.218,0.675,0.67,0.68,0.325,0.32,0.33,91.0,180.0,496.0,86.0,0.66,347.99,0.69,208.0,0.31,791.0,0.34,14.99
2026-01-06 19:06:31.304000+00:00,2026-01-06 19:06:31.733030+00:00,391.304,0.655,0.65,0.66,0.345,0.34,0.35,75.54,67.41,23.0,165.29,0.64,85.0,0.67,423.0,0.33,491.0,0.36,85.0
2026-01-06 19:06:32.218000+00:00,2026-01-06 19:06:32.747463+00:00,392.218,0.655,0.65,0.66,0.345,0.34,0.35,53.54,104.41,139.41,35.54,0.64,173.0,0.67,331.0,0.33,326.0,0.36,209.0
2026-01-06 19:06:33.181000+00:00,2026-01-06 19:06:33.746178+00:00,393.181,0.655,0.65,0.66,0.345,0.34,0.35,161.31,168.12,168.12,161.31,0.64,121.0,0.67,499.0,0.33,499.0,0.36,121.0
2026-01-06 19:06:34.235000+00:00,2026-01-06 19:06:34.751489+00:00,394.235,0.655,0.65,0.66,0.345,0.34,0.35,465.73,168.12,306.66,355.98,0.64,121.0,0.67,459.0,0.33,374.0,0.36,191.0
2026-01-06 19:06:35.217000+00:00,2026-01-06 19:06:35.761219+00:00,395.217,0.655,0.65,0.66,0.345,0.34,0.35,427.98,5.0,5.0,409.52,0.64,157.0,0.67,381.0,0.33,381.0,0.36,157.0
2026-01-06 19:06:36.242000+00:00,2026-01-06 19:06:36.769847+00:00,396.242,0.655,0.65,0.66,0.345,0.34,0.35,286.52,464.54,533.54,281.52,0.64,45.0,0.67,399.0,0.33,392.0,0.36,5.0
2026-01-06 19:06:37.295000+00:00,2026-01-06 19:06:37.783762+00:00,397.295,0.635,0.63,0.64,0.365,0.36,0.37,225.0,32.98,18.0,220.0,0.62,125.0,0.65,265.0,0.35,260.0,0.38,125.0
2026-01-06 19:06:38.333000+00:00,2026-01-06 19:06:38.787214+00:00,398.333,0.645,0.64,0.65,0.355,0.35,0.36,5.0,211.0,226.0,5.0,0.63,266.0,0.66,476.0,0.34,458.0,0.37,279.0
2026-01-06 19:06:39.248000+00:00,2026-01-06 19:06:39.776064+00:00,399.248,0.645,0.64,0.65,0.355,0.35,0.36,5.0,226.0,226.0,5.0,0.63,279.0,0.66,458.0,0.34,458.0,0.37,284.0
2026-01-06 19:06:40.208000+00:00,2026-01-06 19:06:40.776463+00:00,400.208,0.64,0.63,0.65,0.36,0.35,0.37,279.0,226.0,226.0,279.0,0.62,196.0,0.66,473.0,0.34,473.0,0.38,196.0
2026-01-06 19:06:41.365000+00:00,2026-01-06 19:06:41.794706+00:00,401.365,0.605,0.6,0.61,0.395,0.39,0.4,159.0,249.0,484.42,91.5,0.59,41.08,0.62,370.0,0.38,531.0,0.41,41.08
2026-01-06 19:06:42.187000+00:00,2026-01-06 19:06:42.815593+00:00,402.187,0.595,0.59,0.6,0.405,0.4,0.41,156.08,94.5,226.5,156.08,0.58,73.0,0.61,520.42,0.39,520.42,0.42,73.0
2026-01-06 19:06:43.283000+00:00,2026-01-06 19:06:43.831163+00:00,403.283,0.595,0.59,0.6,0.405,0.4,0.41,307.38,221.5,169.5,422.08,0.58,255.0,0.61,319.0,0.39,319.0,0.42,358.0
2026-01-06 19:06:44.330000+00:00,2026-01-06 19:06:44.838344+00:00,404.33,0.625,0.62,0.63,0.375,0.37,0.38,183.0,154.42,77.42,410.7,0.61,325.76,0.64,910.0,0.36,329.0,0.39,266.56
2026-01-06 19:06:45.333000+00:00,2026-01-06 19:06:45.843864+00:00,405.333,0.635,0.63,0.64,0.365,0.36,0.37,92.83,165.02,76.0,96.62,0.62,42.03,0.65,200.99,0.35,220.99,0.38,199.03
2026-01-06 19:06:46.352000+00:00,2026-01-06 19:06:46.856569+00:00,406.352,0.655,0.65,0.66,0.345,0.34,0.35,27.52,164.99,40.0,167.0,0.64,126.0,0.67,539.0,0.33,619.0,0.36,144.0
2026-01-06 19:06:47.376000+00:00,2026-01-06 19:06:47.872678+00:00,407.376,0.655,0.65,0.66,0.345,0.34,0.35,183.0,181.99,234.99,183.0,0.64,264.99,0.67,654.0,0.33,594.0,0.36,187.0
2026-01-06 19:06:48.463000+00:00,2026-01-06 19:06:48.894755+00:00,408.463,0.65,0.64,0.66,0.355,0.35,0.36,182.0,174.68,140.0,177.0,0.63,171.62,0.67,607.0,0.34,113.0,0.37,181.62
2026-01-06 19:06:49.545000+00:00,2026-01-06 19:06:49.911206+00:00,409.545,0.635,0.63,0.64,0.365,0.36,0.37,61.75,186.94,186.94,61.75,0.62,314.01,0.65,121.96,0.35,121.96,0.38,314.01
2026-01-06 19:06:50.381000+00:00,2026-01-06 19:06:50.921549+00:00,410.381,0.66,0.65,0.67,0.33999999999999997,0.33,0.35,139.07,614.0,614.0,125.63,0.64,101.0,0.68,288.95,0.32,329.95,0.36,157.0
2026-01-06 19:06:51.362000+00:00,2026-01-06 19:06:51.934115+00:00,411.362,0.655,0.65,0.66,0.345,0.34,0.35,80.0,5.0,5.0,75.17,0.64,139.0,0.67,656.35,0.33,656.35,0.36,157.0
2026-01-06 19:06:52.341000+00:00,2026-01-06 19:06:52.931563+00:00,412.341,0.655,0.65,0.66,0.345,0.34,0.35,55.36,5.0,5.0,67.18,0.64,157.0,0.67,728.35,0.33,723.35,0.36,152.0
2026-01-06 19:06:53.395000+00:00,2026-01-06 19:06:53.930106+00:00,413.395,0.66,0.65,0.67,0.33999999999999997,0.33,0.35,34.35,733.81,733.81,34.35,0.64,257.0,0.68,264.95,0.32,264.95,0.36,257.0
2026-01-06 19:06:54.409000+00:00,2026-01-06 19:06:54.944767+00:00,414.409,0.66,0.65,0.67,0.33999999999999997,0.33,0.35,24.21,263.15,263.15,14.69,0.64,186.0,0.68,340.99,0.32,340.99,0.36,186.0
2026-01-06 19:06:55.380000+00:00,2026-01-06 19:06:55.959520+00:00,415.38,0.66,0.65,0.67,0.335,0.33,0.34,86.5,272.51,277.51,5.0,0.64,106.0,0.68,340.99,0.32,340.99,0.35,84.06
2026-01-06 19:06:56.436000+00:00,2026-01-06 19:06:56.973503+00:00,416.436,0.645,0.64,0.65,0.36,0.35,0.37,8.02,100.0,170.0,90.01,0.63,100.01,0.66,345.96,0.34,198.96,0.38,252.03
2026-01-06 19:06:57.444000+00:00,2026-01-06 19:06:57.979841+00:00,417.444,0.635,0.63,0.64,0.365,0.36,0.37,46.55,173.0,211.0,16.55,0.62,212.03,0.65,157.0,0.35,177.0,0.38,267.48
2026-01-06 19:06:58.472000+00:00,2026-01-06 19:06:58.976572+00:00,418.472,0.63,0.62,0.64,0.37,0.36,0.38,267.48,206.0,206.0,272.48,0.61,235.39,0.65,177.0,0.35,177.0,0.39,230.39
2026-01-06 19:06:59.449000+00:00,2026-01-06 19:06:59.988568+00:00,419.449,0.625,0.62,0.63,0.375,0.37,0.38,6.03,200.0,175.0,6.03,0.61,100.72,0.64,182.0,0.36,182.0,0.39,100.72
2026-01-06 19:07:00.463000+00:00,2026-01-06 19:07:00.995883+00:00,420.463,0.62,0.61,0.63,0.38,0.37,0.39,100.72,193.0,142.0,98.22,0.6,96.0,0.64,286.0,0.36,286.0,0.4,96.0
2026-01-06 19:07:01.448000+00:00,2026-01-06 19:07:01.997799+00:00,421.448,0.62,0.61,0.63,0.38,0.37,0.39,190.79,198.24,198.24,190.79,0.6,134.0,0.64,322.0,0.36,322.0,0.4,134.0
2026-01-06 19:07:02.467000+00:00,2026-01-06 19:07:03.012569+00:00,422.467,0.615,0.61,0.62,0.385,0.38,0.39,84.32,10.0,5.0,142.32,0.6,154.0,0.63,313.66,0.37,115.0,0.4,98.0
2026-01-06 19:07:03.400000+00:00,2026-01-06 19:07:04.022979+00:00,423.4,0.635,0.63,0.64,0.365,0.36,0.37,71.0,264.71,194.35,71.0,0.62,187.0,0.65,709.0,0.35,709.0,0.38,248.0
2026-01-06 19:07:04.391000+00:00,2026-01-06 19:07:05.043556+00:00,424.391,0.635,0.63,0.64,0.365,0.36,0.37,64.91,319.35,319.35,64.91,0.62,213.01,0.65,642.0,0.35,642.0,0.38,213.01
2026-01-06 19:07:05.571000+00:00,2026-01-06 19:07:06.056984+00:00,425.571,0.625,0.62,0.63,0.375,0.37,0.38,17.37,432.47,609.95,17.37,0.61,216.9,0.64,375.35,0.36,491.35,0.39,28.9
2026-01-06 19:07:06.533000+00:00,2026-01-06 19:07:07.064256+00:00,426.533,0.575,0.57,0.58,0.42,0.41,0.43,86.54,5.0,394.0,91.54,0.56,292.0,0.59,262.0,0.4,399.67,0.44,109.0
2026-01-06 19:07:07.547000+00:00,2026-01-06 19:07:08.080189+00:00,427.547,0.585,0.58,0.59,0.415,0.41,0.42,311.0,238.0,71.0,377.0,0.57,212.0,0.6,188.0,0.4,5.0,0.43,268.0
2026-01-06 19:07:08.545000+00:00,2026-01-06 19:07:09.087717+00:00,428.545,0.615,0.61,0.62,0.39,0.38,0.4,5.0,624.56,561.13,116.0,0.6,76.0,0.63,361.7,0.37,415.7,0.41,309.0
2026-01-06 19:07:09.567000+00:00,2026-01-06 19:07:10.098860+00:00,429.567,0.625,0.62,0.63,0.375,0.37,0.38,152.0,193.19,10.19,152.0,0.61,247.0,0.64,407.35,0.36,156.35,0.39,235.0
2026-01-06 19:07:10.537000+00:00,2026-01-06 19:07:11.105965+00:00,430.537,0.635,0.63,0.64,0.355,0.35,0.36,273.0,20.8,142.79,198.0,0.62,759.55,0.65,234.99,0.34,241.0,0.37,268.0
2026-01-06 19:07:11.537000+00:00,2026-01-06 19:07:12.109842+00:00,431.537,0.65,0.64,0.66,0.35,0.34,0.36,126.0,270.0,270.0,121.0,0.63,202.0,0.67,109.0,0.33,109.0,0.37,202.0
2026-01-06 19:07:12.594000+00:00,2026-01-06 19:07:13.131089+00:00,432.594,0.65,0.64,0.66,0.35,0.34,0.36,137.75,304.12,304.12,137.75,0.63,263.0,0.67,173.0,0.33,73.0,0.37,263.0
2026-01-06 19:07:13.451000+00:00,2026-01-06 19:07:14.144402+00:00,433.451,0.645,0.64,0.65,0.35,0.34,0.36,137.75,55.0,183.12,195.75,0.63,343.0,0.66,282.12,0.33,110.0,0.37,363.0
2026-01-06 19:07:14.620000+00:00,2026-01-06 19:07:15.159258+00:00,434.62,0.675,0.67,0.68,0.325,0.32,0.33,183.0,130.0,130.0,244.0,0.66,403.4,0.69,105.56,0.31,110.56,0.34,403.4
2026-01-06 19:07:15.645000+00:00,2026-01-06 19:07:16.155594+00:00,435.645,0.675,0.67,0.68,0.325,0.32,0.33,46.0,420.75,461.75,46.0,0.66,15.0,0.69,376.56,0.31,376.56,0.34,15.0
2026-01-06 19:07:16.643000+00:00,2026-01-06 19:07:17.174741+00:00,436.643,0.665,0.66,0.67,0.335,0.33,0.34,85.0,171.76,35.0,180.22,0.65,239.0,0.68,229.75,0.32,244.75,0.35,219.0
2026-01-06 19:07:17.666000+00:00,2026-01-06 19:07:18.177229+00:00,437.666,0.665,0.66,0.67,0.335,0.33,0.34,71.0,188.57,178.57,41.56,0.65,81.0,0.68,165.65,0.32,165.65,0.35,81.0
2026-01-06 19:07:18.662000+00:00,2026-01-06 19:07:19.192846+00:00,438.662,0.645,0.64,0.65,0.345,0.34,0.35,76.0,31.01,107.0,56.75,0.63,363.0,0.66,255.0,0.33,444.57,0.36,150.98
2026-01-06 19:07:19.674000+00:00,2026-01-06 19:07:20.198991+00:00,439.674,0.665,0.66,0.67,0.335,0.33,0.34,128.0,80.85,80.85,123.0,0.65,418.22,0.68,162.77,0.32,167.77,0.35,413.22
2026-01-06 19:07:20.675000+00:00,2026-01-06 19:07:21.207238+00:00,440.675,0.685,0.68,0.69,0.315,0.31,0.32,103.0,40.0,35.0,174.0,0.67,269.09,0.7,133.64,0.3,118.64,0.33,271.09
2026-01-06 19:07:21.684000+00:00,2026-01-06 19:07:22.211572+00:00,441.684,0.715,0.71,0.72,0.29000000000000004,0.28,0.3,5.0,141.16,161.16,215.15,0.7,206.0,0.73,702.0,0.27,702.0,0.31,317.0
2026-01-06 19:07:22.663000+00:00,2026-01-06 19:07:23.214619+00:00,442.663,0.71,0.7,0.72,0.29000000000000004,0.28,0.3,215.15,233.16,233.16,215.15,0.69,304.0,0.73,648.0,0.27,666.0,0.31,309.0
2026-01-06 19:07:23.675000+00:00,2026-01-06 19:07:24.214658+00:00,443.675,0.705,0.7,0.71,0.295,0.29,0.3,86.0,302.97,320.97,77.65,0.69,368.22,0.72,142.9,0.28,124.9,0.31,318.22
2026-01-06 19:07:24.676000+00:00,2026-01-06 19:07:25.214968+00:00,444.676,0.705,0.7,0.71,0.295,0.29,0.3,33.55,285.07,285.07,33.55,0.69,15.0,0.72,259.9,0.28,259.9,0.31,20.0
2026-01-06 19:07:25.683000+00:00,2026-01-06 19:07:26.231150+00:00,445.683,0.7,0.69,0.71,0.3,0.29,0.31,210.22,172.97,172.97,210.22,0.68,836.0,0.72,442.9,0.28,442.9,0.32,841.0
2026-01-06 19:07:26.710000+00:00,2026-01-06 19:07:27.240674+00:00,446.71,0.725,0.72,0.73,0.275,0.27,0.28,92.0,390.0,86.0,213.0,0.71,774.22,0.74,535.03,0.26,226.03,0.29,830.22
2026-01-06 19:07:27.707000+00:00,2026-01-06 19:07:28.257340+00:00,447.707,0.745,0.74,0.75,0.255,0.25,0.26,388.15,77.0,77.0,332.15,0.73,396.76,0.76,171.16,0.24,171.16,0.27,401.76
2026-01-06 19:07:28.787000+00:00,2026-01-06 19:07:29.277764+00:00,448.787,0.745,0.74,0.75,0.255,0.25,0.26,251.15,54.94,144.97,95.0,0.73,369.89,0.76,197.0,0.24,135.0,0.27,436.89
2026-01-06 19:07:29.743000+00:00,2026-01-06 19:07:30.281733+00:00,449.743,0.75,0.74,0.76,0.25,0.24,0.26,156.15,171.16,171.16,156.15,0.73,433.76,0.77,312.0,0.23,312.0,0.27,438.76
2026-01-06 19:07:30.761000+00:00,2026-01-06 19:07:31.294269+00:00,450.761,0.745,0.74,0.75,0.26,0.25,0.27,19.59,222.97,154.97,185.51,0.73,160.51,0.76,84.9,0.24,152.9,0.28,212.0
2026-01-06 19:07:31.766000+00:00,2026-01-06 19:07:32.304701+00:00,451.766,0.745,0.74,0.75,0.255,0.25,0.26,212.14,166.97,146.97,212.14,0.73,195.51,0.76,240.9,0.24,345.9,0.27,195.51
2026-01-06 19:07:32.574000+00:00,2026-01-06 19:07:33.304794+00:00,452.574,0.745,0.74,0.75,0.255,0.25,0.26,401.36,136.98,136.98,461.18,0.73,229.51,0.76,245.9,0.24,245.9,0.27,229.51
2026-01-06 19:07:33.786000+00:00,2026-01-06 19:07:34.320298+00:00,453.786,0.755,0.75,0.76,0.245,0.24,0.25,62.0,239.16,239.16,133.0,0.74,717.04,0.77,655.0,0.23,655.0,0.26,692.04
2026-01-06 19:07:34.784000+00:00,2026-01-06 19:07:35.321048+00:00,454.784,0.755,0.75,0.76,0.245,0.24,0.25,232.0,28.68,27.36,232.0,0.74,902.18,0.77,289.97,0.23,289.97,0.26,902.18
2026-01-06 19:07:35.610000+00:00,2026-01-06 19:07:36.320595+00:00,455.61,0.755,0.75,0.76,0.245,0.24,0.25,147.0,2.16,108.32,47.0,0.74,907.18,0.77,294.97,0.23,240.0,0.26,896.04
2026-01-06 19:07:36.831000+00:00,2026-01-06 19:07:37.322698+00:00,456.831,0.72,0.71,0.73,0.28500000000000003,0.28,0.29,134.72,56.44,2.5,141.72,0.7,253.0,0.74,77.0,0.27,76.44,0.3,253.0
2026-01-06 19:07:37.790000+00:00,2026-01-06 19:07:38.325902+00:00,457.79,0.715,0.71,0.72,0.295,0.29,0.3,35.0,121.16,74.97,218.0,0.7,356.86,0.73,144.94,0.28,118.0,0.31,788.98
2026-01-06 19:07:38.804000+00:00,2026-01-06 19:07:39.329341+00:00,458.804,0.705,0.7,0.71,0.295,0.29,0.3,8.86,135.0,35.0,108.86,0.69,674.98,0.72,157.16,0.28,212.16,0.31,604.98
2026-01-06 19:07:39.822000+00:00,2026-01-06 19:07:40.343339+00:00,459.822,0.725,0.72,0.73,0.275,0.27,0.28,127.86,101.0,101.0,15.0,0.71,298.0,0.74,181.16,0.26,120.0,0.29,370.0
2026-01-06 19:07:40.746000+00:00,2026-01-06 19:07:41.358862+00:00,460.746,0.725,0.72,0.73,0.275,0.27,0.28,73.86,51.0,36.0,93.86,0.71,330.0,0.74,183.16,0.26,303.16,0.29,310.0
2026-01-06 19:07:41.759000+00:00,2026-01-06 19:07:42.353715+00:00,461.759,0.725,0.72,0.73,0.275,0.27,0.28,105.28,35.0,35.0,105.28,0.71,466.0,0.74,3337.16,0.26,3337.16,0.29,466.0
2026-01-06 19:07:42.827000+00:00,2026-01-06 19:07:43.361712+00:00,462.827,0.725,0.72,0.73,0.275,0.27,0.28,79.57,54.97,40.0,134.57,0.71,502.0,0.74,3306.0,0.26,3349.16,0.29,480.0
2026-01-06 19:07:43.840000+00:00,2026-01-06 19:07:44.375437+00:00,463.84,0.725,0.72,0.73,0.275,0.27,0.28,25.0,143.0,85.0,118.86,0.71,371.0,0.74,3605.0,0.26,3728.16,0.29,238.0
2026-01-06 19:07:45.769000+00:00,2026-01-06 19:07:46.372058+00:00,465.769,0.725,0.72,0.73,0.28,0.27,0.29,35.0,170.63,170.63,181.93,0.71,191.93,0.74,3450.0,0.26,3450.0,0.3,370.09
2026-01-06 19:07:46.687000+00:00,2026-01-06 19:07:47.372800+00:00,466.687,0.72,0.71,0.73,0.28,0.27,0.29,206.93,170.63,187.63,206.93,0.7,380.09,0.74,3424.0,0.26,3390.0,0.3,380.09
2026-01-06 19:07:47.817000+00:00,2026-01-06 19:07:48.375795+00:00,467.817,0.72,0.71,0.73,0.28,0.27,0.29,206.93,204.63,204.63,206.93,0.7,380.09,0.74,3314.0,0.26,3314.0,0.3,380.09
2026-01-06 19:07:48.876000+00:00,2026-01-06 19:07:49.392409+00:00,468.876,0.735,0.73,0.74,0.265,0.26,0.27,76.0,3304.0,3284.0,76.0,0.72,228.0,0.75,142.0,0.25,142.0,0.28,228.0
2026-01-06 19:07:49.856000+00:00,2026-01-06 19:07:50.404992+00:00,469.856,0.725,0.72,0.73,0.275,0.27,0.28,96.0,228.0,228.0,96.0,0.71,391.93,0.74,3194.0,0.26,3194.0,0.29,391.93
2026-01-06 19:07:50.867000+00:00,2026-01-06 19:07:51.412545+00:00,470.867,0.725,0.72,0.73,0.275,0.27,0.28,96.0,185.6,185.6,96.0,0.71,391.93,0.74,3194.0,0.26,3194.0,0.29,391.93
2026-01-06 19:07:51.841000+00:00,2026-01-06 19:07:52.415071+00:00,471.841,0.725,0.72,0.73,0.275,0.27,0.28,35.0,200.6,200.6,35.0,0.71,391.93,0.74,3211.0,0.26,3211.0,0.29,391.93
2026-01-06 19:07:52.861000+00:00,2026-01-06 19:07:53.415967+00:00,472.861,0.725,0.72,0.73,0.275,0.27,0.28,35.0,194.0,194.0,35.0,0.71,374.93,0.74,3228.0,0.26,3228.0,0.29,374.93
2026-01-06 19:07:53.883000+00:00,2026-01-06 19:07:54.430881+00:00,473.883,0.725,0.72,0.73,0.275,0.27,0.28,35.0,244.63,262.63,18.0,0.71,181.93,0.74,3359.0,0.26,3359.0,0.29,181.93
2026-01-06 19:07:54.906000+00:00,2026-01-06 19:07:55.442758+00:00,474.906,0.715,0.71,0.72,0.3,0.29,0.31,5.0,489.0,12.0,126.93,0.7,5.0,0.73,433.63,0.28,565.0,0.32,369.12
2026-01-06 19:07:55.888000+00:00,2026-01-06 19:07:56.458953+00:00,475.888,0.705,0.7,0.71,0.295,0.29,0.3,10.0,175.93,35.0,143.0,0.69,150.99,0.72,395.0,0.28,426.0,0.31,138.06
2026-01-06 19:07:56.909000+00:00,2026-01-06 19:07:57.464589+00:00,476.909,0.715,0.71,0.72,0.28500000000000003,0.28,0.29,55.0,216.0,216.0,40.0,0.7,328.0,0.73,148.63,0.27,148.63,0.3,328.0
2026-01-06 19:07:57.953000+00:00,2026-01-06 19:07:58.476410+00:00,477.953,0.705,0.7,0.71,0.295,0.29,0.3,338.0,5.0,5.0,343.0,0.69,435.06,0.72,261.2,0.28,212.0,0.31,435.06
2026-01-06 19:07:58.742000+00:00,2026-01-06 19:07:59.495134+00:00,478.742,0.72,0.71,0.73,0.275,0.27,0.28,175.93,183.63,40.0,23.0,0.7,463.0,0.74,3618.0,0.26,3235.0,0.29,278.0
2026-01-06 19:07:59.959000+00:00,2026-01-06 19:08:00.496217+00:00,479.959,0.735,0.73,0.74,0.265,0.26,0.27,46.0,3225.0,3225.0,40.0,0.72,129.06,0.75,280.0,0.25,280.0,0.28,50.0
2026-01-06 19:08:00.925000+00:00,2026-01-06 19:08:01.496041+00:00,480.925,0.72,0.71,0.73,0.28,0.27,0.29,518.48,131.21,131.21,518.48,0.7,435.12,0.74,3228.86,0.26,3228.86,0.3,406.0
2026-01-06 19:08:01.911000+00:00,2026-01-06 19:08:02.493514+00:00,481.911,0.735,0.73,0.74,0.265,0.26,0.27,34.0,3258.19,3258.19,34.0,0.72,507.06,0.75,585.0,0.25,585.0,0.28,507.06
2026-01-06 19:08:02.984000+00:00,2026-01-06 19:08:03.498297+00:00,482.984,0.725,0.72,0.73,0.275,0.27,0.28,298.0,210.06,193.06,298.0,0.71,445.55,0.74,3191.98,0.26,3157.98,0.29,369.55
2026-01-06 19:08:03.992000+00:00,2026-01-06 19:08:04.504505+00:00,483.992,0.725,0.72,0.73,0.275,0.27,0.28,196.0,159.78,159.78,196.0,0.71,382.55,0.74,3157.98,0.26,3157.98,0.29,382.55
2026-01-06 19:08:04.975000+00:00,2026-01-06 19:08:05.509035+00:00,484.975,0.725,0.72,0.73,0.275,0.27,0.28,115.0,139.83,139.83,115.0,0.71,206.55,0.74,3328.98,0.26,3345.98,0.29,206.55
2026-01-06 19:08:05.976000+00:00,2026-01-06 19:08:06.520331+00:00,485.976,0.725,0.72,0.73,0.265,0.26,0.27,115.0,126.56,3192.61,146.79,0.71,448.55,0.74,3262.98,0.25,584.67,0.28,258.0
2026-01-06 19:08:07.013000+00:00,2026-01-06 19:08:07.540853+00:00,487.013,0.735,0.73,0.74,0.265,0.26,0.27,1316.89,2036.07,1887.07,1340.99,0.72,561.72,0.75,505.0,0.25,500.0,0.28,536.12
2026-01-06 19:08:08+00:00,2026-01-06 19:08:08.536313+00:00,488.0,0.735,0.73,0.74,0.265,0.26,0.27,1092.99,1499.83,1499.83,1092.99,0.72,342.12,0.75,505.0,0.25,505.0,0.28,342.12
2026-01-06 19:08:09.024000+00:00,2026-01-06 19:08:09.555901+00:00,489.024,0.735,0.73,0.74,0.265,0.26,0.27,842.89,1428.46,1413.16,827.89,0.72,868.12,0.75,505.0,0.25,505.0,0.28,885.12
2026-01-06 19:08:10+00:00,2026-01-06 19:08:10.552545+00:00,490.0,0.735,0.73,0.74,0.265,0.26,0.27,828.09,1302.7,1297.49,828.09,0.72,929.12,0.75,505.0,0.25,500.0,0.28,924.12
2026-01-06 19:08:11+00:00,2026-01-06 19:08:11.567684+00:00,491.0,0.735,0.73,0.74,0.265,0.26,0.27,811.09,1281.49,1281.49,794.09,0.72,941.12,0.75,550.0,0.25,555.0,0.28,929.12
2026-01-06 19:08:12.028000+00:00,2026-01-06 19:08:12.579187+00:00,492.028,0.735,0.73,0.74,0.265,0.26,0.27,1418.89,1271.49,1254.49,1418.89,0.72,572.12,0.75,555.0,0.25,555.0,0.28,672.12
2026-01-06 19:08:13.904000+00:00,2026-01-06 19:08:14.600754+00:00,493.904,0.735,0.73,0.74,0.265,0.26,0.27,1374.79,412.65,392.08,1374.79,0.72,673.52,0.75,555.0,0.25,555.0,0.28,673.52
2026-01-06 19:08:15.065000+00:00,2026-01-06 19:08:15.605555+00:00,495.065,0.735,0.73,0.74,0.26,0.25,0.27,1546.39,95.56,563.04,1412.39,0.72,673.52,0.75,555.0,0.24,88.0,0.28,656.52
2026-01-06 19:08:16.093000+00:00,2026-01-06 19:08:16.612552+00:00,496.093,0.745,0.74,0.75,0.255,0.25,0.26,91.0,472.58,363.84,91.0,0.73,1183.39,0.76,158.0,0.24,209.0,0.27,1183.39
2026-01-06 19:08:17.077000+00:00,2026-01-06 19:08:17.609164+00:00,497.077,0.745,0.74,0.75,0.255,0.25,0.26,91.0,388.79,452.79,101.0,0.73,1188.39,0.76,163.0,0.24,220.0,0.27,744.39
2026-01-06 19:08:18.060000+00:00,2026-01-06 19:08:18.620337+00:00,498.06,0.745,0.74,0.75,0.255,0.25,0.26,428.32,421.88,421.88,428.32,0.73,569.79,0.76,305.45,0.24,310.45,0.27,574.79
2026-01-06 19:08:19.066000+00:00,2026-01-06 19:08:19.627769+00:00,499.066,0.745,0.74,0.75,0.255,0.25,0.26,458.0,329.81,329.81,419.53,0.73,574.79,0.76,310.45,0.24,310.45,0.27,574.79
2026-01-06 19:08:20.040000+00:00,2026-01-06 19:08:20.627821+00:00,500.04,0.745,0.74,0.75,0.255,0.25,0.26,70.0,368.85,368.85,70.0,0.73,757.79,0.76,398.45,0.24,398.45,0.27,746.89
2026-01-06 19:08:21.077000+00:00,2026-01-06 19:08:21.610829+00:00,501.077,0.735,0.73,0.74,0.265,0.26,0.27,463.89,254.51,280.51,259.28,0.72,160.12,0.75,713.51,0.25,703.51,0.28,160.12
2026-01-06 19:08:22.057000+00:00,2026-01-06 19:08:22.594147+00:00,502.057,0.725,0.72,0.73,0.275,0.27,0.28,91.0,131.7,140.56,91.0,0.71,130.42,0.74,272.52,0.26,255.52,0.29,16.12
2026-01-06 19:08:23.061000+00:00,2026-01-06 19:08:23.610842+00:00,503.061,0.725,0.72,0.73,0.275,0.27,0.28,15.0,175.56,155.56,15.0,0.71,5.0,0.74,267.52,0.26,284.52,0.29,125.42
2026-01-06 19:08:24.056000+00:00,2026-01-06 19:08:24.594927+00:00,504.056,0.725,0.72,0.73,0.275,0.27,0.28,6.69,180.56,142.99,11.69,0.71,20.0,0.74,267.52,0.26,257.52,0.29,15.0
2026-01-06 19:08:25.094000+00:00,2026-01-06 19:08:25.605986+00:00,505.094,0.725,0.72,0.73,0.275,0.27,0.28,5.0,78.89,78.89,5.0,0.71,350.98,0.74,239.82,0.26,239.82,0.29,350.98
2026-01-06 19:08:26.966000+00:00,2026-01-06 19:08:27.627772+00:00,506.966,0.725,0.72,0.73,0.275,0.27,0.28,5.0,32.95,32.95,5.0,0.71,367.98,0.74,229.04,0.26,229.04,0.29,367.98
2026-01-06 19:08:28.088000+00:00,2026-01-06 19:08:28.648991+00:00,508.088,0.725,0.72,0.73,0.275,0.27,0.28,11.25,32.95,320.95,17.0,0.71,355.98,0.74,229.04,0.26,315.04,0.29,39.0
2026-01-06 19:08:29.135000+00:00,2026-01-06 19:08:29.663966+00:00,509.135,0.715,0.71,0.72,0.295,0.29,0.3,17.0,246.94,44.0,277.9,0.7,277.9,0.73,441.95,0.28,246.94,0.31,117.0
2026-01-06 19:08:30.125000+00:00,2026-01-06 19:08:30.676067+00:00,510.125,0.715,0.71,0.72,0.28500000000000003,0.28,0.29,152.0,173.52,173.52,167.0,0.7,217.87,0.73,441.95,0.27,446.95,0.3,222.87
2026-01-06 19:08:31.126000+00:00,2026-01-06 19:08:31.677891+00:00,511.126,0.725,0.72,0.73,0.275,0.27,0.28,70.0,142.95,142.95,70.0,0.71,187.0,0.74,306.04,0.26,306.04,0.29,187.0
2026-01-06 19:08:32.138000+00:00,2026-01-06 19:08:32.679491+00:00,512.138,0.725,0.72,0.73,0.275,0.27,0.28,80.0,137.95,67.95,80.0,0.71,184.0,0.74,301.04,0.26,306.04,0.29,189.0
2026-01-06 19:08:33.148000+00:00,2026-01-06 19:08:33.685994+00:00,513.148,0.725,0.72,0.73,0.275,0.27,0.28,277.99,17.95,17.95,262.99,0.71,406.0,0.74,229.04,0.26,229.04,0.29,406.0
2026-01-06 19:08:34.144000+00:00,2026-01-06 19:08:34.689591+00:00,514.144,0.715,0.71,0.72,0.305,0.3,0.31,106.0,184.0,106.01,166.0,0.7,30.0,0.73,421.27,0.29,16.0,0.32,252.0
2026-01-06 19:08:35.119000+00:00,2026-01-06 19:08:35.686012+00:00,515.119,0.705,0.7,0.71,0.295,0.29,0.3,45.0,135.95,61.0,110.0,0.69,222.89,0.72,205.98,0.28,240.98,0.31,101.89
2026-01-06 19:08:36.176000+00:00,2026-01-06 19:08:36.689981+00:00,516.176,0.705,0.7,0.71,0.295,0.29,0.3,80.0,109.1,109.1,80.0,0.69,226.89,0.72,200.98,0.28,205.98,0.31,223.89
2026-01-06 19:08:37.164000+00:00,2026-01-06 19:08:37.695399+00:00,517.164,0.705,0.7,0.71,0.295,0.29,0.3,85.0,64.99,64.99,80.0,0.69,201.89,0.72,144.98,0.28,144.98,0.31,184.89
2026-01-06 19:08:38.164000+00:00,2026-01-06 19:08:38.719618+00:00,518.164,0.705,0.7,0.71,0.295,0.29,0.3,40.0,163.42,163.42,40.0,0.69,182.89,0.72,131.99,0.28,131.99,0.31,182.89
2026-01-06 19:08:39.192000+00:00,2026-01-06 19:08:39.743418+00:00,519.192,0.705,0.7,0.71,0.295,0.29,0.3,80.0,73.42,73.42,80.0,0.69,187.89,0.72,161.98,0.28,161.98,0.31,187.89
2026-01-06 19:08:40.106000+00:00,2026-01-06 19:08:40.745766+00:00,520.106,0.705,0.7,0.71,0.295,0.29,0.3,50.0,58.42,58.42,50.0,0.69,224.89,0.72,144.98,0.28,144.98,0.31,224.89
2026-01-06 19:08:41.257000+00:00,2026-01-06 19:08:41.771818+00:00,521.257,0.705,0.7,0.71,0.295,0.29,0.3,118.0,58.42,98.42,84.0,0.69,250.69,0.72,215.98,0.28,215.98,0.31,250.69
2026-01-06 19:08:42.731000+00:00,2026-01-06 19:08:43.796881+00:00,522.731,0.705,0.7,0.71,0.295,0.29,0.3,5.0,153.42,153.42,5.0,0.69,232.69,0.72,230.99,0.28,230.99,0.31,232.69
2026-01-06 19:08:44.188000+00:00,2026-01-06 19:08:44.796104+00:00,524.188,0.705,0.7,0.71,0.295,0.29,0.3,5.0,168.42,168.42,5.0,0.69,167.89,0.72,171.99,0.28,171.99,0.31,167.89
2026-01-06 19:08:45.247000+00:00,2026-01-06 19:08:45.807631+00:00,525.247,0.695,0.69,0.7,0.305,0.3,0.31,62.69,44.15,65.0,62.69,0.68,343.57,0.71,326.42,0.29,387.42,0.32,343.57
2026-01-06 19:08:46.240000+00:00,2026-01-06 19:08:46.821934+00:00,526.24,0.695,0.69,0.7,0.305,0.3,0.31,62.69,100.0,100.0,62.69,0.68,383.57,0.71,364.0,0.29,364.0,0.32,383.57
2026-01-06 19:08:47.271000+00:00,2026-01-06 19:08:47.822445+00:00,527.271,0.695,0.69,0.7,0.305,0.3,0.31,17.69,326.99,362.99,17.69,0.68,241.57,0.71,492.0,0.29,562.0,0.32,241.57
2026-01-06 19:08:48.232000+00:00,2026-01-06 19:08:48.825337+00:00,528.232,0.695,0.69,0.7,0.305,0.3,0.31,17.69,347.99,347.99,17.69,0.68,236.57,0.71,461.0,0.29,461.0,0.32,236.57
2026-01-06 19:08:49.263000+00:00,2026-01-06 19:08:49.836902+00:00,529.263,0.695,0.69,0.7,0.31,0.3,0.32,17.69,347.99,347.99,271.45,0.68,292.57,0.71,461.0,0.29,461.0,0.33,136.0
2026-01-06 19:08:50.291000+00:00,2026-01-06 19:08:50.844504+00:00,530.291,0.69,0.68,0.7,0.31,0.3,0.32,291.45,347.99,347.99,291.45,0.67,136.0,0.71,466.0,0.29,466.0,0.33,136.0
2026-01-06 19:08:51.304000+00:00,2026-01-06 19:08:51.859045+00:00,531.304,0.685,0.68,0.69,0.315,0.31,0.32,93.88,224.42,224.42,93.88,0.67,328.0,0.7,419.0,0.3,419.0,0.33,323.0
2026-01-06 19:08:52.273000+00:00,2026-01-06 19:08:52.870258+00:00,532.273,0.685,0.68,0.69,0.315,0.31,0.32,137.63,155.59,57.17,226.07,0.67,323.0,0.7,433.99,0.3,468.99,0.33,253.0
2026-01-06 19:08:53.300000+00:00,2026-01-06 19:08:53.880763+00:00,533.3,0.67,0.66,0.68,0.335,0.33,0.34,186.57,149.99,150.0,50.0,0.65,195.0,0.69,479.59,0.32,97.0,0.35,230.0
2026-01-06 19:08:54.344000+00:00,2026-01-06 19:08:54.882883+00:00,534.344,0.665,0.66,0.67,0.335,0.33,0.34,5.0,185.19,179.96,5.0,0.65,134.47,0.68,85.0,0.32,100.0,0.35,134.47
2026-01-06 19:08:55.372000+00:00,2026-01-06 19:08:55.896760+00:00,535.372,0.655,0.65,0.66,0.345,0.34,0.35,155.0,45.0,35.0,150.0,0.64,100.0,0.67,383.96,0.33,388.96,0.36,122.0
2026-01-06 19:08:56.311000+00:00,2026-01-06 19:08:56.890474+00:00,536.311,0.655,0.65,0.66,0.345,0.34,0.35,85.0,78.42,208.41,5.0,0.64,151.57,0.67,353.96,0.33,361.0,0.36,226.57
2026-01-06 19:08:57.363000+00:00,2026-01-06 19:08:57.901545+00:00,537.363,0.655,0.65,0.66,0.345,0.34,0.35,141.42,64.99,64.99,141.42,0.64,165.0,0.67,401.0,0.33,401.0,0.36,165.0
2026-01-06 19:08:58.321000+00:00,2026-01-06 19:08:58.913316+00:00,538.321,0.655,0.65,0.66,0.345,0.34,0.35,128.73,49.99,49.99,128.73,0.64,170.0,0.67,318.0,0.33,313.0,0.36,170.0
2026-01-06 19:08:59.378000+00:00,2026-01-06 19:08:59.921786+00:00,539.378,0.655,0.65,0.66,0.345,0.34,0.35,152.14,64.99,54.99,152.14,0.64,160.0,0.67,308.0,0.33,308.0,0.36,126.0
2026-01-06 19:09:00.355000+00:00,2026-01-06 19:09:00.928410+00:00,540.355,0.655,0.65,0.66,0.345,0.34,0.35,181.14,49.99,94.99,147.14,0.64,148.0,0.67,203.0,0.33,243.0,0.36,148.0
2026-01-06 19:09:01.400000+00:00,2026-01-06 19:09:01.927819+00:00,541.4,0.635,0.63,0.64,0.365,0.36,0.37,15.0,235.99,325.99,15.0,0.62,114.0,0.65,430.0,0.35,435.0,0.38,80.0
2026-01-06 19:09:02.390000+00:00,2026-01-06 19:09:02.938775+00:00,542.39,0.615,0.61,0.62,0.385,0.38,0.39,109.07,125.14,110.89,109.07,0.6,161.0,0.63,420.0,0.37,420.0,0.4,161.0
2026-01-06 19:09:03.426000+00:00,2026-01-06 19:09:03.954600+00:00,543.426,0.585,0.58,0.59,0.415,0.41,0.42,194.33,99.94,99.94,189.33,0.57,144.0,0.6,122.0,0.4,122.0,0.43,149.0
2026-01-06 19:09:04.426000+00:00,2026-01-06 19:09:04.955332+00:00,544.426,0.595,0.59,0.6,0.405,0.4,0.41,60.0,249.79,254.79,60.0,0.58,124.33,0.61,482.81,0.39,482.81,0.42,141.33
2026-01-06 19:09:05.520000+00:00,2026-01-06 19:09:05.967894+00:00,545.52,0.595,0.59,0.6,0.405,0.4,0.41,60.0,249.62,249.62,60.0,0.58,226.33,0.61,482.81,0.39,482.81,0.42,226.33
2026-01-06 19:09:06.434000+00:00,2026-01-06 19:09:06.970519+00:00,546.434,0.595,0.59,0.6,0.405,0.4,0.41,15.0,309.62,309.62,15.0,0.58,107.33,0.61,467.81,0.39,467.81,0.42,107.33
2026-01-06 19:09:07.433000+00:00,2026-01-06 19:09:07.978297+00:00,547.433,0.595,0.59,0.6,0.41000000000000003,0.4,0.42,15.0,294.26,378.89,158.33,0.58,107.33,0.61,467.81,0.39,412.81,0.43,236.0
2026-01-06 19:09:08.426000+00:00,2026-01-06 19:09:08.970811+00:00,548.426,0.595,0.59,0.6,0.405,0.4,0.41,187.41,104.08,104.08,187.41,0.58,153.33,0.61,322.81,0.39,327.81,0.42,158.33
2026-01-06 19:09:09.438000+00:00,2026-01-06 19:09:09.968674+00:00,549.438,0.675,0.67,0.68,0.325,0.32,0.33,94.86,35.0,35.0,69.86,0.66,123.0,0.69,627.0,0.31,627.0,0.34,384.0
2026-01-06 19:09:10.430000+00:00,2026-01-06 19:09:10.965790+00:00,550.43,0.685,0.68,0.69,0.305,0.3,0.31,65.0,5.0,95.0,15.0,0.67,321.25,0.7,159.98,0.29,254.0,0.32,105.0
2026-01-06 19:09:11.454000+00:00,2026-01-06 19:09:11.983299+00:00,551.454,0.715,0.71,0.72,0.28500000000000003,0.28,0.29,10.03,19.98,10.0,231.03,0.7,202.08,0.73,204.99,0.27,15.0,0.3,254.0
2026-01-06 19:09:12.447000+00:00,2026-01-06 19:09:12.985353+00:00,552.447,0.74,0.73,0.75,0.265,0.26,0.27,233.0,383.49,45.0,214.0,0.72,354.08,0.76,563.0,0.25,378.49,0.28,354.08
2026-01-06 19:09:13.455000+00:00,2026-01-06 19:09:13.982385+00:00,553.455,0.735,0.73,0.74,0.265,0.26,0.27,183.0,41.96,41.96,178.0,0.72,354.08,0.75,192.41,0.25,192.41,0.28,354.08
2026-01-06 19:09:14.416000+00:00,2026-01-06 19:09:14.984299+00:00,554.416,0.735,0.73,0.74,0.265,0.26,0.27,163.0,444.99,479.99,15.0,0.72,264.0,0.75,462.37,0.25,457.37,0.28,81.0
2026-01-06 19:09:15.447000+00:00,2026-01-06 19:09:15.968010+00:00,555.447,0.715,0.71,0.72,0.28500000000000003,0.28,0.29,85.0,324.0,324.0,255.0,0.7,233.0,0.73,278.0,0.27,243.0,0.3,182.0
2026-01-06 19:09:16.454000+00:00,2026-01-06 19:09:16.981864+00:00,556.454,0.74,0.73,0.75,0.26,0.25,0.27,131.0,579.52,674.5,116.0,0.72,309.0,0.76,125.0,0.24,70.0,0.28,301.0
2026-01-06 19:09:17.466000+00:00,2026-01-06 19:09:18.003239+00:00,557.466,0.745,0.74,0.75,0.255,0.25,0.26,101.4,544.52,539.52,157.23,0.73,255.0,0.76,145.0,0.24,150.0,0.27,350.0
2026-01-06 19:09:18.479000+00:00,2026-01-06 19:09:19.017737+00:00,558.479,0.745,0.74,0.75,0.255,0.25,0.26,175.37,40.0,40.0,190.37,0.73,345.0,0.76,145.0,0.24,145.0,0.27,345.0
2026-01-06 19:09:19.478000+00:00,2026-01-06 19:09:20.019608+00:00,559.478,0.755,0.75,0.76,0.245,0.24,0.25,223.44,192.0,192.0,167.44,0.74,115.37,0.77,409.0,0.23,409.0,0.26,115.37
2026-01-06 19:09:20.505000+00:00,2026-01-06 19:09:21.038130+00:00,560.505,0.755,0.75,0.76,0.245,0.24,0.25,259.72,117.32,67.18,229.72,0.74,209.37,0.77,372.0,0.23,402.0,0.26,165.23
2026-01-06 19:09:21.491000+00:00,2026-01-06 19:09:22.031393+00:00,561.491,0.755,0.75,0.76,0.245,0.24,0.25,234.72,40.78,34.98,229.72,0.74,210.23,0.77,210.0,0.23,200.0,0.26,210.23
2026-01-06 19:09:22.475000+00:00,2026-01-06 19:09:23.040086+00:00,562.475,0.755,0.75,0.76,0.245,0.24,0.25,222.03,34.98,34.98,222.03,0.74,215.23,0.77,256.0,0.23,256.0,0.26,215.23
2026-01-06 19:09:23.517000+00:00,2026-01-06 19:09:24.051887+00:00,563.517,0.755,0.75,0.76,0.245,0.24,0.25,334.97,23.47,23.47,334.97,0.74,549.37,0.77,654.0,0.23,654.0,0.26,549.37
2026-01-06 19:09:24.438000+00:00,2026-01-06 19:09:25.071405+00:00,564.438,0.755,0.75,0.76,0.245,0.24,0.25,372.17,8.47,16.84,309.17,0.74,550.37,0.77,569.0,0.23,554.0,0.26,565.37
2026-01-06 19:09:25.516000+00:00,2026-01-06 19:09:26.068166+00:00,565.516,0.755,0.75,0.76,0.245,0.24,0.25,289.17,15.0,97.36,244.17,0.74,382.37,0.77,442.75,0.23,422.75,0.26,388.68
2026-01-06 19:09:26.554000+00:00,2026-01-06 19:09:27.082843+00:00,566.554,0.695,0.69,0.7,0.305,0.3,0.31,29.99,216.0,185.0,114.88,0.68,207.0,0.71,243.0,0.29,248.0,0.32,232.0
2026-01-06 19:09:27.568000+00:00,2026-01-06 19:09:28.099089+00:00,567.568,0.705,0.7,0.71,0.295,0.29,0.3,43.94,339.0,321.74,28.6,0.69,108.88,0.72,544.77,0.28,544.77,0.31,108.88
2026-01-06 19:09:28.558000+00:00,2026-01-06 19:09:29.106419+00:00,568.558,0.705,0.7,0.71,0.295,0.29,0.3,48.6,309.57,309.57,48.6,0.69,108.88,0.72,571.77,0.28,571.77,0.31,108.88
2026-01-06 19:09:29.525000+00:00,2026-01-06 19:09:30.115981+00:00,569.525,0.705,0.7,0.71,0.295,0.29,0.3,98.6,275.48,275.48,98.6,0.69,108.88,0.72,624.77,0.28,624.77,0.31,108.88
2026-01-06 19:09:30.571000+00:00,2026-01-06 19:09:31.110782+00:00,570.571,0.725,0.72,0.73,0.255,0.25,0.26,137.38,33.65,222.51,61.0,0.71,314.0,0.75,240.0,0.24,217.57,0.27,186.61
2026-01-06 19:09:31.577000+00:00,2026-01-06 19:09:32.115839+00:00,571.577,0.745,0.74,0.75,0.255,0.25,0.26,223.06,82.0,97.0,223.06,0.73,364.0,0.76,304.55,0.24,304.55,0.27,364.0
2026-01-06 19:09:32.549000+00:00,2026-01-06 19:09:33.132347+00:00,572.549,0.74,0.73,0.75,0.265,0.26,0.27,211.61,248.76,223.98,116.0,0.72,71.37,0.76,470.57,0.25,247.0,0.28,126.38
2026-01-06 19:09:33.622000+00:00,2026-01-06 19:09:34.150654+00:00,573.622,0.735,0.73,0.74,0.265,0.26,0.27,165.0,86.0,86.0,205.0,0.72,106.37,0.75,369.0,0.25,223.0,0.28,91.38
2026-01-06 19:09:34.596000+00:00,2026-01-06 19:09:35.166294+00:00,574.596,0.735,0.73,0.74,0.265,0.26,0.27,175.84,52.23,87.23,170.84,0.72,134.27,0.75,183.0,0.25,193.0,0.28,122.37
2026-01-06 19:09:35.637000+00:00,2026-01-06 19:09:36.166480+00:00,575.637,0.745,0.74,0.75,0.255,0.25,0.26,110.0,218.0,212.86,101.52,0.73,15.42,0.76,525.57,0.24,573.57,0.27,15.42
2026-01-06 19:09:36.556000+00:00,2026-01-06 19:09:37.168630+00:00,576.556,0.745,0.74,0.75,0.255,0.25,0.26,80.32,204.38,204.38,80.32,0.73,15.42,0.76,573.57,0.24,1022.57,0.27,15.42
2026-01-06 19:09:37.669000+00:00,2026-01-06 19:09:38.184477+00:00,577.669,0.745,0.74,0.75,0.255,0.25,0.26,239.3,167.9,167.9,239.3,0.73,379.42,0.76,339.0,0.24,339.0,0.27,379.42
2026-01-06 19:09:38.628000+00:00,2026-01-06 19:09:39.192524+00:00,578.628,0.755,0.75,0.76,0.245,0.24,0.25,165.0,35.0,35.0,173.0,0.74,245.3,0.77,176.0,0.23,176.0,0.26,253.3
2026-01-06 19:09:39.645000+00:00,2026-01-06 19:09:40.201580+00:00,579.645,0.765,0.76,0.77,0.22999999999999998,0.22,0.24,342.0,15.0,675.5,472.0,0.75,397.0,0.78,680.0,0.21,268.99,0.25,347.0
2026-01-06 19:09:40.638000+00:00,2026-01-06 19:09:41.216169+00:00,580.638,0.775,0.77,0.78,0.225,0.22,0.23,140.0,428.2,428.2,120.0,0.76,406.0,0.79,150.0,0.21,145.0,0.24,391.0
2026-01-06 19:09:41.678000+00:00,2026-01-06 19:09:42.219127+00:00,581.678,0.77,0.76,0.78,0.22999999999999998,0.22,0.24,215.0,480.64,496.64,199.0,0.75,298.0,0.79,126.0,0.21,274.0,0.25,362.0
2026-01-06 19:09:42.671000+00:00,2026-01-06 19:09:43.216982+00:00,582.671,0.77,0.76,0.78,0.235,0.23,0.24,204.0,456.64,5.0,204.0,0.75,362.0,0.79,174.0,0.22,496.64,0.25,330.0
2026-01-06 19:09:43.695000+00:00,2026-01-06 19:09:44.227949+00:00,583.695,0.755,0.75,0.76,0.245,0.24,0.25,267.0,135.0,183.08,267.0,0.74,368.35,0.77,170.53,0.23,170.52,0.26,383.35
2026-01-06 19:09:44.774000+00:00,2026-01-06 19:09:45.241329+00:00,584.774,0.75,0.74,0.76,0.25,0.24,0.26,117.51,164.4,189.4,112.51,0.73,891.0,0.77,203.52,0.23,171.52,0.27,896.0
