timestamp,collected_at,seconds,up_mid,up_best_bid,up_best_ask,down_mid,down_best_bid,down_best_ask,up_best_bid_size,up_best_ask_size,down_best_bid_size,down_best_ask_size,up_bid_2,up_bid_2_size,up_ask_2,up_ask_2_size,up_bid_3,up_bid_3_size,up_ask_3,up_ask_3_size,up_bid_4,up_bid_4_size,up_ask_4,up_ask_4_size,up_bid_5,up_bid_5_size,up_ask_5,up_ask_5_size,up_bid_6,up_bid_6_size,up_ask_6,up_ask_6_size,down_bid_2,down_bid_2_size,down_ask_2,down_ask_2_size,down_bid_3,down_bid_3_size,down_ask_3,down_ask_3_size,down_bid_4,down_bid_4_size,down_ask_4,down_ask_4_size,down_bid_5,down_bid_5_size,down_ask_5,down_ask_5_size,down_bid_6,down_bid_6_size,down_ask_6,down_ask_6_size
2026-01-07 11:45:00.155000+00:00,2026-01-07 11:44:57.754657+00:00,0.155,0.015,0.01,0.02,0.96,0.93,0.99,3017.67,197.91,138.87,2672.67,,,0.07,178.76,,,0.09,5.0,,,0.1,0.16,,,0.22,7.95,,,0.35,17.53,0.9,0.16,,,0.78,7.95,,,0.65,17.53,,,0.39,12.27,,,0.05,133.59,,
2026-01-07 11:45:01.031000+00:00,2026-01-07 11:44:58.777222+00:00,1.031,0.025,0.01,0.04,0.985,0.98,0.99,1601.03,49.05,8.97,611.8,,,0.07,102.89,,,0.1,0.16,,,0.22,7.95,,,0.35,17.53,,,0.61,12.27,0.96,49.05,,,0.93,102.89,,,0.9,0.16,,,0.78,7.95,,,0.65,17.53,,
2026-01-07 11:45:02.033000+00:00,2026-01-07 11:44:59.787009+00:00,2.033,0.01,,0.01,0.99,0.99,,,12755.91,12755.91,,,,0.02,24.23,,,0.03,10.0,,,0.04,49.05,,,0.07,102.89,,,0.1,0.16,0.98,24.23,,,0.97,10.0,,,0.96,49.05,,,0.93,102.89,,,0.9,0.16,,
2026-01-07 11:45:03.196000+00:00,2026-01-07 11:45:00.804816+00:00,3.196,0.445,0.44,0.45,0.555,0.55,0.56,39.83,1913.77,1873.77,13.83,0.43,58.0,0.47,2.65,0.4,70.0,0.48,1103.14,0.39,5.0,0.49,291.0,0.35,10.0,0.5,377.18,0.33,58.0,0.51,106.2,0.53,2.65,0.57,58.0,0.52,1103.14,0.6,70.0,0.51,291.0,0.61,5.0,0.5,377.18,0.65,10.0,0.49,106.2,0.67,58.0
2026-01-07 11:45:04.223000+00:00,2026-01-07 11:45:01.811826+00:00,4.223,0.445,0.44,0.45,0.555,0.55,0.56,5.0,1462.77,1416.77,5.0,0.42,60.0,0.47,2.65,0.4,70.0,0.48,1103.14,0.39,5.0,0.49,291.0,0.35,10.0,0.5,377.18,0.33,58.0,0.51,106.2,0.53,2.65,0.58,60.0,0.52,1103.14,0.6,80.0,0.51,291.0,0.61,5.0,0.5,377.18,0.65,10.0,0.49,106.2,0.67,58.0
2026-01-07 11:45:05.207000+00:00,2026-01-07 11:45:02.815229+00:00,5.207,0.445,0.44,0.45,0.555,0.55,0.56,5.0,1093.54,849.54,5.0,0.43,5.0,0.47,7.65,0.41,61.0,0.48,1103.14,0.4,80.0,0.49,291.0,0.39,5.0,0.5,377.18,0.35,10.0,0.51,106.2,0.53,7.65,0.57,5.0,0.52,1103.14,0.59,61.0,0.51,291.0,0.6,80.0,0.5,382.18,0.61,5.0,0.49,111.2,0.65,10.0
2026-01-07 11:45:06.128000+00:00,2026-01-07 11:45:03.835829+00:00,6.128,0.44499999999999995,0.41,0.48,0.5449999999999999,0.52,0.57,44.12,1021.91,1021.91,5.0,0.4,80.0,0.49,291.0,0.39,5.0,0.5,382.18,0.35,10.0,0.51,121.2,0.33,58.0,0.52,46.0,0.32,20.0,0.55,30.0,0.51,291.0,0.59,44.12,0.5,382.18,0.6,80.0,0.49,121.2,0.61,5.0,0.48,46.0,0.65,10.0,0.45,30.0,0.67,58.0
2026-01-07 11:45:07.251000+00:00,2026-01-07 11:45:04.841056+00:00,7.251,0.46499999999999997,0.45,0.48,0.525,0.52,0.53,122.0,1021.91,1021.91,35.0,0.44,122.0,0.49,291.0,0.43,127.0,0.5,362.18,0.42,191.0,0.51,121.2,0.41,156.0,0.52,46.0,0.4,236.0,0.54,157.0,0.51,291.0,0.54,132.0,0.5,362.18,0.55,157.0,0.49,121.2,0.56,157.0,0.48,46.0,0.57,162.0,0.46,278.0,0.58,181.0
2026-01-07 11:45:08.253000+00:00,2026-01-07 11:45:05.848410+00:00,8.253,0.475,0.47,0.48,0.525,0.52,0.53,35.0,1021.91,1021.91,35.0,0.46,193.0,0.49,291.0,0.45,218.0,0.5,362.18,0.44,218.0,0.51,121.2,0.43,223.0,0.52,46.0,0.42,181.0,0.53,35.0,0.51,291.0,0.54,193.0,0.5,362.18,0.55,218.0,0.49,121.2,0.56,218.0,0.48,46.0,0.57,223.0,0.47,35.0,0.58,181.0
2026-01-07 11:45:09.243000+00:00,2026-01-07 11:45:06.870398+00:00,9.243,0.475,0.47,0.48,0.525,0.52,0.53,45.0,1021.91,1036.91,5.0,0.46,218.0,0.49,361.0,0.45,193.0,0.5,432.18,0.44,218.0,0.51,191.2,0.43,288.0,0.52,116.0,0.42,286.0,0.53,105.0,0.51,361.0,0.54,223.0,0.5,432.18,0.55,193.0,0.49,191.2,0.56,218.0,0.48,116.0,0.57,288.0,0.47,105.0,0.58,286.0
2026-01-07 11:45:10.215000+00:00,2026-01-07 11:45:07.872841+00:00,10.215,0.475,0.47,0.48,0.525,0.52,0.53,5.0,1099.91,1099.91,5.0,0.46,248.0,0.49,401.0,0.45,264.0,0.5,432.18,0.44,288.0,0.51,191.2,0.43,288.0,0.52,116.0,0.42,226.0,0.53,105.0,0.51,401.0,0.54,243.0,0.5,432.18,0.55,264.0,0.49,191.2,0.56,288.0,0.48,116.0,0.57,288.0,0.47,105.0,0.58,226.0
2026-01-07 11:45:11.213000+00:00,2026-01-07 11:45:08.879400+00:00,11.213,0.47,0.46,0.48,0.53,0.52,0.54,278.0,1106.91,1119.91,253.0,0.45,354.0,0.49,381.0,0.44,288.0,0.5,432.18,0.43,288.0,0.51,191.2,0.42,469.0,0.52,116.0,0.41,191.0,0.53,288.0,0.51,381.0,0.55,354.0,0.5,432.18,0.56,288.0,0.49,191.2,0.57,288.0,0.48,116.0,0.58,469.0,0.47,288.0,0.59,191.0
2026-01-07 11:45:12.239000+00:00,2026-01-07 11:45:09.891873+00:00,12.239,0.47,0.46,0.48,0.53,0.52,0.54,232.0,1086.91,1086.91,232.0,0.45,354.0,0.49,381.0,0.44,288.0,0.5,432.18,0.43,346.0,0.51,191.2,0.42,409.0,0.52,116.0,0.41,191.0,0.53,288.0,0.51,381.0,0.55,354.0,0.5,432.18,0.56,288.0,0.49,191.2,0.57,346.0,0.48,116.0,0.58,409.0,0.47,288.0,0.59,191.0
2026-01-07 11:45:13.242000+00:00,2026-01-07 11:45:10.897820+00:00,13.242,0.47,0.46,0.48,0.53,0.52,0.54,222.0,1086.91,1096.91,222.0,0.45,354.0,0.49,381.0,0.44,288.0,0.5,432.18,0.43,288.0,0.51,191.2,0.42,469.0,0.52,116.0,0.41,191.0,0.53,288.0,0.51,381.0,0.55,354.0,0.5,432.18,0.56,288.0,0.49,191.2,0.57,288.0,0.48,116.0,0.58,469.0,0.47,288.0,0.59,196.0
2026-01-07 11:45:14.331000+00:00,2026-01-07 11:45:11.918694+00:00,14.331,0.455,0.45,0.46,0.54,0.53,0.55,46.0,15.0,10.0,46.0,0.44,193.0,0.47,10.0,0.43,228.0,0.48,1213.91,0.42,258.0,0.49,492.0,0.41,354.0,0.5,771.18,0.4,396.5,0.51,530.2,0.52,1248.91,0.56,193.0,0.51,614.0,0.57,218.0,0.5,771.18,0.58,218.0,0.49,530.2,0.59,344.0,0.48,455.0,0.6,421.5
2026-01-07 11:45:15.337000+00:00,2026-01-07 11:45:12.923375+00:00,15.337,0.425,0.41,0.44,0.575,0.56,0.59,75.0,133.0,98.0,100.0,0.4,335.5,0.45,30.0,0.39,218.0,0.46,409.0,0.38,218.0,0.47,409.0,0.37,339.0,0.48,1430.91,0.36,304.0,0.49,665.0,0.55,40.0,0.6,305.5,0.54,409.0,0.61,218.0,0.53,409.0,0.62,218.0,0.52,1430.91,0.63,339.0,0.51,665.0,0.64,304.0
2026-01-07 11:45:16.322000+00:00,2026-01-07 11:45:13.929501+00:00,16.322,0.43,0.42,0.44,0.5700000000000001,0.56,0.58,43.0,46.15,46.24,40.0,0.41,67.0,0.45,80.0,0.4,285.5,0.46,414.0,0.39,218.0,0.47,409.0,0.38,218.0,0.48,1430.91,0.37,339.0,0.49,665.0,0.55,70.0,0.59,72.0,0.54,414.0,0.6,285.5,0.53,409.0,0.61,218.0,0.52,1430.91,0.62,218.0,0.51,665.0,0.63,339.0
2026-01-07 11:45:17.320000+00:00,2026-01-07 11:45:14.933505+00:00,17.32,0.43,0.42,0.44,0.5700000000000001,0.56,0.58,40.0,91.12,91.12,40.0,0.41,87.0,0.45,20.0,0.4,310.5,0.46,414.0,0.39,288.0,0.47,409.0,0.38,288.0,0.48,1430.91,0.37,374.0,0.49,665.0,0.55,20.0,0.59,87.0,0.54,414.0,0.6,310.5,0.53,409.0,0.61,288.0,0.52,1430.91,0.62,288.0,0.51,665.0,0.63,374.0
2026-01-07 11:45:18.314000+00:00,2026-01-07 11:45:15.940513+00:00,18.314,0.42,0.41,0.43,0.575,0.56,0.59,127.0,36.17,130.0,182.0,0.4,227.5,0.44,140.0,0.39,288.0,0.45,273.0,0.38,288.0,0.46,414.0,0.37,409.0,0.47,409.0,0.36,374.0,0.48,1430.91,0.55,273.0,0.6,172.5,0.54,414.0,0.61,288.0,0.53,409.0,0.62,288.0,0.52,1430.91,0.63,409.0,0.51,665.0,0.64,374.0
2026-01-07 11:45:19.322000+00:00,2026-01-07 11:45:16.959248+00:00,19.322,0.425,0.42,0.43,0.575,0.56,0.59,10.0,2.65,86.45,182.0,0.41,182.0,0.44,121.93,0.4,172.5,0.45,293.0,0.39,288.0,0.46,293.0,0.38,288.0,0.47,409.0,0.37,409.0,0.48,1430.91,0.55,293.0,0.6,172.5,0.54,293.0,0.61,288.0,0.53,409.0,0.62,288.0,0.52,1430.91,0.63,409.0,0.51,665.0,0.64,374.0
2026-01-07 11:45:20.306000+00:00,2026-01-07 11:45:17.979411+00:00,20.306,0.43,0.42,0.44,0.5700000000000001,0.56,0.58,40.0,152.0,207.66,40.0,0.41,167.0,0.45,439.0,0.4,197.5,0.46,389.0,0.39,288.0,0.47,409.0,0.38,288.0,0.48,1430.91,0.37,374.0,0.49,700.0,0.55,439.0,0.59,167.0,0.54,389.0,0.6,197.5,0.53,409.0,0.61,105.0,0.52,1430.91,0.62,288.0,0.51,700.0,0.63,374.0
2026-01-07 11:45:21.015000+00:00,2026-01-07 11:45:18.983517+00:00,21.015,0.43,0.42,0.44,0.5700000000000001,0.56,0.58,40.0,195.87,195.87,40.0,0.41,167.0,0.45,459.0,0.4,197.5,0.46,389.0,0.39,105.0,0.47,409.0,0.38,288.0,0.48,1430.91,0.37,253.0,0.49,700.0,0.55,459.0,0.59,167.0,0.54,389.0,0.6,197.5,0.53,409.0,0.61,105.0,0.52,1430.91,0.62,288.0,0.51,700.0,0.63,253.0
2026-01-07 11:45:22.371000+00:00,2026-01-07 11:45:20.005130+00:00,22.371,0.415,0.41,0.42,0.585,0.58,0.59,187.0,10.0,10.0,152.0,0.4,182.5,0.43,5.0,0.39,105.0,0.44,314.51,0.38,288.0,0.45,424.0,0.37,288.0,0.46,424.0,0.36,443.0,0.47,409.0,0.57,40.0,0.6,172.5,0.56,254.51,0.61,105.0,0.55,449.0,0.62,183.0,0.54,424.0,0.63,183.0,0.53,374.0,0.64,373.0
2026-01-07 11:45:23.389000+00:00,2026-01-07 11:45:21.027701+00:00,23.389,0.405,0.4,0.41,0.595,0.59,0.6,87.5,167.87,228.87,87.5,0.39,60.0,0.42,198.0,0.38,35.0,0.43,424.0,0.37,10.0,0.44,450.51,0.36,35.0,0.45,419.0,0.35,298.0,0.46,379.0,0.58,198.0,0.61,60.0,0.57,424.0,0.62,35.0,0.56,450.51,0.63,10.0,0.55,419.0,0.64,35.0,0.54,379.0,0.65,298.0
2026-01-07 11:45:24.459000+00:00,2026-01-07 11:45:22.034831+00:00,24.459,0.405,0.4,0.41,0.595,0.59,0.6,85.83,196.18,211.18,75.93,0.39,60.0,0.42,198.0,0.38,35.0,0.43,424.0,0.37,10.0,0.44,450.51,0.36,35.0,0.45,419.0,0.35,298.0,0.46,379.0,0.58,198.0,0.61,60.0,0.57,424.0,0.62,35.0,0.56,450.51,0.63,10.0,0.55,419.0,0.64,35.0,0.54,379.0,0.65,298.0
2026-01-07 11:45:25.410000+00:00,2026-01-07 11:45:23.058762+00:00,25.41,0.405,0.4,0.41,0.595,0.59,0.6,75.93,185.39,185.39,75.93,0.39,105.2,0.42,268.0,0.38,35.0,0.43,424.0,0.37,10.0,0.44,450.51,0.36,35.0,0.45,419.0,0.35,298.0,0.46,379.0,0.58,268.0,0.61,105.2,0.57,424.0,0.62,35.0,0.56,450.51,0.63,10.0,0.55,419.0,0.64,35.0,0.54,379.0,0.65,298.0
2026-01-07 11:45:26.408000+00:00,2026-01-07 11:45:24.065984+00:00,26.408,0.405,0.4,0.41,0.595,0.59,0.6,75.93,185.39,185.39,75.93,0.39,175.2,0.42,268.0,0.38,105.0,0.43,434.0,0.37,80.0,0.44,440.51,0.36,105.0,0.45,419.0,0.35,303.0,0.46,374.0,0.58,268.0,0.61,175.2,0.57,434.0,0.62,105.0,0.56,440.51,0.63,80.0,0.55,419.0,0.64,105.0,0.54,374.0,0.65,303.0
2026-01-07 11:45:27.349000+00:00,2026-01-07 11:45:25.086112+00:00,27.349,0.405,0.4,0.41,0.595,0.59,0.6,75.93,172.12,187.12,75.93,0.39,175.2,0.42,268.0,0.38,105.0,0.43,444.0,0.37,80.0,0.44,430.51,0.36,105.0,0.45,419.0,0.35,303.0,0.46,374.0,0.58,283.0,0.61,175.2,0.57,469.0,0.62,105.0,0.56,400.51,0.63,80.0,0.55,409.0,0.64,105.0,0.54,374.0,0.65,303.0
2026-01-07 11:45:28.517000+00:00,2026-01-07 11:45:26.108669+00:00,28.517,0.405,0.4,0.41,0.595,0.59,0.6,50.93,198.85,213.85,50.93,0.39,95.0,0.42,268.0,0.38,125.0,0.43,429.0,0.37,80.0,0.44,400.51,0.36,105.0,0.45,409.0,0.35,303.0,0.46,419.3,0.58,328.0,0.61,70.0,0.57,419.0,0.62,170.0,0.56,390.51,0.63,100.0,0.55,409.0,0.64,105.0,0.54,419.3,0.65,303.0
2026-01-07 11:45:29.500000+00:00,2026-01-07 11:45:27.117318+00:00,29.5,0.405,0.4,0.41,0.595,0.59,0.6,499.93,193.85,180.58,499.93,0.39,70.0,0.42,268.0,0.38,115.0,0.43,409.0,0.37,80.0,0.44,390.51,0.36,105.0,0.45,414.0,0.35,303.0,0.46,419.3,0.58,268.0,0.61,90.0,0.57,429.0,0.62,105.0,0.56,410.51,0.63,80.0,0.55,414.0,0.64,105.0,0.54,419.3,0.65,303.0
2026-01-07 11:45:30.496000+00:00,2026-01-07 11:45:28.125533+00:00,30.496,0.405,0.4,0.41,0.615,0.61,0.62,50.93,341.58,91.82,10.0,0.39,25.0,0.42,404.0,0.38,60.0,0.43,469.0,0.36,49.0,0.44,400.51,0.35,85.0,0.45,414.0,0.34,105.0,0.46,374.0,0.6,122.0,0.64,49.0,0.59,361.58,0.65,85.0,0.58,389.0,0.66,105.0,0.57,409.0,0.67,278.0,0.56,390.51,0.68,507.0
2026-01-07 11:45:31.335000+00:00,2026-01-07 11:45:29.130663+00:00,31.335,0.365,0.36,0.37,0.635,0.63,0.64,538.0,218.29,226.0,518.0,0.35,35.0,0.38,193.0,0.33,50.0,0.39,323.82,0.32,283.0,0.4,429.0,0.31,409.0,0.41,376.58,0.3,528.0,0.42,389.0,0.62,193.0,0.65,45.0,0.61,328.82,0.67,50.0,0.6,419.0,0.68,283.0,0.59,366.58,0.69,409.0,0.58,379.0,0.7,528.0
2026-01-07 11:45:32.542000+00:00,2026-01-07 11:45:30.139451+00:00,32.542,0.365,0.36,0.37,0.635,0.63,0.64,553.0,181.29,166.58,538.0,0.35,15.0,0.38,193.0,0.33,50.0,0.39,323.82,0.32,178.0,0.4,449.0,0.31,288.0,0.41,366.58,0.3,445.0,0.42,379.0,0.62,193.0,0.65,20.0,0.61,323.82,0.67,50.0,0.6,449.0,0.68,178.0,0.59,356.58,0.69,288.0,0.58,379.0,0.7,445.0
2026-01-07 11:45:33.520000+00:00,2026-01-07 11:45:31.144251+00:00,33.52,0.365,0.36,0.37,0.635,0.63,0.64,503.0,166.58,166.58,503.0,0.35,55.0,0.38,228.0,0.34,20.0,0.39,338.82,0.33,50.0,0.4,429.0,0.32,100.0,0.41,336.58,0.31,369.0,0.42,379.0,0.62,228.0,0.65,65.0,0.61,338.82,0.66,20.0,0.6,429.0,0.67,50.0,0.59,336.58,0.68,100.0,0.58,379.0,0.69,369.0
2026-01-07 11:45:34.446000+00:00,2026-01-07 11:45:32.149891+00:00,34.446,0.365,0.36,0.37,0.635,0.63,0.64,503.0,139.55,123.92,503.0,0.35,65.0,0.38,228.0,0.34,55.0,0.39,408.82,0.33,25.0,0.4,429.0,0.32,125.0,0.41,336.58,0.31,369.0,0.42,379.0,0.62,218.0,0.65,75.0,0.61,398.82,0.66,35.0,0.6,429.0,0.67,25.0,0.59,336.58,0.68,125.0,0.58,379.0,0.69,369.0
2026-01-07 11:45:35.495000+00:00,2026-01-07 11:45:33.152580+00:00,35.495,0.365,0.36,0.37,0.635,0.63,0.64,459.0,131.21,131.21,459.0,0.35,209.0,0.38,218.0,0.34,105.0,0.39,408.82,0.33,95.0,0.4,439.0,0.32,125.0,0.41,336.58,0.31,288.0,0.42,379.0,0.62,218.0,0.65,209.0,0.61,408.82,0.66,105.0,0.6,439.0,0.67,95.0,0.59,336.58,0.68,125.0,0.58,379.0,0.69,288.0
2026-01-07 11:45:36.529000+00:00,2026-01-07 11:45:34.157377+00:00,36.529,0.365,0.36,0.37,0.635,0.63,0.64,431.84,136.23,89.37,431.84,0.35,130.0,0.38,218.0,0.34,105.0,0.39,388.82,0.33,95.0,0.4,419.0,0.32,125.0,0.41,336.58,0.31,288.0,0.42,379.0,0.62,228.0,0.65,130.0,0.61,373.82,0.66,100.0,0.6,419.0,0.67,85.0,0.59,301.58,0.68,125.0,0.58,379.0,0.69,288.0
2026-01-07 11:45:37.468000+00:00,2026-01-07 11:45:35.162951+00:00,37.468,0.365,0.36,0.37,0.635,0.63,0.64,431.84,38.55,38.55,431.84,0.35,195.0,0.38,323.0,0.34,80.0,0.39,373.82,0.33,120.0,0.4,439.0,0.32,125.0,0.41,336.58,0.31,288.0,0.42,414.0,0.62,323.0,0.65,195.0,0.61,373.82,0.66,80.0,0.6,439.0,0.67,120.0,0.59,336.58,0.68,125.0,0.58,414.0,0.69,288.0
2026-01-07 11:45:38.502000+00:00,2026-01-07 11:45:36.169669+00:00,38.502,0.365,0.36,0.37,0.635,0.63,0.64,440.27,23.55,23.55,440.27,0.35,185.0,0.38,323.0,0.34,121.9,0.39,373.82,0.33,120.0,0.4,439.0,0.32,125.0,0.41,336.58,0.31,369.0,0.42,414.0,0.62,323.0,0.65,185.0,0.61,373.82,0.66,121.9,0.6,439.0,0.67,120.0,0.59,336.58,0.68,125.0,0.58,414.0,0.69,369.0
2026-01-07 11:45:39.487000+00:00,2026-01-07 11:45:37.176166+00:00,39.487,0.4,0.39,0.41,0.595,0.59,0.6,50.0,145.58,145.58,5.0,0.38,75.0,0.42,424.0,0.37,20.0,0.43,441.5,0.36,749.27,0.44,410.51,0.35,308.0,0.45,868.0,0.34,288.0,0.46,374.0,0.58,424.0,0.61,50.0,0.57,441.5,0.62,85.0,0.56,410.51,0.63,10.0,0.55,868.0,0.64,749.27,0.54,374.0,0.65,308.0
2026-01-07 11:45:40.397000+00:00,2026-01-07 11:45:38.199649+00:00,40.397,0.405,0.4,0.41,0.595,0.59,0.6,5.0,145.58,145.58,5.0,0.39,50.0,0.42,424.0,0.38,85.0,0.43,441.5,0.37,10.0,0.44,410.51,0.36,749.27,0.45,868.0,0.35,308.0,0.46,374.0,0.58,419.0,0.61,50.0,0.57,431.5,0.62,85.0,0.56,400.51,0.63,10.0,0.55,858.0,0.64,749.27,0.54,374.0,0.65,308.0
2026-01-07 11:45:41.614000+00:00,2026-01-07 11:45:39.206075+00:00,41.614,0.405,0.4,0.41,0.595,0.59,0.6,5.0,143.04,143.04,5.0,0.39,90.0,0.42,399.0,0.38,70.0,0.43,441.5,0.37,157.0,0.44,400.51,0.36,333.8,0.45,858.0,0.35,308.0,0.46,374.0,0.58,409.0,0.61,100.0,0.57,451.5,0.62,70.0,0.56,400.51,0.63,157.0,0.55,858.0,0.64,333.8,0.54,374.0,0.65,308.0
2026-01-07 11:45:42.601000+00:00,2026-01-07 11:45:40.213034+00:00,42.601,0.4,0.39,0.41,0.6,0.59,0.61,55.0,125.72,125.72,125.0,0.38,60.0,0.42,409.0,0.37,218.0,0.43,441.5,0.36,333.8,0.44,400.51,0.35,308.0,0.45,858.0,0.34,253.0,0.46,374.0,0.58,409.0,0.62,130.0,0.57,431.5,0.63,298.0,0.56,400.51,0.64,333.8,0.55,858.0,0.65,308.0,0.54,374.0,0.66,253.0
2026-01-07 11:45:43.551000+00:00,2026-01-07 11:45:41.235297+00:00,43.551,0.395,0.39,0.4,0.605,0.6,0.61,105.0,57.0,57.0,105.0,0.38,80.0,0.41,120.72,0.37,180.0,0.42,409.0,0.36,343.8,0.43,421.5,0.35,308.0,0.44,390.51,0.34,253.0,0.45,858.0,0.59,120.72,0.62,80.0,0.58,409.0,0.63,180.0,0.57,421.5,0.64,343.8,0.56,390.51,0.65,308.0,0.55,858.0,0.66,253.0
2026-01-07 11:45:44.601000+00:00,2026-01-07 11:45:42.240032+00:00,44.601,0.395,0.39,0.4,0.605,0.6,0.61,105.0,15.0,15.0,105.0,0.38,95.0,0.41,110.72,0.37,155.0,0.42,419.0,0.36,353.8,0.43,431.5,0.35,308.0,0.44,390.51,0.34,253.0,0.45,858.0,0.59,110.72,0.62,95.0,0.58,419.0,0.63,155.0,0.57,431.5,0.64,353.8,0.56,390.51,0.65,308.0,0.55,858.0,0.66,253.0
2026-01-07 11:45:45.597000+00:00,2026-01-07 11:45:43.261746+00:00,45.597,0.405,0.4,0.41,0.595,0.59,0.6,6.88,188.72,188.72,6.88,0.39,554.0,0.42,409.0,0.38,150.0,0.43,441.5,0.37,115.0,0.44,390.51,0.36,333.8,0.45,858.0,0.35,308.0,0.46,374.0,0.58,409.0,0.61,554.0,0.57,441.5,0.62,150.0,0.56,390.51,0.63,115.0,0.55,858.0,0.64,333.8,0.54,374.0,0.65,308.0
2026-01-07 11:45:46.631000+00:00,2026-01-07 11:45:44.270249+00:00,46.631,0.4,0.39,0.41,0.6,0.59,0.61,514.0,179.32,169.32,514.0,0.38,125.0,0.42,399.0,0.37,80.0,0.43,461.5,0.36,333.8,0.44,400.51,0.35,308.0,0.45,858.0,0.34,288.0,0.46,420.0,0.58,399.0,0.62,125.0,0.57,461.5,0.63,80.0,0.56,400.51,0.64,333.8,0.55,858.0,0.65,308.0,0.54,420.0,0.66,288.0
2026-01-07 11:45:47.681000+00:00,2026-01-07 11:45:45.277929+00:00,47.681,0.395,0.39,0.4,0.605,0.6,0.61,504.0,70.0,70.0,474.0,0.38,65.0,0.41,141.32,0.37,80.0,0.42,399.0,0.36,333.8,0.43,481.5,0.35,308.0,0.44,400.51,0.34,288.0,0.45,858.0,0.59,141.32,0.62,65.0,0.58,399.0,0.63,80.0,0.57,481.5,0.64,333.8,0.56,400.51,0.65,308.0,0.55,858.0,0.66,288.0
2026-01-07 11:45:48.695000+00:00,2026-01-07 11:45:46.286336+00:00,48.695,0.395,0.39,0.4,0.605,0.6,0.61,484.0,58.34,46.46,484.0,0.38,85.0,0.41,141.32,0.37,80.0,0.42,399.0,0.36,105.0,0.43,530.5,0.35,125.0,0.44,400.51,0.34,313.0,0.45,858.0,0.59,141.32,0.62,85.0,0.58,399.0,0.63,80.0,0.57,530.5,0.64,105.0,0.56,400.51,0.65,125.0,0.55,858.0,0.66,313.0
2026-01-07 11:45:49.522000+00:00,2026-01-07 11:45:47.306274+00:00,49.522,0.395,0.39,0.4,0.605,0.6,0.61,398.0,41.46,41.46,398.0,0.38,110.0,0.41,151.32,0.37,90.0,0.42,449.0,0.36,105.0,0.43,480.5,0.35,125.0,0.44,390.51,0.34,313.0,0.45,858.0,0.59,151.32,0.62,110.0,0.58,449.0,0.63,90.0,0.57,480.5,0.64,105.0,0.56,390.51,0.65,125.0,0.55,858.0,0.66,313.0
2026-01-07 11:45:50.724000+00:00,2026-01-07 11:45:48.313060+00:00,50.724,0.395,0.39,0.4,0.605,0.6,0.61,463.0,13.73,13.73,463.0,0.38,45.0,0.41,136.32,0.37,80.0,0.42,404.0,0.36,105.0,0.43,481.5,0.35,125.0,0.44,400.51,0.34,362.0,0.45,858.0,0.59,136.32,0.62,55.0,0.58,404.0,0.63,80.0,0.57,481.5,0.64,105.0,0.56,400.51,0.65,125.0,0.55,858.0,0.66,362.0
2026-01-07 11:45:51.649000+00:00,2026-01-07 11:45:49.317243+00:00,51.649,0.405,0.4,0.41,0.6,0.59,0.61,10.0,136.32,136.32,463.0,0.39,463.0,0.42,404.0,0.38,55.0,0.43,481.5,0.37,80.0,0.44,400.51,0.36,105.0,0.45,858.0,0.35,125.0,0.46,420.0,0.58,404.0,0.62,55.0,0.57,481.5,0.63,80.0,0.56,400.51,0.64,105.0,0.55,858.0,0.65,125.0,0.54,420.0,0.66,362.0
2026-01-07 11:45:52.702000+00:00,2026-01-07 11:45:50.336974+00:00,52.702,0.4,0.39,0.41,0.6,0.59,0.61,463.0,105.84,120.84,463.0,0.38,55.0,0.42,404.0,0.37,80.0,0.43,481.5,0.36,105.0,0.44,400.51,0.35,125.0,0.45,903.0,0.34,362.0,0.46,411.5,0.58,429.0,0.62,55.0,0.57,481.5,0.63,80.0,0.56,400.51,0.64,105.0,0.55,903.0,0.65,125.0,0.54,411.5,0.66,362.0
2026-01-07 11:45:53.649000+00:00,2026-01-07 11:45:51.345889+00:00,53.649,0.4,0.39,0.41,0.6,0.59,0.61,403.0,107.91,107.91,403.0,0.38,105.0,0.42,429.0,0.37,90.0,0.43,451.5,0.36,105.0,0.44,390.51,0.35,125.0,0.45,858.0,0.34,362.0,0.46,457.5,0.58,429.0,0.62,105.0,0.57,451.5,0.63,90.0,0.56,390.51,0.64,105.0,0.55,858.0,0.65,125.0,0.54,457.5,0.66,362.0
2026-01-07 11:45:54.079000+00:00,2026-01-07 11:45:52.353200+00:00,54.079,0.4,0.39,0.41,0.6,0.59,0.61,438.0,85.0,90.0,304.88,0.38,80.0,0.42,454.0,0.37,115.0,0.43,426.5,0.36,105.0,0.44,390.51,0.35,125.0,0.45,858.0,0.34,327.0,0.46,492.5,0.58,479.0,0.62,80.0,0.57,436.5,0.63,105.0,0.56,390.51,0.64,105.0,0.55,858.0,0.65,125.0,0.54,492.5,0.66,327.0
2026-01-07 11:45:55.508000+00:00,2026-01-07 11:45:53.360255+00:00,55.508,0.395,0.39,0.4,0.605,0.6,0.61,294.88,198.0,203.0,299.88,0.38,80.0,0.41,270.0,0.37,105.0,0.42,454.0,0.36,105.0,0.43,436.5,0.35,125.0,0.44,390.51,0.34,327.0,0.45,858.0,0.59,270.0,0.62,80.0,0.58,454.0,0.63,105.0,0.57,436.5,0.64,105.0,0.56,390.51,0.65,125.0,0.55,858.0,0.66,327.0
2026-01-07 11:45:56.628000+00:00,2026-01-07 11:45:54.367920+00:00,56.628,0.39,0.38,0.4,0.61,0.6,0.62,20.0,268.0,268.0,35.0,0.37,55.0,0.41,283.0,0.36,44.2,0.42,454.0,0.35,60.0,0.43,421.5,0.34,313.0,0.44,390.51,0.33,303.0,0.45,419.0,0.59,283.0,0.63,85.0,0.58,474.0,0.64,44.2,0.57,431.5,0.65,60.0,0.56,390.51,0.66,313.0,0.55,419.0,0.67,303.0
2026-01-07 11:45:57.784000+00:00,2026-01-07 11:45:55.376280+00:00,57.784,0.39,0.38,0.4,0.61,0.6,0.62,70.0,222.12,222.12,70.0,0.37,60.0,0.41,333.0,0.36,69.2,0.42,449.0,0.35,60.0,0.43,431.5,0.34,313.0,0.44,390.51,0.33,268.0,0.45,454.0,0.59,333.0,0.63,60.0,0.58,449.0,0.64,69.2,0.57,431.5,0.65,60.0,0.56,390.51,0.66,313.0,0.55,454.0,0.67,268.0
2026-01-07 11:45:58.721000+00:00,2026-01-07 11:45:56.385913+00:00,58.721,0.39,0.38,0.4,0.61,0.6,0.62,70.0,252.12,252.12,70.0,0.37,60.0,0.41,308.0,0.36,69.2,0.42,474.0,0.35,60.0,0.43,431.5,0.34,313.0,0.44,390.51,0.33,268.0,0.45,419.0,0.59,308.0,0.63,60.0,0.58,474.0,0.64,69.2,0.57,431.5,0.65,60.0,0.56,390.51,0.66,313.0,0.55,419.0,0.67,268.0
2026-01-07 11:45:59.800000+00:00,2026-01-07 11:45:57.391201+00:00,59.8,0.385,0.38,0.39,0.615,0.61,0.62,55.0,5.0,5.0,10.0,0.37,60.0,0.4,253.12,0.36,69.2,0.41,313.0,0.35,125.0,0.42,444.0,0.34,313.0,0.43,421.5,0.33,268.0,0.44,390.51,0.6,228.12,0.63,65.0,0.59,323.0,0.64,79.2,0.58,444.0,0.65,20.0,0.57,386.5,0.66,278.0,0.56,355.51,0.67,268.0
2026-01-07 11:46:00.790000+00:00,2026-01-07 11:45:58.413685+00:00,60.79,0.365,0.36,0.37,0.635,0.63,0.64,34.2,203.0,203.0,34.2,0.35,55.0,0.38,283.0,0.34,55.0,0.39,404.0,0.33,120.0,0.4,812.12,0.32,55.0,0.41,414.0,0.31,363.0,0.42,414.0,0.62,283.0,0.65,55.0,0.61,404.0,0.66,55.0,0.6,812.12,0.67,120.0,0.59,414.0,0.68,55.0,0.58,414.0,0.69,363.0
2026-01-07 11:46:01.805000+00:00,2026-01-07 11:45:59.420468+00:00,61.805,0.355,0.35,0.36,0.645,0.64,0.65,23.66,61.0,61.0,23.66,0.34,133.0,0.38,285.15,0.33,80.0,0.39,424.0,0.32,60.0,0.4,812.12,0.31,110.0,0.41,414.0,0.3,364.0,0.42,414.0,0.62,259.15,0.66,143.0,0.61,414.0,0.67,70.0,0.6,812.12,0.68,60.0,0.59,414.0,0.69,110.0,0.58,414.0,0.7,364.0
2026-01-07 11:46:02.834000+00:00,2026-01-07 11:46:00.424507+00:00,62.834,0.35,0.34,0.36,0.655,0.65,0.66,46.66,78.0,5.0,46.66,0.33,15.0,0.37,10.0,0.32,25.0,0.38,299.15,0.31,110.0,0.39,429.0,0.3,399.0,0.4,812.12,0.29,333.0,0.41,429.0,0.64,78.0,0.67,55.0,0.63,10.0,0.68,35.0,0.62,299.15,0.69,110.0,0.61,429.0,0.7,399.0,0.6,812.12,0.71,368.0
2026-01-07 11:46:03.700000+00:00,2026-01-07 11:46:01.412275+00:00,63.7,0.355,0.35,0.36,0.645,0.64,0.65,30.0,68.66,68.66,40.0,0.34,56.66,0.37,10.0,0.33,75.0,0.38,329.15,0.32,35.0,0.39,439.0,0.31,180.0,0.4,832.12,0.3,482.0,0.41,389.0,0.63,10.0,0.66,56.66,0.62,329.15,0.67,75.0,0.61,429.0,0.68,35.0,0.6,832.12,0.69,180.0,0.59,389.0,0.7,482.0
2026-01-07 11:46:04.810000+00:00,2026-01-07 11:46:02.437120+00:00,64.81,0.355,0.35,0.36,0.64,0.63,0.65,5.0,68.66,52.15,5.0,0.34,93.66,0.37,213.0,0.33,514.0,0.38,334.15,0.32,35.0,0.39,459.0,0.31,180.0,0.4,363.12,0.3,399.0,0.41,379.0,0.62,344.15,0.66,93.66,0.61,414.0,0.67,514.0,0.6,328.12,0.68,25.0,0.59,379.0,0.69,145.0,0.58,379.0,0.7,364.0
2026-01-07 11:46:05.641000+00:00,2026-01-07 11:46:03.446202+00:00,65.641,0.355,0.35,0.36,0.655,0.65,0.66,40.0,20.0,141.0,23.66,0.34,103.66,0.37,112.15,0.33,504.0,0.38,344.15,0.32,60.0,0.39,404.0,0.31,200.0,0.4,363.12,0.3,364.0,0.41,414.0,0.64,236.0,0.67,20.0,0.63,692.15,0.68,25.0,0.62,299.15,0.69,150.0,0.61,409.0,0.7,324.0,0.6,363.12,0.71,298.0
2026-01-07 11:46:06.860000+00:00,2026-01-07 11:46:04.454386+00:00,66.86,0.325,0.32,0.33,0.675,0.67,0.68,218.0,24.34,29.34,248.0,0.31,246.6,0.34,183.0,0.3,848.0,0.35,61.0,0.29,489.0,0.36,116.0,0.28,558.0,0.37,25.0,0.27,449.0,0.38,55.0,0.66,183.0,0.69,221.6,0.65,96.0,0.7,848.0,0.64,91.0,0.71,489.0,0.63,60.0,0.72,593.0,0.62,45.0,0.73,449.0
2026-01-07 11:46:07.860000+00:00,2026-01-07 11:46:05.458440+00:00,67.86,0.325,0.32,0.33,0.675,0.67,0.68,30.0,80.0,80.0,30.0,0.31,183.0,0.34,40.0,0.3,304.0,0.35,96.0,0.29,298.0,0.36,237.0,0.28,409.0,0.37,278.0,0.27,414.0,0.38,313.0,0.66,40.0,0.69,183.0,0.65,96.0,0.7,304.0,0.64,237.0,0.71,298.0,0.63,339.0,0.72,409.0,0.62,374.0,0.73,414.0
2026-01-07 11:46:08.827000+00:00,2026-01-07 11:46:06.482039+00:00,68.827,0.325,0.32,0.33,0.675,0.67,0.68,17.06,100.0,100.0,17.06,0.31,449.0,0.34,65.0,0.3,314.0,0.35,96.0,0.29,308.0,0.36,237.0,0.28,288.0,0.37,409.0,0.27,507.0,0.38,374.0,0.66,65.0,0.69,449.0,0.65,96.0,0.7,314.0,0.64,237.0,0.71,303.0,0.63,409.0,0.72,288.0,0.62,374.0,0.73,507.0
2026-01-07 11:46:09.763000+00:00,2026-01-07 11:46:07.486746+00:00,69.763,0.325,0.32,0.33,0.675,0.67,0.68,17.06,100.0,65.0,17.06,0.31,454.0,0.34,135.0,0.3,354.0,0.35,166.0,0.29,323.4,0.36,307.0,0.28,288.0,0.37,409.0,0.27,414.0,0.38,374.0,0.66,115.0,0.69,469.0,0.65,166.0,0.7,324.0,0.64,307.0,0.71,323.4,0.63,409.0,0.72,288.0,0.62,374.0,0.73,414.0
2026-01-07 11:46:10.907000+00:00,2026-01-07 11:46:08.492796+00:00,70.907,0.325,0.32,0.33,0.675,0.67,0.68,32.06,83.0,63.0,32.06,0.31,479.0,0.34,125.0,0.3,314.0,0.35,166.0,0.29,393.4,0.36,297.0,0.28,358.0,0.37,858.0,0.27,484.0,0.38,374.0,0.66,135.0,0.69,489.0,0.65,181.0,0.7,294.0,0.64,297.0,0.71,413.4,0.63,858.0,0.72,358.0,0.62,374.0,0.73,484.0
2026-01-07 11:46:11.845000+00:00,2026-01-07 11:46:09.499208+00:00,71.845,0.325,0.32,0.33,0.675,0.67,0.68,52.06,48.93,48.93,67.06,0.31,499.0,0.34,90.0,0.3,294.0,0.35,231.0,0.29,413.4,0.36,297.0,0.28,447.0,0.37,858.0,0.27,363.0,0.38,374.0,0.66,80.0,0.69,449.0,0.65,166.0,0.7,294.0,0.64,327.0,0.71,413.4,0.63,868.0,0.72,447.0,0.62,374.0,0.73,363.0
2026-01-07 11:46:12.775000+00:00,2026-01-07 11:46:10.507519+00:00,72.775,0.325,0.32,0.33,0.675,0.67,0.68,92.06,24.62,21.58,80.76,0.31,632.0,0.34,80.0,0.3,329.0,0.35,105.0,0.29,388.4,0.36,362.0,0.28,469.0,0.37,868.0,0.27,484.0,0.38,374.0,0.66,80.0,0.69,632.0,0.65,105.0,0.7,329.0,0.64,362.0,0.71,388.4,0.63,868.0,0.72,469.0,0.62,374.0,0.73,484.0
2026-01-07 11:46:13.918000+00:00,2026-01-07 11:46:11.512723+00:00,73.918,0.325,0.32,0.33,0.675,0.67,0.68,21.34,21.58,21.58,11.34,0.31,662.0,0.34,100.0,0.3,334.0,0.35,150.0,0.29,383.4,0.36,297.0,0.28,469.0,0.37,858.0,0.27,484.0,0.38,374.0,0.66,110.0,0.69,672.0,0.65,150.0,0.7,334.0,0.64,297.0,0.71,383.4,0.63,409.0,0.72,469.0,0.62,374.0,0.73,484.0
2026-01-07 11:46:14.863000+00:00,2026-01-07 11:46:12.517653+00:00,74.863,0.315,0.31,0.32,0.685,0.68,0.69,464.0,5.0,5.0,464.0,0.3,479.0,0.33,56.58,0.29,393.4,0.34,130.0,0.28,383.0,0.35,237.0,0.27,363.0,0.36,287.0,0.26,600.0,0.37,409.0,0.67,56.58,0.7,479.0,0.66,140.0,0.71,393.4,0.65,227.0,0.72,383.0,0.64,287.0,0.73,363.0,0.63,409.0,0.74,504.0
2026-01-07 11:46:15.673000+00:00,2026-01-07 11:46:13.522493+00:00,75.673,0.305,0.3,0.31,0.695,0.69,0.7,148.15,45.0,50.0,148.15,0.29,150.4,0.32,110.0,0.28,160.0,0.33,323.0,0.27,268.0,0.34,409.0,0.26,479.0,0.35,409.0,0.25,413.0,0.36,701.0,0.68,110.0,0.71,150.4,0.67,323.0,0.72,160.0,0.66,409.0,0.73,268.0,0.65,409.0,0.74,479.0,0.64,701.0,0.75,413.0
2026-01-07 11:46:16.876000+00:00,2026-01-07 11:46:14.540824+00:00,76.876,0.305,0.3,0.31,0.695,0.69,0.7,148.15,44.95,29.95,148.15,0.29,160.4,0.32,85.0,0.28,160.0,0.33,323.0,0.27,278.0,0.34,409.0,0.26,479.0,0.35,409.0,0.25,413.0,0.36,701.0,0.68,85.0,0.71,160.4,0.67,323.0,0.72,160.0,0.66,409.0,0.73,278.0,0.65,409.0,0.74,479.0,0.64,701.0,0.75,413.0
2026-01-07 11:46:17.956000+00:00,2026-01-07 11:46:15.549246+00:00,77.956,0.305,0.3,0.31,0.695,0.69,0.7,136.85,39.95,39.95,136.85,0.29,135.0,0.32,180.0,0.28,160.0,0.33,323.0,0.27,278.0,0.34,409.0,0.26,479.0,0.35,409.0,0.25,413.0,0.36,701.0,0.68,180.0,0.71,135.0,0.67,323.0,0.72,181.5,0.66,409.0,0.73,371.0,0.65,409.0,0.74,383.0,0.64,701.0,0.75,413.0
2026-01-07 11:46:18.927000+00:00,2026-01-07 11:46:16.555007+00:00,78.927,0.305,0.3,0.31,0.695,0.69,0.7,134.7,106.72,106.72,134.7,0.29,135.0,0.32,175.0,0.28,630.5,0.33,323.0,0.27,348.0,0.34,409.0,0.26,383.0,0.35,414.0,0.25,513.0,0.36,252.0,0.68,175.0,0.71,135.0,0.67,323.0,0.72,630.5,0.66,409.0,0.73,348.0,0.65,414.0,0.74,383.0,0.64,252.0,0.75,513.0
2026-01-07 11:46:19.772000+00:00,2026-01-07 11:46:17.560332+00:00,79.772,0.305,0.3,0.31,0.695,0.69,0.7,134.7,96.72,96.72,134.7,0.29,135.0,0.32,175.0,0.28,630.5,0.33,323.0,0.27,348.0,0.34,409.0,0.26,383.0,0.35,414.0,0.25,513.0,0.36,252.0,0.68,175.0,0.71,135.0,0.67,323.0,0.72,630.5,0.66,409.0,0.73,348.0,0.65,414.0,0.74,383.0,0.64,252.0,0.75,413.0
2026-01-07 11:46:20.984000+00:00,2026-01-07 11:46:18.565545+00:00,80.984,0.305,0.3,0.31,0.695,0.69,0.7,213.15,96.72,96.6,173.15,0.29,125.0,0.32,125.0,0.28,722.5,0.33,328.0,0.27,431.0,0.34,454.0,0.26,383.0,0.35,414.0,0.25,534.0,0.36,252.0,0.68,125.0,0.71,125.0,0.67,328.0,0.72,722.5,0.66,454.0,0.73,431.0,0.65,414.0,0.74,383.0,0.64,252.0,0.75,534.0
2026-01-07 11:46:21.950000+00:00,2026-01-07 11:46:19.572133+00:00,81.95,0.305,0.3,0.31,0.695,0.69,0.7,143.15,93.37,93.37,143.15,0.29,145.0,0.32,190.0,0.28,873.5,0.33,313.0,0.27,431.0,0.34,419.0,0.26,383.0,0.35,414.0,0.25,534.0,0.36,252.0,0.68,200.0,0.71,145.0,0.67,313.0,0.72,873.5,0.66,419.0,0.73,431.0,0.65,414.0,0.74,383.0,0.64,252.0,0.75,534.0
2026-01-07 11:46:22.882000+00:00,2026-01-07 11:46:20.579638+00:00,82.882,0.305,0.3,0.31,0.695,0.69,0.7,173.15,93.37,93.37,173.15,0.29,155.0,0.32,175.0,0.28,962.5,0.33,323.0,0.27,338.0,0.34,858.0,0.26,383.0,0.35,414.0,0.25,534.0,0.36,252.0,0.68,175.0,0.71,155.0,0.67,323.0,0.72,962.5,0.66,858.0,0.73,338.0,0.65,414.0,0.74,383.0,0.64,252.0,0.75,534.0
2026-01-07 11:46:23.951000+00:00,2026-01-07 11:46:21.584408+00:00,83.951,0.315,0.31,0.32,0.685,0.68,0.69,237.0,45.0,45.0,237.0,0.3,453.95,0.33,218.0,0.29,297.0,0.34,364.0,0.28,404.5,0.35,449.0,0.27,484.0,0.36,287.0,0.26,504.0,0.37,409.0,0.67,35.0,0.7,448.95,0.66,60.0,0.71,297.0,0.65,449.0,0.72,404.5,0.64,287.0,0.73,484.0,0.63,409.0,0.74,504.0
2026-01-07 11:46:24.920000+00:00,2026-01-07 11:46:22.588898+00:00,84.92,0.335,0.33,0.34,0.665,0.66,0.67,65.0,35.0,35.0,45.0,0.32,5.0,0.35,85.0,0.31,238.0,0.36,226.0,0.3,336.35,0.37,409.0,0.29,368.0,0.38,409.0,0.28,489.0,0.39,374.0,0.65,85.0,0.68,5.0,0.64,226.0,0.69,238.0,0.63,409.0,0.7,336.35,0.62,409.0,0.71,368.0,0.61,374.0,0.72,489.0
2026-01-07 11:46:25.860000+00:00,2026-01-07 11:46:23.593425+00:00,85.86,0.335,0.33,0.34,0.665,0.66,0.67,35.0,35.0,45.0,35.0,0.32,40.0,0.35,120.0,0.31,248.0,0.36,409.0,0.3,336.35,0.37,409.0,0.29,368.0,0.38,409.0,0.28,489.0,0.39,374.0,0.65,150.0,0.68,40.0,0.64,419.0,0.69,248.0,0.63,409.0,0.7,336.35,0.62,409.0,0.71,368.0,0.61,374.0,0.72,489.0
2026-01-07 11:46:26.957000+00:00,2026-01-07 11:46:24.614546+00:00,86.957,0.335,0.33,0.34,0.665,0.66,0.67,35.0,70.0,70.0,35.0,0.32,75.0,0.35,165.0,0.31,30.0,0.36,419.0,0.3,364.15,0.37,409.0,0.29,368.0,0.38,409.0,0.28,492.0,0.39,374.0,0.65,165.0,0.68,75.0,0.64,419.0,0.69,30.0,0.63,409.0,0.7,364.15,0.62,409.0,0.71,368.0,0.61,374.0,0.72,492.0
2026-01-07 11:46:27.868000+00:00,2026-01-07 11:46:25.638106+00:00,87.868,0.335,0.33,0.34,0.665,0.66,0.67,30.0,65.0,50.0,30.0,0.32,40.0,0.35,145.0,0.31,70.0,0.36,384.0,0.3,893.15,0.37,409.0,0.29,368.0,0.38,409.0,0.28,492.0,0.39,409.0,0.65,145.0,0.68,40.0,0.64,384.0,0.69,70.0,0.63,409.0,0.7,893.15,0.62,409.0,0.71,368.0,0.61,409.0,0.72,492.0
2026-01-07 11:46:29.965000+00:00,2026-01-07 11:46:27.648243+00:00,89.965,0.335,0.33,0.34,0.665,0.66,0.67,30.0,65.0,65.0,30.0,0.32,50.0,0.35,343.0,0.31,50.0,0.36,384.0,0.3,692.95,0.37,409.0,0.29,368.0,0.38,409.0,0.28,403.0,0.39,409.0,0.65,343.0,0.68,50.0,0.64,384.0,0.69,50.0,0.63,409.0,0.7,702.95,0.62,409.0,0.71,368.0,0.61,409.0,0.72,383.0
2026-01-07 11:46:31.883000+00:00,2026-01-07 11:46:29.656469+00:00,91.883,0.335,0.33,0.34,0.665,0.66,0.67,30.0,50.0,40.0,30.0,0.32,35.0,0.35,313.0,0.31,135.0,0.36,833.0,0.3,692.95,0.37,409.0,0.29,398.0,0.38,409.0,0.28,404.3,0.39,409.0,0.65,313.0,0.68,35.0,0.64,833.0,0.69,135.0,0.63,409.0,0.7,692.95,0.62,409.0,0.71,398.0,0.61,409.0,0.72,404.3
2026-01-07 11:46:33.907000+00:00,2026-01-07 11:46:31.687508+00:00,93.907,0.335,0.33,0.34,0.665,0.66,0.67,27.01,31.2,25.2,27.01,0.32,70.0,0.35,348.0,0.31,110.0,0.36,833.0,0.3,692.95,0.37,409.0,0.29,388.0,0.38,409.0,0.28,404.3,0.39,409.0,0.65,348.0,0.68,70.0,0.64,833.0,0.69,110.0,0.63,409.0,0.7,692.95,0.62,409.0,0.71,388.0,0.61,409.0,0.72,404.3
2026-01-07 11:46:35.959000+00:00,2026-01-07 11:46:33.699110+00:00,95.959,0.335,0.33,0.34,0.665,0.66,0.67,25.51,45.2,45.2,25.51,0.32,70.0,0.35,348.0,0.31,130.0,0.36,833.0,0.3,672.95,0.37,409.0,0.29,388.0,0.38,409.0,0.28,404.3,0.39,409.0,0.65,348.0,0.68,70.0,0.64,833.0,0.69,130.0,0.63,409.0,0.7,672.95,0.62,409.0,0.71,388.0,0.61,409.0,0.72,404.3
2026-01-07 11:46:36.945000+00:00,2026-01-07 11:46:34.705123+00:00,96.945,0.335,0.33,0.34,0.665,0.66,0.67,25.51,42.25,42.25,25.51,0.32,70.0,0.35,358.0,0.31,130.0,0.36,833.0,0.3,672.95,0.37,409.0,0.29,388.0,0.38,409.0,0.28,404.3,0.39,409.0,0.65,358.0,0.68,70.0,0.64,833.0,0.69,130.0,0.63,409.0,0.7,672.95,0.62,409.0,0.71,388.0,0.61,409.0,0.72,404.3
2026-01-07 11:46:38.126000+00:00,2026-01-07 11:46:35.711824+00:00,98.126,0.335,0.33,0.34,0.67,0.66,0.68,25.51,95.0,95.0,14.47,0.32,35.0,0.35,439.0,0.31,85.0,0.36,833.0,0.3,732.95,0.37,409.0,0.29,398.0,0.38,409.0,0.28,404.3,0.39,409.0,0.65,439.0,0.69,85.0,0.64,833.0,0.7,732.95,0.63,409.0,0.71,408.0,0.62,409.0,0.72,404.3,0.61,409.0,0.73,328.0
2026-01-07 11:46:39.123000+00:00,2026-01-07 11:46:36.728971+00:00,99.123,0.32,0.31,0.33,0.6799999999999999,0.67,0.69,110.0,37.01,47.01,110.0,0.3,707.95,0.34,267.0,0.29,408.0,0.35,389.0,0.28,404.3,0.36,858.0,0.27,363.0,0.37,409.0,0.26,444.0,0.38,409.0,0.66,328.0,0.7,707.95,0.65,389.0,0.71,225.0,0.64,858.0,0.72,404.3,0.63,409.0,0.73,363.0,0.62,409.0,0.74,444.0
2026-01-07 11:46:40.998000+00:00,2026-01-07 11:46:38.726618+00:00,100.998,0.315,0.31,0.32,0.685,0.68,0.69,80.0,21.75,21.75,80.0,0.3,687.95,0.33,50.01,0.29,228.4,0.34,278.0,0.28,383.0,0.35,414.0,0.27,363.0,0.36,858.0,0.26,444.0,0.37,409.0,0.67,50.01,0.7,687.95,0.66,278.0,0.71,228.4,0.65,414.0,0.72,383.0,0.64,858.0,0.73,363.0,0.63,409.0,0.74,444.0
2026-01-07 11:46:42.158000+00:00,2026-01-07 11:46:39.748086+00:00,102.158,0.315,0.31,0.32,0.685,0.68,0.69,80.0,10.62,10.62,70.0,0.3,687.95,0.33,97.01,0.29,223.4,0.34,348.0,0.28,383.0,0.35,404.0,0.27,363.0,0.36,858.0,0.26,444.0,0.37,409.0,0.67,107.01,0.7,692.95,0.66,348.0,0.71,223.4,0.65,399.0,0.72,383.0,0.64,858.0,0.73,363.0,0.63,409.0,0.74,444.0
2026-01-07 11:46:43.122000+00:00,2026-01-07 11:46:40.751680+00:00,103.122,0.315,0.31,0.32,0.685,0.68,0.69,40.0,10.62,10.62,40.0,0.3,712.95,0.33,127.01,0.29,233.4,0.34,378.0,0.28,383.0,0.35,389.0,0.27,363.0,0.36,858.0,0.26,444.0,0.37,409.0,0.67,127.01,0.7,712.95,0.66,348.0,0.71,243.4,0.65,389.0,0.72,383.0,0.64,858.0,0.73,363.0,0.63,409.0,0.74,444.0
2026-01-07 11:46:44.158000+00:00,2026-01-07 11:46:41.757820+00:00,104.158,0.315,0.31,0.32,0.685,0.68,0.69,70.0,10.62,10.62,75.0,0.3,702.95,0.33,97.01,0.29,223.4,0.34,338.0,0.28,383.0,0.35,419.0,0.27,363.0,0.36,858.0,0.26,444.0,0.37,409.0,0.67,97.01,0.7,652.95,0.66,288.0,0.71,223.4,0.65,399.0,0.72,383.0,0.64,893.0,0.73,363.0,0.63,409.0,0.74,348.0
2026-01-07 11:46:45.099000+00:00,2026-01-07 11:46:42.763554+00:00,105.099,0.325,0.32,0.33,0.675,0.67,0.68,83.0,117.01,117.01,83.0,0.31,55.0,0.34,288.0,0.3,652.95,0.35,419.0,0.29,223.4,0.36,928.0,0.28,383.0,0.37,409.0,0.27,456.0,0.38,409.0,0.66,288.0,0.69,55.0,0.65,419.0,0.7,652.95,0.64,928.0,0.71,223.4,0.63,409.0,0.72,383.0,0.62,409.0,0.73,456.0
2026-01-07 11:46:46.909000+00:00,2026-01-07 11:46:44.776029+00:00,106.909,0.315,0.31,0.32,0.685,0.68,0.69,50.0,65.0,50.0,19.78,0.3,657.95,0.33,170.01,0.29,263.4,0.34,303.0,0.28,423.0,0.35,389.0,0.27,363.0,0.36,858.0,0.26,348.0,0.37,409.0,0.67,170.01,0.7,657.95,0.66,303.0,0.71,263.4,0.65,389.0,0.72,423.0,0.64,858.0,0.73,363.0,0.63,409.0,0.74,348.0
2026-01-07 11:46:48.131000+00:00,2026-01-07 11:46:45.779913+00:00,108.131,0.325,0.32,0.33,0.675,0.67,0.68,60.0,47.01,47.01,60.0,0.31,238.0,0.34,115.0,0.3,835.95,0.35,125.0,0.29,406.4,0.36,725.0,0.28,363.0,0.37,409.0,0.27,484.0,0.38,409.0,0.66,115.0,0.69,238.0,0.65,125.0,0.7,835.95,0.64,725.0,0.71,406.4,0.63,409.0,0.72,363.0,0.62,409.0,0.73,484.0
2026-01-07 11:46:49.177000+00:00,2026-01-07 11:46:46.789061+00:00,109.177,0.325,0.32,0.33,0.675,0.67,0.68,100.0,47.01,47.01,100.0,0.31,238.0,0.34,105.0,0.3,835.95,0.35,125.0,0.29,406.4,0.36,735.0,0.28,363.0,0.37,409.0,0.27,484.0,0.38,409.0,0.66,35.0,0.69,308.0,0.65,125.0,0.7,386.95,0.64,735.0,0.71,406.4,0.63,409.0,0.72,363.0,0.62,409.0,0.73,484.0
2026-01-07 11:46:50.137000+00:00,2026-01-07 11:46:47.811928+00:00,110.137,0.335,0.33,0.34,0.665,0.66,0.67,20.0,55.0,55.0,20.0,0.32,73.0,0.35,125.0,0.31,308.0,0.36,614.0,0.3,386.95,0.37,409.0,0.29,386.4,0.38,409.0,0.28,363.0,0.39,374.0,0.65,125.0,0.68,63.0,0.64,604.0,0.69,308.0,0.63,409.0,0.7,386.95,0.62,409.0,0.71,406.4,0.61,374.0,0.72,363.0
2026-01-07 11:46:51.094000+00:00,2026-01-07 11:46:48.819524+00:00,111.094,0.33,0.32,0.34,0.67,0.66,0.68,20.0,100.0,100.0,20.0,0.31,259.72,0.35,170.0,0.3,386.95,0.36,554.0,0.29,406.4,0.37,409.0,0.28,363.0,0.38,409.0,0.27,484.0,0.39,374.0,0.65,170.0,0.69,259.72,0.64,554.0,0.7,386.95,0.63,409.0,0.71,406.4,0.62,409.0,0.72,363.0,0.61,374.0,0.73,484.0
2026-01-07 11:46:52.213000+00:00,2026-01-07 11:46:49.820996+00:00,112.213,0.315,0.31,0.32,0.685,0.68,0.69,10.0,55.0,55.0,10.0,0.3,173.95,0.33,202.0,0.29,652.4,0.34,404.0,0.28,210.0,0.35,414.0,0.27,373.0,0.36,858.0,0.26,383.0,0.37,409.0,0.67,202.0,0.7,173.95,0.66,404.0,0.71,652.4,0.65,414.0,0.72,220.0,0.64,858.0,0.73,373.0,0.63,409.0,0.74,383.0
2026-01-07 11:46:53.189000+00:00,2026-01-07 11:46:50.829329+00:00,113.189,0.315,0.31,0.32,0.69,0.68,0.7,10.0,824.31,894.31,38.95,0.3,123.95,0.33,344.0,0.26,203.0,0.34,467.0,0.25,533.0,0.35,414.0,0.24,414.0,0.36,374.0,0.23,449.0,0.37,374.0,0.67,414.0,0.74,20.0,0.66,467.0,0.75,350.0,0.65,414.0,0.76,110.0,0.64,374.0,0.77,145.0,0.63,374.0,0.78,140.0
2026-01-07 11:46:54.226000+00:00,2026-01-07 11:46:51.837128+00:00,114.226,0.255,0.25,0.26,0.745,0.74,0.75,350.0,183.0,183.0,350.0,0.24,110.0,0.27,288.0,0.23,190.0,0.28,354.0,0.22,115.0,0.29,339.0,0.21,293.0,0.3,339.0,0.2,629.0,0.31,340.0,0.73,288.0,0.76,110.0,0.72,354.0,0.77,190.0,0.71,339.0,0.78,115.0,0.7,339.0,0.79,293.0,0.69,340.0,0.8,629.0
2026-01-07 11:46:55.259000+00:00,2026-01-07 11:46:52.844702+00:00,115.259,0.26,0.25,0.27,0.745,0.74,0.75,365.3,189.89,20.0,370.3,0.24,150.0,0.28,329.0,0.23,115.0,0.29,339.0,0.22,130.0,0.3,339.0,0.21,293.0,0.31,375.0,0.2,508.0,0.32,925.5,0.73,189.89,0.76,190.0,0.72,329.0,0.77,125.0,0.71,339.0,0.78,130.0,0.7,339.0,0.79,293.0,0.69,375.0,0.8,508.0
2026-01-07 11:46:56.239000+00:00,2026-01-07 11:46:53.853447+00:00,116.239,0.255,0.25,0.26,0.745,0.74,0.75,365.3,38.81,38.81,365.3,0.24,65.0,0.27,181.0,0.23,235.0,0.28,319.0,0.22,220.0,0.29,339.0,0.21,363.0,0.3,339.0,0.2,578.0,0.31,375.0,0.73,181.0,0.76,135.0,0.72,319.0,0.77,235.0,0.71,339.0,0.78,220.0,0.7,339.0,0.79,363.0,0.69,375.0,0.8,578.0
2026-01-07 11:46:57.244000+00:00,2026-01-07 11:46:54.874063+00:00,117.244,0.255,0.25,0.26,0.745,0.74,0.75,365.3,12.62,12.62,365.3,0.24,190.0,0.27,191.0,0.23,644.0,0.28,329.0,0.22,200.0,0.29,339.0,0.21,363.0,0.3,339.0,0.2,578.0,0.31,375.0,0.73,181.0,0.76,190.0,0.72,339.0,0.77,644.0,0.71,339.0,0.78,200.0,0.7,339.0,0.79,363.0,0.69,339.0,0.8,578.0
2026-01-07 11:46:58.137000+00:00,2026-01-07 11:46:55.881664+00:00,118.137,0.255,0.25,0.26,0.745,0.74,0.75,363.56,11.43,11.43,363.56,0.24,190.0,0.27,181.0,0.23,644.0,0.28,409.0,0.22,200.0,0.29,409.0,0.21,363.0,0.3,409.0,0.2,578.0,0.31,409.0,0.73,181.0,0.76,190.0,0.72,409.0,0.77,644.0,0.71,409.0,0.78,200.0,0.7,427.0,0.79,363.0,0.69,409.0,0.8,578.0
2026-01-07 11:46:59.141000+00:00,2026-01-07 11:46:56.885756+00:00,119.141,0.255,0.25,0.26,0.745,0.74,0.75,363.56,10.24,10.24,363.56,0.24,190.0,0.27,171.0,0.23,644.0,0.28,419.0,0.22,200.0,0.29,409.0,0.21,363.0,0.3,427.0,0.2,578.0,0.31,409.0,0.73,241.0,0.76,190.0,0.72,419.0,0.77,644.0,0.71,409.0,0.78,200.0,0.7,427.0,0.79,363.0,0.69,409.0,0.8,578.0
2026-01-07 11:47:00.280000+00:00,2026-01-07 11:46:57.892993+00:00,120.28,0.255,0.25,0.26,0.745,0.74,0.75,392.22,6.39,6.39,392.22,0.24,170.0,0.27,201.0,0.23,634.0,0.28,459.0,0.22,200.0,0.29,858.0,0.21,363.0,0.3,427.0,0.2,578.0,0.31,409.0,0.73,201.0,0.76,170.0,0.72,459.0,0.77,634.0,0.71,858.0,0.78,200.0,0.7,427.0,0.79,363.0,0.69,409.0,0.8,578.0
2026-01-07 11:47:01.275000+00:00,2026-01-07 11:46:58.898666+00:00,121.275,0.265,0.26,0.27,0.735,0.73,0.74,45.0,25.0,25.0,45.0,0.25,640.22,0.29,35.0,0.24,762.0,0.3,219.0,0.23,363.0,0.31,459.0,0.22,383.0,0.32,541.5,0.21,328.0,0.33,409.0,0.71,35.0,0.75,640.22,0.7,219.0,0.76,762.0,0.69,459.0,0.77,363.0,0.68,546.5,0.78,383.0,0.67,409.0,0.79,328.0
2026-01-07 11:47:02.120000+00:00,2026-01-07 11:46:59.919423+00:00,122.12,0.265,0.26,0.27,0.735,0.73,0.74,45.0,15.0,15.0,73.0,0.25,620.22,0.29,35.0,0.24,762.0,0.3,219.0,0.23,363.0,0.31,459.0,0.22,383.0,0.32,546.5,0.21,328.0,0.33,409.0,0.71,35.0,0.75,620.22,0.7,219.0,0.76,762.0,0.69,459.0,0.77,363.0,0.68,526.5,0.78,383.0,0.67,409.0,0.79,328.0
2026-01-07 11:47:03.310000+00:00,2026-01-07 11:47:00.927877+00:00,123.31,0.265,0.26,0.27,0.735,0.73,0.74,110.28,15.0,15.0,125.28,0.25,630.22,0.29,105.0,0.24,762.0,0.3,421.0,0.23,363.0,0.31,414.0,0.22,383.0,0.32,511.5,0.21,328.0,0.33,446.0,0.71,105.0,0.75,447.22,0.7,482.0,0.76,762.0,0.69,414.0,0.77,363.0,0.68,511.5,0.78,383.0,0.67,446.0,0.79,328.0
2026-01-07 11:47:04.310000+00:00,2026-01-07 11:47:01.949712+00:00,124.31,0.265,0.26,0.27,0.735,0.73,0.74,125.28,15.0,15.0,125.28,0.25,447.22,0.29,145.0,0.24,762.0,0.3,442.0,0.23,363.0,0.31,414.0,0.22,383.0,0.32,511.5,0.21,328.0,0.33,446.0,0.71,145.0,0.75,447.22,0.7,442.0,0.76,762.0,0.69,414.0,0.77,363.0,0.68,511.5,0.78,383.0,0.67,446.0,0.79,328.0
2026-01-07 11:47:05.365000+00:00,2026-01-07 11:47:02.957916+00:00,125.365,0.275,0.27,0.28,0.725,0.72,0.73,20.0,35.0,35.0,20.0,0.26,78.0,0.29,130.0,0.25,456.92,0.3,499.1,0.24,288.0,0.31,899.0,0.23,363.0,0.32,511.5,0.22,383.0,0.33,374.0,0.71,130.0,0.74,78.0,0.7,499.1,0.75,456.92,0.69,863.0,0.76,288.0,0.68,548.5,0.77,363.0,0.67,374.0,0.78,383.0
2026-01-07 11:47:06.378000+00:00,2026-01-07 11:47:03.977195+00:00,126.378,0.275,0.27,0.28,0.725,0.72,0.73,18.75,65.0,65.0,15.0,0.26,48.0,0.29,140.0,0.25,486.92,0.3,499.1,0.24,288.0,0.31,858.0,0.23,363.0,0.32,548.5,0.22,383.0,0.33,374.0,0.71,140.0,0.74,48.0,0.7,493.0,0.75,476.92,0.69,964.37,0.76,288.0,0.68,560.5,0.77,363.0,0.67,374.0,0.78,383.0
2026-01-07 11:47:07.397000+00:00,2026-01-07 11:47:04.998654+00:00,127.397,0.265,0.26,0.27,0.735,0.73,0.74,24.7,70.0,70.0,24.7,0.25,451.92,0.28,55.0,0.24,288.0,0.29,95.0,0.23,398.0,0.3,427.0,0.22,433.0,0.31,1000.37,0.21,383.0,0.32,511.5,0.72,55.0,0.75,451.92,0.71,95.0,0.76,288.0,0.7,427.0,0.77,398.0,0.69,1000.37,0.78,433.0,0.68,511.5,0.79,383.0
2026-01-07 11:47:08.360000+00:00,2026-01-07 11:47:06.003942+00:00,128.36,0.27,0.26,0.28,0.73,0.72,0.74,29.7,100.0,100.0,29.7,0.25,501.92,0.29,120.0,0.24,308.0,0.3,427.0,0.23,363.0,0.31,1000.37,0.22,383.0,0.32,511.5,0.21,383.0,0.33,374.0,0.71,130.0,0.75,511.92,0.7,427.0,0.76,308.0,0.69,1000.37,0.77,363.0,0.68,511.5,0.78,383.0,0.67,374.0,0.79,383.0
2026-01-07 11:47:09.315000+00:00,2026-01-07 11:47:07.017471+00:00,129.315,0.275,0.27,0.28,0.725,0.72,0.73,45.0,60.0,60.0,45.0,0.26,48.0,0.29,80.0,0.25,461.92,0.3,502.0,0.24,737.0,0.31,989.37,0.23,363.0,0.32,548.5,0.22,383.0,0.33,423.0,0.71,80.0,0.74,48.0,0.7,502.0,0.75,461.92,0.69,989.37,0.76,737.0,0.68,548.5,0.77,363.0,0.67,423.0,0.78,383.0
2026-01-07 11:47:10.342000+00:00,2026-01-07 11:47:08.022911+00:00,130.342,0.275,0.27,0.28,0.725,0.72,0.73,15.0,50.0,50.0,15.0,0.26,73.0,0.29,110.0,0.25,471.92,0.3,487.0,0.24,737.0,0.31,974.37,0.23,363.0,0.32,548.5,0.22,383.0,0.33,423.0,0.71,110.0,0.74,73.0,0.7,487.0,0.75,471.92,0.69,1010.37,0.76,737.0,0.68,511.5,0.77,363.0,0.67,423.0,0.78,383.0
2026-01-07 11:47:11.442000+00:00,2026-01-07 11:47:09.029735+00:00,131.442,0.275,0.27,0.28,0.725,0.72,0.73,5.0,50.0,50.0,5.0,0.26,63.0,0.29,160.0,0.25,491.92,0.3,447.0,0.24,737.0,0.31,964.37,0.23,381.6,0.32,548.5,0.22,383.0,0.33,374.0,0.71,160.0,0.74,63.0,0.7,447.0,0.75,491.92,0.69,964.37,0.76,737.0,0.68,548.5,0.77,381.6,0.67,374.0,0.78,383.0
2026-01-07 11:47:12.441000+00:00,2026-01-07 11:47:10.033628+00:00,132.441,0.275,0.27,0.28,0.725,0.72,0.73,5.0,60.0,60.0,5.0,0.26,53.0,0.29,165.0,0.25,501.92,0.3,427.0,0.24,737.0,0.31,964.37,0.23,381.6,0.32,548.5,0.22,383.0,0.33,374.0,0.71,165.0,0.74,53.0,0.7,432.0,0.75,501.92,0.69,964.37,0.76,737.0,0.68,548.5,0.77,381.6,0.67,374.0,0.78,383.0
2026-01-07 11:47:13.419000+00:00,2026-01-07 11:47:11.021200+00:00,133.419,0.27,0.26,0.28,0.735,0.72,0.75,43.0,30.0,55.0,10.0,0.25,456.92,0.29,150.0,0.24,772.0,0.3,402.0,0.23,383.2,0.31,964.37,0.22,403.0,0.32,511.5,0.21,328.0,0.33,446.0,0.71,383.0,0.76,470.03,0.7,402.0,0.77,383.2,0.69,964.37,0.78,403.0,0.68,511.5,0.79,328.0,0.67,446.0,0.8,664.0
2026-01-07 11:47:14.332000+00:00,2026-01-07 11:47:12.027073+00:00,134.332,0.265,0.26,0.27,0.735,0.73,0.74,30.0,30.0,30.0,30.0,0.25,65.0,0.28,96.42,0.24,445.03,0.29,529.0,0.23,313.2,0.3,397.0,0.22,333.0,0.31,515.37,0.21,293.0,0.32,476.5,0.72,96.42,0.75,70.0,0.71,529.0,0.76,445.03,0.7,397.0,0.77,313.2,0.69,515.37,0.78,333.0,0.68,476.5,0.79,293.0
2026-01-07 11:47:15.427000+00:00,2026-01-07 11:47:13.035667+00:00,135.427,0.27,0.26,0.28,0.735,0.73,0.74,25.0,141.42,35.0,15.0,0.25,50.0,0.29,489.0,0.24,455.03,0.3,437.0,0.23,313.2,0.31,515.37,0.22,333.0,0.32,511.5,0.21,293.0,0.33,411.0,0.72,151.42,0.75,50.0,0.71,504.0,0.76,475.03,0.7,427.0,0.77,313.2,0.69,515.37,0.78,333.0,0.68,476.5,0.79,293.0
2026-01-07 11:47:16.408000+00:00,2026-01-07 11:47:14.041217+00:00,136.408,0.255,0.25,0.26,0.745,0.74,0.75,55.0,5.0,5.0,55.0,0.24,465.03,0.27,90.0,0.23,343.2,0.28,131.42,0.22,333.0,0.29,479.0,0.21,293.0,0.3,427.0,0.2,594.0,0.31,409.0,0.73,90.0,0.76,465.03,0.72,131.42,0.77,343.2,0.71,479.0,0.78,333.0,0.7,427.0,0.79,293.0,0.69,409.0,0.8,594.0
2026-01-07 11:47:17.417000+00:00,2026-01-07 11:47:15.060641+00:00,137.417,0.255,0.25,0.26,0.745,0.74,0.75,5.0,40.0,40.0,5.0,0.24,291.9,0.27,140.0,0.23,343.2,0.28,226.42,0.22,318.0,0.29,409.0,0.21,293.0,0.3,427.0,0.2,629.0,0.31,374.0,0.73,140.0,0.76,336.9,0.72,231.42,0.77,343.2,0.71,409.0,0.78,318.0,0.7,427.0,0.79,293.0,0.69,374.0,0.8,629.0
2026-01-07 11:47:18.477000+00:00,2026-01-07 11:47:16.068763+00:00,138.477,0.255,0.25,0.26,0.745,0.74,0.75,15.0,65.0,65.0,15.0,0.24,336.9,0.27,120.0,0.23,353.2,0.28,215.0,0.22,308.0,0.29,409.0,0.21,293.0,0.3,876.0,0.2,629.0,0.31,374.0,0.73,130.0,0.76,336.9,0.72,225.0,0.77,343.2,0.71,409.0,0.78,318.0,0.7,876.0,0.79,293.0,0.69,374.0,0.8,629.0
2026-01-07 11:47:19.423000+00:00,2026-01-07 11:47:17.061979+00:00,139.423,0.255,0.25,0.26,0.745,0.74,0.75,20.0,130.0,130.0,20.0,0.24,336.9,0.27,130.0,0.23,343.2,0.28,155.0,0.22,298.0,0.29,409.0,0.21,293.0,0.3,876.0,0.2,649.0,0.31,374.0,0.73,130.0,0.76,336.9,0.72,155.0,0.77,343.2,0.71,409.0,0.78,298.0,0.7,876.0,0.79,293.0,0.69,374.0,0.8,649.0
2026-01-07 11:47:20.401000+00:00,2026-01-07 11:47:18.066257+00:00,140.401,0.245,0.24,0.25,0.755,0.75,0.76,316.9,35.0,35.0,316.9,0.23,313.2,0.26,165.0,0.22,338.0,0.27,215.0,0.21,323.0,0.28,105.0,0.2,649.0,0.29,409.0,0.19,585.47,0.3,841.0,0.74,165.0,0.77,313.2,0.73,215.0,0.78,338.0,0.72,105.0,0.79,323.0,0.71,409.0,0.8,649.0,0.7,841.0,0.81,585.47
2026-01-07 11:47:21.500000+00:00,2026-01-07 11:47:19.089482+00:00,141.5,0.255,0.25,0.26,0.745,0.74,0.75,20.0,118.46,118.46,20.0,0.24,326.9,0.27,210.0,0.23,170.2,0.28,328.0,0.22,298.0,0.29,409.0,0.21,293.0,0.3,876.0,0.2,774.0,0.31,374.0,0.73,210.0,0.76,326.9,0.72,328.0,0.77,170.2,0.71,409.0,0.78,298.0,0.7,876.0,0.79,293.0,0.69,374.0,0.8,774.0
2026-01-07 11:47:22.505000+00:00,2026-01-07 11:47:20.094831+00:00,142.505,0.275,0.27,0.28,0.705,0.7,0.71,202.0,183.0,53.0,10.0,0.26,122.0,0.29,304.0,0.25,626.0,0.3,392.0,0.24,283.0,0.31,374.0,0.23,353.0,0.32,406.5,0.22,513.0,0.33,439.0,0.69,10.0,0.72,30.0,0.68,320.5,0.73,182.0,0.67,474.0,0.74,193.0,0.66,419.0,0.75,687.0,0.65,479.0,0.76,344.0
2026-01-07 11:47:23.441000+00:00,2026-01-07 11:47:21.099786+00:00,143.441,0.295,0.29,0.3,0.705,0.7,0.71,10.0,53.0,53.0,10.0,0.28,83.5,0.31,10.0,0.27,248.0,0.32,160.0,0.26,193.0,0.33,404.0,0.25,682.0,0.34,489.0,0.24,344.0,0.35,479.0,0.69,25.0,0.72,83.5,0.68,145.0,0.73,248.0,0.67,404.0,0.74,193.0,0.66,489.0,0.75,682.0,0.65,479.0,0.76,344.0
2026-01-07 11:47:24.513000+00:00,2026-01-07 11:47:22.107886+00:00,144.513,0.31,0.3,0.32,0.685,0.68,0.69,182.4,100.0,86.5,150.0,0.29,697.0,0.33,35.0,0.28,218.0,0.34,75.0,0.27,311.0,0.35,609.0,0.26,339.0,0.36,156.0,0.25,319.0,0.37,339.0,0.67,35.0,0.7,236.9,0.66,75.0,0.71,682.0,0.65,609.0,0.72,218.0,0.64,156.0,0.73,311.0,0.63,339.0,0.74,339.0
2026-01-07 11:47:25.511000+00:00,2026-01-07 11:47:23.115016+00:00,145.511,0.315,0.31,0.32,0.685,0.68,0.69,181.0,79.5,104.5,181.0,0.3,238.0,0.33,115.0,0.29,700.0,0.34,10.0,0.28,248.0,0.35,711.0,0.27,248.0,0.36,278.0,0.26,339.0,0.37,339.0,0.67,115.0,0.7,238.0,0.66,10.0,0.71,700.0,0.65,711.0,0.72,248.0,0.64,278.0,0.73,248.0,0.63,339.0,0.74,339.0
2026-01-07 11:47:26.522000+00:00,2026-01-07 11:47:24.121442+00:00,146.522,0.305,0.3,0.31,0.695,0.69,0.7,35.0,50.0,55.0,35.0,0.29,674.9,0.32,59.5,0.28,223.0,0.33,35.0,0.27,268.0,0.34,10.0,0.26,359.0,0.35,842.0,0.25,349.0,0.36,479.0,0.68,59.5,0.71,674.9,0.67,35.0,0.72,223.0,0.66,10.0,0.73,268.0,0.65,842.0,0.74,359.0,0.64,479.0,0.75,456.5
2026-01-07 11:47:27.419000+00:00,2026-01-07 11:47:25.126839+00:00,147.419,0.295,0.29,0.3,0.705,0.7,0.71,588.7,25.0,25.0,588.7,0.28,223.0,0.31,100.0,0.27,243.0,0.32,139.5,0.26,359.0,0.33,175.0,0.25,491.5,0.34,105.0,0.24,344.0,0.35,842.0,0.69,100.0,0.72,223.0,0.68,139.5,0.73,243.0,0.67,175.0,0.74,359.0,0.66,105.0,0.75,491.5,0.65,842.0,0.76,344.0
2026-01-07 11:47:28.497000+00:00,2026-01-07 11:47:26.131924+00:00,148.497,0.3,0.29,0.31,0.7,0.69,0.71,592.03,135.0,135.0,592.03,0.28,273.0,0.32,259.5,0.27,233.0,0.33,105.0,0.26,445.0,0.34,105.0,0.25,361.5,0.35,842.0,0.24,344.0,0.36,374.0,0.68,259.5,0.72,273.0,0.67,105.0,0.73,233.0,0.66,105.0,0.74,445.0,0.65,842.0,0.75,361.5,0.64,374.0,0.76,344.0
2026-01-07 11:47:29.354000+00:00,2026-01-07 11:47:27.135630+00:00,149.354,0.295,0.29,0.3,0.705,0.7,0.71,592.03,20.0,20.0,592.03,0.28,273.0,0.31,140.0,0.27,233.0,0.32,259.5,0.26,349.0,0.33,105.0,0.25,461.5,0.34,288.0,0.24,344.0,0.35,842.0,0.69,140.0,0.72,273.0,0.68,259.5,0.73,233.0,0.67,105.0,0.74,349.0,0.66,288.0,0.75,461.5,0.65,842.0,0.76,344.0
2026-01-07 11:47:30.418000+00:00,2026-01-07 11:47:28.146425+00:00,150.418,0.295,0.29,0.3,0.705,0.7,0.71,592.03,125.0,125.0,572.03,0.28,273.0,0.31,291.37,0.27,233.0,0.32,214.5,0.26,445.0,0.33,105.0,0.25,361.5,0.34,288.0,0.24,344.0,0.35,807.0,0.69,331.37,0.72,243.0,0.68,164.5,0.73,253.0,0.67,105.0,0.74,455.0,0.66,288.0,0.75,361.5,0.65,807.0,0.76,344.0
2026-01-07 11:47:31.497000+00:00,2026-01-07 11:47:29.166432+00:00,151.497,0.29000000000000004,0.28,0.3,0.715,0.71,0.72,9.1,163.0,35.0,9.1,0.27,30.0,0.31,464.37,0.26,136.0,0.32,297.5,0.25,270.5,0.33,409.0,0.24,319.0,0.34,374.0,0.23,414.0,0.35,479.0,0.7,163.0,0.73,30.0,0.69,499.37,0.74,136.0,0.68,332.5,0.75,270.5,0.67,409.0,0.76,319.0,0.66,374.0,0.77,414.0
2026-01-07 11:47:32.489000+00:00,2026-01-07 11:47:30.172648+00:00,152.489,0.28500000000000003,0.28,0.29,0.715,0.71,0.72,41.1,40.0,40.0,41.1,0.27,30.0,0.3,165.0,0.26,156.0,0.31,479.37,0.25,250.5,0.32,332.5,0.24,319.0,0.33,409.0,0.23,414.0,0.34,374.0,0.7,150.0,0.73,20.0,0.69,479.37,0.74,146.0,0.68,332.5,0.75,250.5,0.67,409.0,0.76,319.0,0.66,374.0,0.77,414.0
2026-01-07 11:47:33.582000+00:00,2026-01-07 11:47:31.181318+00:00,153.582,0.28500000000000003,0.28,0.29,0.715,0.71,0.72,41.1,85.0,85.0,41.1,0.27,30.0,0.3,150.0,0.26,233.0,0.31,479.37,0.25,260.5,0.32,332.5,0.24,423.0,0.33,419.0,0.23,414.0,0.34,374.0,0.7,150.0,0.73,30.0,0.69,479.37,0.74,233.0,0.68,332.5,0.75,260.5,0.67,419.0,0.76,423.0,0.66,374.0,0.77,414.0
2026-01-07 11:47:34.585000+00:00,2026-01-07 11:47:32.184688+00:00,154.585,0.28500000000000003,0.28,0.29,0.715,0.71,0.72,51.1,160.0,160.0,51.1,0.27,20.0,0.3,363.0,0.26,459.0,0.31,530.37,0.25,67.5,0.32,453.5,0.24,312.0,0.33,419.0,0.23,293.0,0.34,374.0,0.7,383.0,0.73,35.0,0.69,530.37,0.74,499.0,0.68,453.5,0.75,67.5,0.67,419.0,0.76,312.0,0.66,374.0,0.77,293.0
2026-01-07 11:47:35.603000+00:00,2026-01-07 11:47:33.195199+00:00,155.603,0.28500000000000003,0.28,0.29,0.715,0.71,0.72,26.1,160.0,160.0,26.1,0.27,35.0,0.3,383.0,0.26,499.0,0.31,530.37,0.25,32.5,0.32,453.5,0.24,233.0,0.33,419.0,0.23,377.0,0.34,374.0,0.7,383.0,0.73,35.0,0.69,530.37,0.74,499.0,0.68,453.5,0.75,32.5,0.67,419.0,0.76,233.0,0.66,374.0,0.77,377.0
2026-01-07 11:47:36.497000+00:00,2026-01-07 11:47:34.202675+00:00,156.497,0.28500000000000003,0.28,0.29,0.715,0.71,0.72,26.1,162.5,162.5,26.1,0.27,25.0,0.3,373.0,0.26,509.0,0.31,530.37,0.25,67.5,0.32,453.5,0.24,208.0,0.33,419.0,0.23,293.0,0.34,374.0,0.7,373.0,0.73,25.0,0.69,530.37,0.74,509.0,0.68,453.5,0.75,67.5,0.67,419.0,0.76,208.0,0.66,374.0,0.77,293.0
2026-01-07 11:47:37.521000+00:00,2026-01-07 11:47:35.194976+00:00,157.521,0.28500000000000003,0.28,0.29,0.715,0.71,0.72,26.1,155.0,140.0,51.1,0.27,25.0,0.3,373.0,0.26,509.0,0.31,530.37,0.25,67.5,0.32,453.5,0.24,208.0,0.33,419.0,0.23,293.0,0.34,374.0,0.7,373.0,0.73,25.0,0.69,530.37,0.74,499.0,0.68,453.5,0.75,57.5,0.67,419.0,0.76,208.0,0.66,374.0,0.77,293.0
2026-01-07 11:47:38.624000+00:00,2026-01-07 11:47:36.202578+00:00,158.624,0.28500000000000003,0.28,0.29,0.715,0.71,0.72,37.0,90.48,75.48,32.0,0.27,69.1,0.3,343.0,0.26,489.0,0.31,565.37,0.25,205.5,0.32,902.5,0.24,188.0,0.33,419.0,0.23,409.3,0.34,374.0,0.7,215.0,0.73,34.1,0.69,404.37,0.74,554.0,0.68,902.5,0.75,225.5,0.67,419.0,0.76,223.0,0.66,374.0,0.77,409.3
2026-01-07 11:47:39.639000+00:00,2026-01-07 11:47:37.209088+00:00,159.639,0.28500000000000003,0.28,0.29,0.715,0.71,0.72,17.0,125.48,125.48,7.0,0.27,29.1,0.3,100.0,0.26,519.0,0.31,394.37,0.25,362.4,0.32,902.5,0.24,240.1,0.33,419.0,0.23,300.3,0.34,374.0,0.7,100.0,0.73,29.1,0.69,394.37,0.74,519.0,0.68,902.5,0.75,362.4,0.67,419.0,0.76,240.1,0.66,374.0,0.77,300.3
2026-01-07 11:47:40.493000+00:00,2026-01-07 11:47:38.218314+00:00,160.493,0.28500000000000003,0.28,0.29,0.715,0.71,0.72,7.0,105.96,55.96,7.0,0.27,29.1,0.3,110.0,0.26,515.8,0.31,409.37,0.25,372.4,0.32,902.5,0.24,240.1,0.33,419.0,0.23,300.3,0.34,374.0,0.7,110.0,0.73,35.7,0.69,409.37,0.74,510.8,0.68,902.5,0.75,342.4,0.67,419.0,0.76,230.1,0.66,374.0,0.77,300.3
2026-01-07 11:47:41.406000+00:00,2026-01-07 11:47:39.225431+00:00,161.406,0.28500000000000003,0.28,0.29,0.715,0.71,0.72,13.4,46.44,46.44,13.4,0.27,60.7,0.3,160.0,0.26,520.8,0.31,409.37,0.25,352.4,0.32,902.5,0.24,230.1,0.33,419.0,0.23,300.3,0.34,374.0,0.7,160.0,0.73,60.7,0.69,409.37,0.74,520.8,0.68,902.5,0.75,352.4,0.67,419.0,0.76,230.1,0.66,374.0,0.77,300.3
2026-01-07 11:47:42.534000+00:00,2026-01-07 11:47:40.247598+00:00,162.534,0.28500000000000003,0.28,0.29,0.715,0.71,0.72,13.4,71.81,71.81,13.4,0.27,51.6,0.3,160.0,0.26,520.8,0.31,409.37,0.25,352.4,0.32,902.5,0.24,230.1,0.33,419.0,0.23,300.3,0.34,423.0,0.7,150.0,0.73,31.6,0.69,409.37,0.74,520.8,0.68,902.5,0.75,352.4,0.67,419.0,0.76,230.1,0.66,423.0,0.77,300.3
2026-01-07 11:47:43.527000+00:00,2026-01-07 11:47:41.264372+00:00,163.527,0.28500000000000003,0.28,0.29,0.715,0.71,0.72,13.4,60.37,60.37,13.4,0.27,31.6,0.3,150.0,0.26,540.8,0.31,409.37,0.25,342.4,0.32,902.5,0.24,240.1,0.33,419.0,0.23,300.3,0.34,423.0,0.7,150.0,0.73,31.6,0.69,409.37,0.74,540.8,0.68,902.5,0.75,342.4,0.67,419.0,0.76,240.1,0.66,423.0,0.77,300.3
2026-01-07 11:47:44.662000+00:00,2026-01-07 11:47:42.272522+00:00,164.662,0.28500000000000003,0.28,0.29,0.71,0.7,0.72,18.4,30.37,260.0,18.4,0.27,56.6,0.3,270.0,0.26,520.8,0.31,419.37,0.25,342.4,0.32,902.5,0.24,230.1,0.33,419.0,0.23,313.0,0.34,374.0,0.69,394.37,0.73,91.6,0.68,867.5,0.74,485.8,0.67,419.0,0.75,367.4,0.66,374.0,0.76,230.1,0.65,379.0,0.77,313.0
2026-01-07 11:47:45.680000+00:00,2026-01-07 11:47:43.294624+00:00,165.68,0.29000000000000004,0.28,0.3,0.71,0.7,0.72,18.4,370.0,360.0,18.4,0.27,71.6,0.31,394.37,0.26,505.8,0.32,902.5,0.25,367.4,0.33,419.0,0.24,230.1,0.34,409.0,0.23,313.0,0.35,379.0,0.69,384.37,0.73,81.6,0.68,902.5,0.74,495.8,0.67,419.0,0.75,377.4,0.66,409.0,0.76,230.1,0.65,379.0,0.77,313.0
2026-01-07 11:47:46.711000+00:00,2026-01-07 11:47:44.302135+00:00,166.711,0.29000000000000004,0.28,0.3,0.71,0.7,0.72,13.4,335.0,370.0,13.4,0.27,66.6,0.31,394.37,0.26,515.8,0.32,902.5,0.25,367.4,0.33,419.0,0.24,230.1,0.34,409.0,0.23,314.5,0.35,428.0,0.69,394.37,0.73,66.6,0.68,902.5,0.74,515.8,0.67,419.0,0.75,377.4,0.66,409.0,0.76,230.1,0.65,428.0,0.77,314.5
2026-01-07 11:47:47.484000+00:00,2026-01-07 11:47:45.308350+00:00,167.484,0.29000000000000004,0.28,0.3,0.71,0.7,0.72,18.4,370.0,360.53,18.4,0.27,81.6,0.31,394.37,0.26,495.8,0.32,902.5,0.25,377.4,0.33,419.0,0.24,230.1,0.34,409.0,0.23,314.5,0.35,428.0,0.69,394.37,0.73,81.6,0.68,902.5,0.74,495.8,0.67,419.0,0.75,377.4,0.66,409.0,0.76,230.1,0.65,428.0,0.77,314.5
2026-01-07 11:47:48.635000+00:00,2026-01-07 11:47:46.312574+00:00,168.635,0.29000000000000004,0.28,0.3,0.71,0.7,0.72,13.4,290.36,290.36,13.4,0.27,76.6,0.31,394.37,0.26,505.8,0.32,902.5,0.25,377.4,0.33,419.0,0.24,248.1,0.34,409.0,0.23,370.3,0.35,379.0,0.69,394.37,0.73,76.6,0.68,902.5,0.74,505.8,0.67,419.0,0.75,377.4,0.66,409.0,0.76,248.1,0.65,379.0,0.77,370.3
2026-01-07 11:47:49.415000+00:00,2026-01-07 11:47:47.317059+00:00,169.415,0.28500000000000003,0.28,0.29,0.715,0.71,0.72,13.4,50.0,50.0,13.4,0.27,66.6,0.3,250.0,0.26,505.8,0.31,384.37,0.25,377.4,0.32,912.5,0.24,258.1,0.33,419.0,0.23,370.3,0.34,409.0,0.7,250.0,0.73,66.6,0.69,384.37,0.74,505.8,0.68,912.5,0.75,377.4,0.67,419.0,0.76,258.1,0.66,409.0,0.77,370.3
2026-01-07 11:47:50.322000+00:00,2026-01-07 11:47:48.338278+00:00,170.322,0.28500000000000003,0.28,0.29,0.715,0.71,0.72,13.4,40.27,40.27,13.4,0.27,66.6,0.3,250.0,0.26,505.8,0.31,384.37,0.25,377.4,0.32,912.5,0.24,258.1,0.33,419.0,0.23,370.3,0.34,409.0,0.7,250.0,0.73,66.6,0.69,384.37,0.74,505.8,0.68,912.5,0.75,377.4,0.67,419.0,0.76,258.1,0.66,409.0,0.77,370.3
2026-01-07 11:47:51.760000+00:00,2026-01-07 11:47:49.351420+00:00,171.76,0.28500000000000003,0.28,0.29,0.715,0.71,0.72,13.4,30.54,30.54,13.4,0.27,66.6,0.3,250.0,0.26,505.8,0.31,384.37,0.25,377.4,0.32,912.5,0.24,258.1,0.33,419.0,0.23,370.3,0.34,409.0,0.7,250.0,0.73,66.6,0.69,384.37,0.74,505.8,0.68,912.5,0.75,377.4,0.67,419.0,0.76,258.1,0.66,409.0,0.77,370.3
2026-01-07 11:47:52.752000+00:00,2026-01-07 11:47:50.374826+00:00,172.752,0.28500000000000003,0.28,0.29,0.715,0.71,0.72,1.26,0.54,0.54,1.26,0.27,66.6,0.3,280.0,0.26,515.8,0.31,384.37,0.25,377.4,0.32,912.5,0.24,248.1,0.33,419.0,0.23,370.3,0.34,409.0,0.7,280.0,0.73,66.6,0.69,384.37,0.74,515.8,0.68,912.5,0.75,377.4,0.67,419.0,0.76,248.1,0.66,409.0,0.77,370.3
2026-01-07 11:47:53.687000+00:00,2026-01-07 11:47:51.383076+00:00,173.687,0.29000000000000004,0.28,0.3,0.71,0.7,0.72,1.26,340.98,340.98,1.26,0.27,66.6,0.31,384.37,0.26,515.8,0.32,912.5,0.25,377.4,0.33,419.0,0.24,248.1,0.34,409.0,0.23,370.3,0.35,417.0,0.69,384.37,0.73,66.6,0.68,912.5,0.74,515.8,0.67,419.0,0.75,377.4,0.66,409.0,0.76,248.1,0.65,417.0,0.77,370.3
2026-01-07 11:47:54.655000+00:00,2026-01-07 11:47:52.403265+00:00,174.655,0.28500000000000003,0.28,0.29,0.715,0.71,0.72,1.26,20.0,20.0,1.26,0.27,81.6,0.3,355.98,0.26,515.8,0.31,369.37,0.25,377.4,0.32,912.5,0.24,248.1,0.33,419.0,0.23,370.3,0.34,409.0,0.7,355.98,0.73,81.6,0.69,369.37,0.74,515.8,0.68,912.5,0.75,377.4,0.67,419.0,0.76,248.1,0.66,409.0,0.77,370.3
2026-01-07 11:47:55.528000+00:00,2026-01-07 11:47:53.413391+00:00,175.528,0.28500000000000003,0.28,0.29,0.725,0.72,0.73,1.26,75.0,8.74,91.6,0.27,91.6,0.3,300.98,0.26,505.8,0.31,369.37,0.25,367.4,0.32,912.5,0.24,258.1,0.33,409.0,0.23,370.3,0.34,409.0,0.71,75.0,0.74,505.8,0.7,300.98,0.75,367.4,0.69,369.37,0.76,258.1,0.68,912.5,0.77,370.3,0.67,409.0,0.78,456.6
2026-01-07 11:47:56.791000+00:00,2026-01-07 11:47:54.421516+00:00,176.791,0.275,0.27,0.28,0.725,0.72,0.73,71.6,8.74,8.74,71.6,0.26,505.8,0.29,75.0,0.25,387.4,0.3,300.98,0.24,258.1,0.31,369.37,0.23,370.3,0.32,912.5,0.22,456.6,0.33,409.0,0.71,75.0,0.74,505.8,0.7,300.98,0.75,387.4,0.69,369.37,0.76,258.1,0.68,912.5,0.77,370.3,0.67,409.0,0.78,456.6
2026-01-07 11:47:57.791000+00:00,2026-01-07 11:47:55.429178+00:00,177.791,0.275,0.27,0.28,0.725,0.72,0.73,71.6,8.74,8.74,71.6,0.26,505.8,0.29,75.0,0.25,387.4,0.3,300.98,0.24,258.1,0.31,263.0,0.23,370.3,0.32,912.5,0.22,456.6,0.33,409.0,0.71,75.0,0.74,505.8,0.7,300.98,0.75,387.4,0.69,263.0,0.76,258.1,0.68,912.5,0.77,370.3,0.67,409.0,0.78,456.6
2026-01-07 11:47:58.856000+00:00,2026-01-07 11:47:56.450612+00:00,178.856,0.275,0.27,0.28,0.725,0.72,0.73,61.6,18.74,88.74,61.6,0.26,515.8,0.29,145.0,0.25,387.4,0.3,230.98,0.24,289.35,0.31,263.0,0.23,370.3,0.32,912.5,0.22,456.6,0.33,409.0,0.71,145.0,0.74,515.8,0.7,230.98,0.75,387.4,0.69,263.0,0.76,289.35,0.68,912.5,0.77,370.3,0.67,409.0,0.78,456.6
2026-01-07 11:47:59.813000+00:00,2026-01-07 11:47:57.458010+00:00,179.813,0.275,0.27,0.28,0.725,0.72,0.73,61.6,85.16,85.16,61.6,0.26,515.8,0.29,145.0,0.25,387.4,0.3,337.35,0.24,289.35,0.31,263.0,0.23,370.3,0.32,912.5,0.22,456.6,0.33,409.0,0.71,145.0,0.74,515.8,0.7,337.35,0.75,387.4,0.69,263.0,0.76,289.35,0.68,912.5,0.77,370.3,0.67,409.0,0.78,456.6
2026-01-07 11:48:00.847000+00:00,2026-01-07 11:47:58.466976+00:00,180.847,0.275,0.27,0.28,0.725,0.72,0.73,59.6,105.16,105.16,84.6,0.26,515.8,0.29,247.0,0.25,387.4,0.3,459.35,0.24,289.35,0.31,263.0,0.23,370.3,0.32,912.5,0.22,456.6,0.33,409.0,0.71,273.0,0.74,495.8,0.7,495.35,0.75,204.4,0.69,278.0,0.76,279.35,0.68,912.5,0.77,370.3,0.67,409.0,0.78,456.6
2026-01-07 11:48:01.884000+00:00,2026-01-07 11:47:59.475125+00:00,181.884,0.295,0.29,0.3,0.705,0.7,0.71,122.0,968.37,555.37,122.0,0.28,122.0,0.31,313.0,0.27,213.0,0.32,357.5,0.26,310.8,0.33,348.0,0.25,433.4,0.34,191.0,0.24,347.35,0.35,428.0,0.69,313.0,0.72,122.0,0.68,357.5,0.73,198.0,0.67,348.0,0.74,310.8,0.66,191.0,0.75,433.4,0.65,379.0,0.76,347.35
2026-01-07 11:48:02.898000+00:00,2026-01-07 11:48:00.497584+00:00,182.898,0.175,0.17,0.18,0.825,0.82,0.83,183.0,90.33,166.33,183.0,0.16,594.69,0.19,278.0,0.15,271.61,0.2,131.0,0.14,268.39,0.21,323.52,0.13,371.59,0.22,379.0,0.12,463.05,0.23,349.0,0.81,339.0,0.84,533.69,0.8,202.0,0.85,271.61,0.79,353.52,0.86,268.39,0.78,339.0,0.87,371.59,0.77,349.0,0.88,463.05
2026-01-07 11:48:03.906000+00:00,2026-01-07 11:48:01.502281+00:00,183.906,0.185,0.18,0.19,0.815,0.81,0.82,57.45,6.0,41.0,43.97,0.17,197.43,0.2,40.0,0.16,568.69,0.21,166.0,0.15,261.61,0.22,570.0,0.14,233.39,0.23,153.0,0.13,371.59,0.24,267.25,0.8,40.0,0.83,204.63,0.79,201.0,0.84,568.69,0.78,605.0,0.85,271.61,0.77,188.0,0.86,268.39,0.76,267.25,0.87,371.59
2026-01-07 11:48:04.900000+00:00,2026-01-07 11:48:02.511068+00:00,184.9,0.185,0.18,0.19,0.815,0.81,0.82,125.64,106.0,114.0,15.61,0.17,204.63,0.2,30.0,0.16,568.69,0.21,156.0,0.15,271.61,0.22,605.0,0.14,268.39,0.23,156.0,0.13,371.59,0.24,300.25,0.8,30.0,0.83,204.63,0.79,156.0,0.84,573.69,0.78,605.0,0.85,281.61,0.77,156.0,0.86,278.39,0.76,300.25,0.87,401.59
2026-01-07 11:48:05.940000+00:00,2026-01-07 11:48:03.517814+00:00,185.94,0.185,0.18,0.19,0.815,0.81,0.82,161.02,14.34,14.34,161.02,0.17,254.63,0.2,35.0,0.16,598.69,0.21,181.0,0.15,296.61,0.22,580.0,0.14,278.39,0.23,156.0,0.13,336.59,0.24,335.25,0.8,35.0,0.83,254.63,0.79,181.0,0.84,598.69,0.78,580.0,0.85,296.61,0.77,156.0,0.86,278.39,0.76,335.25,0.87,336.59
2026-01-07 11:48:06.898000+00:00,2026-01-07 11:48:04.524813+00:00,186.898,0.19,0.18,0.2,0.81,0.8,0.82,188.0,118.92,118.92,188.0,0.17,294.63,0.21,211.0,0.16,563.69,0.22,675.0,0.15,306.61,0.23,226.0,0.14,268.39,0.24,372.25,0.13,441.59,0.25,295.0,0.79,211.0,0.83,294.63,0.78,675.0,0.84,563.69,0.77,226.0,0.85,306.61,0.76,372.25,0.86,268.39,0.75,295.0,0.87,441.59
2026-01-07 11:48:07.928000+00:00,2026-01-07 11:48:05.532014+00:00,187.928,0.215,0.21,0.22,0.775,0.77,0.78,93.0,484.0,121.0,15.0,0.2,111.0,0.23,271.0,0.19,35.0,0.24,226.0,0.18,191.41,0.25,266.0,0.17,244.63,0.26,464.2,0.16,218.0,0.27,374.0,0.76,121.0,0.79,223.0,0.75,201.0,0.8,238.0,0.74,464.2,0.82,630.41,0.73,374.0,0.83,237.43,0.72,374.0,0.84,218.0
2026-01-07 11:48:08.949000+00:00,2026-01-07 11:48:06.539725+00:00,188.949,0.225,0.22,0.23,0.775,0.77,0.78,15.0,186.0,171.0,15.0,0.21,223.0,0.24,174.0,0.2,238.0,0.25,201.0,0.19,10.0,0.26,366.2,0.18,674.81,0.27,409.0,0.17,237.43,0.28,374.0,0.76,174.0,0.79,223.0,0.75,201.0,0.8,238.0,0.74,366.2,0.81,10.0,0.73,409.0,0.82,674.81,0.72,374.0,0.83,237.43
2026-01-07 11:48:09.899000+00:00,2026-01-07 11:48:07.544882+00:00,189.899,0.22,0.21,0.23,0.78,0.77,0.79,208.0,161.86,161.86,208.0,0.2,268.0,0.24,176.0,0.19,20.0,0.25,156.0,0.18,674.81,0.26,326.2,0.17,237.43,0.27,409.0,0.16,288.0,0.28,409.0,0.76,176.0,0.8,268.0,0.75,156.0,0.81,20.0,0.74,326.2,0.82,674.81,0.73,409.0,0.83,237.43,0.72,409.0,0.84,288.0
2026-01-07 11:48:10.799000+00:00,2026-01-07 11:48:08.536795+00:00,190.799,0.215,0.21,0.22,0.785,0.78,0.79,205.08,30.0,25.45,205.08,0.2,268.0,0.23,161.86,0.19,20.0,0.24,176.0,0.18,674.81,0.25,156.0,0.17,237.43,0.26,326.2,0.16,288.0,0.27,409.0,0.77,161.86,0.8,268.0,0.76,176.0,0.81,20.0,0.75,156.0,0.82,674.81,0.74,326.2,0.83,237.43,0.73,409.0,0.84,288.0
2026-01-07 11:48:11.860000+00:00,2026-01-07 11:48:09.543955+00:00,191.86,0.215,0.21,0.22,0.78,0.77,0.79,167.09,0.08,252.58,165.44,0.2,273.0,0.23,256.86,0.19,30.0,0.24,256.0,0.18,684.81,0.25,226.0,0.17,237.43,0.26,256.2,0.16,288.0,0.27,443.0,0.76,705.0,0.8,273.0,0.75,226.0,0.81,30.0,0.74,256.2,0.82,684.81,0.73,443.0,0.83,237.43,0.72,374.0,0.84,288.0
2026-01-07 11:48:12.945000+00:00,2026-01-07 11:48:10.552802+00:00,192.945,0.215,0.21,0.22,0.785,0.78,0.79,165.44,175.0,175.0,165.44,0.2,218.0,0.23,135.0,0.19,228.0,0.24,675.0,0.18,714.81,0.25,226.0,0.17,267.43,0.26,412.2,0.16,288.0,0.27,374.0,0.77,125.0,0.8,218.0,0.76,675.0,0.81,228.0,0.75,226.0,0.82,714.81,0.74,412.2,0.83,267.43,0.73,374.0,0.84,288.0
2026-01-07 11:48:13.962000+00:00,2026-01-07 11:48:11.556635+00:00,193.962,0.21000000000000002,0.2,0.22,0.79,0.78,0.8,218.0,154.63,154.63,218.0,0.19,228.0,0.23,125.0,0.18,714.81,0.24,675.0,0.17,267.43,0.25,226.0,0.16,288.0,0.26,448.2,0.15,406.61,0.27,374.0,0.77,135.0,0.81,228.0,0.76,675.0,0.82,714.81,0.75,226.0,0.83,267.43,0.74,448.2,0.84,288.0,0.73,374.0,0.85,406.61
2026-01-07 11:48:14.921000+00:00,2026-01-07 11:48:12.572742+00:00,194.921,0.21000000000000002,0.2,0.22,0.79,0.78,0.8,243.0,140.0,140.0,253.0,0.19,233.0,0.23,120.0,0.18,674.81,0.24,675.0,0.17,267.43,0.25,226.0,0.16,288.0,0.26,414.2,0.15,406.61,0.27,374.0,0.77,120.0,0.81,233.0,0.76,675.0,0.82,684.81,0.75,226.0,0.83,257.43,0.74,414.2,0.84,288.0,0.73,374.0,0.85,406.61
2026-01-07 11:48:15.993000+00:00,2026-01-07 11:48:13.577162+00:00,195.993,0.20500000000000002,0.2,0.21,0.8,0.79,0.81,183.0,113.9,88.9,253.0,0.19,253.0,0.22,125.0,0.18,231.41,0.23,231.0,0.17,267.43,0.24,226.0,0.16,667.0,0.25,348.0,0.15,371.61,0.26,414.2,0.78,125.0,0.82,221.41,0.77,221.0,0.83,267.43,0.76,226.0,0.84,667.0,0.75,348.0,0.85,371.61,0.74,448.2,0.86,499.39
2026-01-07 11:48:16.948000+00:00,2026-01-07 11:48:14.580896+00:00,196.948,0.2,0.19,0.21,0.795,0.79,0.8,253.0,73.9,88.9,5.0,0.18,221.41,0.22,125.0,0.17,267.43,0.23,236.0,0.16,667.0,0.24,226.0,0.15,371.61,0.25,409.0,0.14,499.39,0.26,414.2,0.78,145.0,0.81,268.0,0.77,246.0,0.82,211.41,0.76,226.0,0.83,267.43,0.75,409.0,0.84,667.0,0.74,414.2,0.85,371.61
2026-01-07 11:48:17.873000+00:00,2026-01-07 11:48:15.601363+00:00,197.873,0.20500000000000002,0.2,0.21,0.8,0.79,0.81,5.0,133.9,133.9,253.0,0.19,248.0,0.22,135.0,0.18,231.41,0.23,236.0,0.17,267.43,0.24,226.0,0.16,683.5,0.25,442.0,0.15,371.61,0.26,379.2,0.78,145.0,0.82,231.41,0.77,236.0,0.83,267.43,0.76,226.0,0.84,683.5,0.75,442.0,0.85,371.61,0.74,379.2,0.86,499.39
2026-01-07 11:48:18.840000+00:00,2026-01-07 11:48:16.620692+00:00,198.84,0.2,0.19,0.21,0.8,0.79,0.81,243.0,113.9,113.9,208.0,0.18,231.41,0.22,145.0,0.17,267.43,0.23,236.0,0.16,693.5,0.24,259.0,0.15,371.61,0.25,409.0,0.14,499.39,0.26,379.2,0.78,145.0,0.82,256.41,0.77,236.0,0.83,242.43,0.76,259.0,0.84,693.5,0.75,409.0,0.85,371.61,0.74,379.2,0.86,534.39
2026-01-07 11:48:19.973000+00:00,2026-01-07 11:48:17.623682+00:00,199.973,0.2,0.19,0.21,0.8,0.79,0.81,213.0,63.9,88.9,218.0,0.18,246.41,0.22,609.0,0.17,232.43,0.23,236.0,0.16,753.5,0.24,226.0,0.15,461.61,0.25,442.0,0.14,534.39,0.26,379.2,0.78,609.0,0.82,246.41,0.77,236.0,0.83,232.43,0.76,226.0,0.84,753.5,0.75,442.0,0.85,461.61,0.74,379.2,0.86,534.39
2026-01-07 11:48:21.029000+00:00,2026-01-07 11:48:18.629231+00:00,201.029,0.20500000000000002,0.2,0.21,0.795,0.79,0.8,15.0,58.0,58.0,15.0,0.19,233.0,0.22,564.0,0.18,226.41,0.23,271.0,0.17,222.43,0.24,236.0,0.16,753.5,0.25,442.0,0.15,461.61,0.26,379.2,0.78,564.0,0.81,233.0,0.77,271.0,0.82,226.41,0.76,236.0,0.83,222.43,0.75,442.0,0.84,753.5,0.74,379.2,0.85,461.61
2026-01-07 11:48:22.025000+00:00,2026-01-07 11:48:19.634419+00:00,202.025,0.195,0.19,0.2,0.805,0.8,0.81,233.0,5.0,5.0,233.0,0.18,226.41,0.21,58.0,0.17,222.43,0.22,564.0,0.16,753.5,0.23,276.0,0.15,461.61,0.24,236.0,0.14,534.39,0.25,409.0,0.79,58.0,0.82,226.41,0.78,564.0,0.83,222.43,0.77,276.0,0.84,753.5,0.76,236.0,0.85,461.61,0.75,409.0,0.86,534.39
2026-01-07 11:48:23.049000+00:00,2026-01-07 11:48:20.644251+00:00,203.049,0.195,0.19,0.2,0.825,0.82,0.83,45.0,331.0,35.0,248.43,0.18,10.0,0.21,439.0,0.17,242.43,0.22,424.0,0.16,209.5,0.23,446.0,0.15,381.61,0.24,409.0,0.14,318.39,0.25,374.0,0.81,141.0,0.84,209.5,0.8,251.0,0.85,381.61,0.79,469.0,0.86,318.39,0.78,424.0,0.87,325.59,0.77,411.0,0.88,449.05
2026-01-07 11:48:24.033000+00:00,2026-01-07 11:48:21.647513+00:00,204.033,0.175,0.17,0.18,0.825,0.82,0.83,200.03,35.0,35.0,200.03,0.16,239.5,0.19,161.0,0.15,381.61,0.2,286.0,0.14,328.39,0.21,424.0,0.13,325.59,0.22,414.0,0.12,449.05,0.23,411.0,0.81,161.0,0.84,249.5,0.8,276.0,0.85,381.61,0.79,424.0,0.86,328.39,0.78,414.0,0.87,325.59,0.77,411.0,0.88,449.05
2026-01-07 11:48:25.030000+00:00,2026-01-07 11:48:22.654529+00:00,205.03,0.175,0.17,0.18,0.825,0.82,0.83,191.41,18.0,18.0,186.41,0.16,274.5,0.19,113.89,0.15,356.61,0.2,251.0,0.14,353.39,0.21,424.0,0.13,325.59,0.22,414.0,0.12,449.05,0.23,451.0,0.81,158.89,0.84,279.5,0.8,231.0,0.85,356.61,0.79,424.0,0.86,353.39,0.78,414.0,0.87,325.59,0.77,419.0,0.88,449.05
2026-01-07 11:48:26.836000+00:00,2026-01-07 11:48:24.654361+00:00,206.836,0.175,0.17,0.18,0.825,0.82,0.83,230.0,38.0,38.0,230.0,0.16,248.0,0.19,35.0,0.15,373.11,0.2,256.0,0.14,413.39,0.21,271.0,0.13,844.59,0.22,414.0,0.12,519.05,0.23,451.0,0.81,35.0,0.84,248.0,0.8,256.0,0.85,373.11,0.79,271.0,0.86,413.39,0.78,414.0,0.87,844.59,0.77,451.0,0.88,519.05
2026-01-07 11:48:28.792000+00:00,2026-01-07 11:48:26.671017+00:00,208.792,0.175,0.17,0.18,0.825,0.82,0.83,180.37,38.0,38.0,150.56,0.16,248.0,0.19,110.0,0.15,386.61,0.2,211.0,0.14,443.39,0.21,241.0,0.13,844.59,0.22,414.0,0.12,519.05,0.23,456.0,0.81,100.0,0.84,248.0,0.8,211.0,0.85,376.61,0.79,241.0,0.86,443.39,0.78,414.0,0.87,844.59,0.77,456.0,0.88,519.05
2026-01-07 11:48:30.076000+00:00,2026-01-07 11:48:27.675887+00:00,210.076,0.175,0.17,0.18,0.825,0.82,0.83,160.56,16.5,16.5,160.56,0.16,278.0,0.19,574.0,0.15,346.61,0.2,266.0,0.14,443.39,0.21,241.0,0.13,844.59,0.22,414.0,0.12,727.05,0.23,424.0,0.81,574.0,0.84,278.0,0.8,266.0,0.85,346.61,0.79,241.0,0.86,443.39,0.78,231.0,0.87,844.59,0.77,424.0,0.88,727.05
2026-01-07 11:48:31.098000+00:00,2026-01-07 11:48:28.684211+00:00,211.098,0.175,0.17,0.18,0.825,0.82,0.83,190.56,16.5,16.5,190.56,0.16,258.0,0.19,609.0,0.15,366.61,0.2,231.0,0.14,443.39,0.21,241.0,0.13,844.59,0.22,231.0,0.12,727.05,0.23,424.0,0.81,609.0,0.84,258.0,0.8,221.0,0.85,376.61,0.79,241.0,0.86,443.39,0.78,231.0,0.87,844.59,0.77,424.0,0.88,727.05
2026-01-07 11:48:32.025000+00:00,2026-01-07 11:48:29.689019+00:00,212.025,0.175,0.17,0.18,0.825,0.82,0.83,149.23,16.5,16.5,42.86,0.16,258.0,0.19,619.0,0.15,376.61,0.2,221.0,0.14,452.69,0.21,241.0,0.13,844.59,0.22,231.0,0.12,519.05,0.23,456.0,0.81,619.0,0.84,258.0,0.8,221.0,0.85,376.61,0.79,241.0,0.86,452.69,0.78,231.0,0.87,844.59,0.77,456.0,0.88,519.05
2026-01-07 11:48:33.001000+00:00,2026-01-07 11:48:30.696192+00:00,213.001,0.175,0.17,0.18,0.825,0.82,0.83,42.86,16.5,16.5,42.86,0.16,258.0,0.19,619.0,0.15,376.61,0.2,221.0,0.14,451.59,0.21,241.0,0.13,844.59,0.22,231.0,0.12,519.05,0.23,424.0,0.81,619.0,0.84,258.0,0.8,221.0,0.85,376.61,0.79,241.0,0.86,451.59,0.78,231.0,0.87,844.59,0.77,424.0,0.88,519.05
2026-01-07 11:48:34.070000+00:00,2026-01-07 11:48:31.701837+00:00,214.07,0.175,0.17,0.18,0.825,0.82,0.83,110.86,16.5,16.5,110.86,0.16,258.0,0.19,619.0,0.15,376.61,0.2,221.0,0.14,451.59,0.21,241.0,0.13,844.59,0.22,231.0,0.12,519.05,0.23,424.0,0.81,554.0,0.84,228.0,0.8,231.0,0.85,346.61,0.79,241.0,0.86,431.59,0.78,231.0,0.87,844.59,0.77,424.0,0.88,519.05
2026-01-07 11:48:35.094000+00:00,2026-01-07 11:48:32.705901+00:00,215.094,0.175,0.17,0.18,0.825,0.82,0.83,130.86,16.5,16.5,130.86,0.16,268.0,0.19,574.0,0.15,346.61,0.2,236.0,0.14,431.59,0.21,271.0,0.13,844.59,0.22,231.0,0.12,539.05,0.23,424.0,0.81,574.0,0.84,268.0,0.8,236.0,0.85,346.61,0.79,271.0,0.86,431.59,0.78,231.0,0.87,844.59,0.77,424.0,0.88,539.05
2026-01-07 11:48:36.149000+00:00,2026-01-07 11:48:33.731946+00:00,216.149,0.175,0.17,0.18,0.825,0.82,0.83,54.28,86.5,86.5,54.28,0.16,183.0,0.19,201.0,0.15,261.61,0.2,348.0,0.14,351.59,0.21,363.0,0.13,345.59,0.22,385.0,0.12,479.05,0.23,389.0,0.81,201.0,0.85,78.61,0.8,409.0,0.86,351.59,0.79,424.0,0.87,345.59,0.78,446.0,0.88,358.05,0.77,389.0,0.89,351.02
2026-01-07 11:48:37.041000+00:00,2026-01-07 11:48:34.737524+00:00,217.041,0.155,0.15,0.16,0.845,0.84,0.85,78.61,44.0,44.0,78.61,0.14,351.59,0.17,90.0,0.13,345.59,0.18,10.0,0.12,358.05,0.19,226.0,0.11,351.02,0.2,409.0,0.1,935.48,0.21,424.0,0.83,90.0,0.86,351.59,0.82,10.0,0.87,345.59,0.81,226.0,0.88,358.05,0.8,409.0,0.89,351.02,0.79,424.0,0.9,935.48
2026-01-07 11:48:38.116000+00:00,2026-01-07 11:48:35.762339+00:00,218.116,0.14500000000000002,0.14,0.15,0.855,0.85,0.86,351.59,65.95,70.95,351.59,0.13,330.59,0.16,44.0,0.12,338.05,0.17,90.0,0.11,341.02,0.18,10.0,0.1,935.48,0.19,226.0,0.09,513.16,0.2,409.0,0.84,44.0,0.87,330.59,0.83,90.0,0.88,338.05,0.82,10.0,0.89,341.02,0.81,226.0,0.9,935.48,0.8,409.0,0.91,513.16
2026-01-07 11:48:39.133000+00:00,2026-01-07 11:48:36.786365+00:00,219.133,0.14500000000000002,0.14,0.15,0.855,0.85,0.86,323.55,70.95,70.95,323.55,0.13,330.59,0.16,44.0,0.12,338.05,0.17,90.0,0.11,568.02,0.18,10.0,0.1,685.48,0.19,226.0,0.09,513.16,0.2,409.0,0.84,44.0,0.87,330.59,0.83,90.0,0.88,338.05,0.82,10.0,0.89,568.02,0.81,226.0,0.9,685.48,0.8,409.0,0.91,513.16
2026-01-07 11:48:40.206000+00:00,2026-01-07 11:48:37.810738+00:00,220.206,0.14500000000000002,0.14,0.15,0.855,0.85,0.86,259.55,85.95,85.95,259.55,0.13,230.59,0.16,94.0,0.12,398.05,0.17,35.0,0.11,1087.02,0.18,80.0,0.1,695.48,0.19,226.0,0.09,513.16,0.2,409.0,0.84,94.0,0.87,230.59,0.83,35.0,0.88,398.05,0.82,80.0,0.89,1087.02,0.81,226.0,0.9,695.48,0.8,409.0,0.91,513.16
2026-01-07 11:48:41.155000+00:00,2026-01-07 11:48:38.833987+00:00,221.155,0.14500000000000002,0.14,0.15,0.855,0.85,0.86,307.59,65.95,65.95,307.59,0.13,285.59,0.16,149.0,0.12,328.05,0.17,140.0,0.11,1097.02,0.18,80.0,0.1,685.48,0.19,226.0,0.09,513.16,0.2,409.0,0.84,149.0,0.87,295.59,0.83,140.0,0.88,328.05,0.82,80.0,0.89,1097.02,0.81,226.0,0.9,685.48,0.8,409.0,0.91,513.16
2026-01-07 11:48:42.155000+00:00,2026-01-07 11:48:39.857513+00:00,222.155,0.14500000000000002,0.14,0.15,0.855,0.85,0.86,307.59,85.95,85.95,307.59,0.13,295.59,0.16,119.0,0.12,328.05,0.17,150.0,0.11,1108.32,0.18,80.0,0.1,685.48,0.19,226.0,0.09,513.16,0.2,409.0,0.84,119.0,0.87,295.59,0.83,150.0,0.88,328.05,0.82,80.0,0.89,1108.32,0.81,226.0,0.9,685.48,0.8,409.0,0.91,513.16
2026-01-07 11:48:43.274000+00:00,2026-01-07 11:48:40.882580+00:00,223.274,0.14500000000000002,0.14,0.15,0.855,0.85,0.86,337.59,55.95,31.87,337.59,0.13,235.59,0.16,70.0,0.12,536.05,0.17,105.0,0.11,871.32,0.18,120.0,0.1,685.48,0.19,271.0,0.09,513.16,0.2,409.0,0.84,70.0,0.87,235.59,0.83,105.0,0.88,536.05,0.82,120.0,0.89,871.32,0.81,271.0,0.9,685.48,0.8,409.0,0.91,513.16
2026-01-07 11:48:44.248000+00:00,2026-01-07 11:48:41.889114+00:00,224.248,0.14500000000000002,0.14,0.15,0.855,0.85,0.86,327.59,31.87,31.87,326.42,0.13,245.59,0.16,70.0,0.12,536.05,0.17,614.0,0.11,871.32,0.18,80.0,0.1,685.48,0.19,226.0,0.09,513.16,0.2,409.0,0.84,125.0,0.87,235.59,0.83,599.0,0.88,546.05,0.82,80.0,0.89,881.32,0.81,226.0,0.9,685.48,0.8,409.0,0.91,513.16
2026-01-07 11:48:45.160000+00:00,2026-01-07 11:48:42.895908+00:00,225.16,0.14500000000000002,0.14,0.15,0.855,0.85,0.86,314.6,25.95,25.95,314.6,0.13,235.59,0.16,110.0,0.12,546.05,0.17,614.0,0.11,881.32,0.18,80.0,0.1,685.48,0.19,226.0,0.09,533.16,0.2,409.0,0.84,110.0,0.87,255.59,0.83,614.0,0.88,546.05,0.82,80.0,0.89,891.32,0.81,226.0,0.9,685.48,0.8,409.0,0.91,533.16
2026-01-07 11:48:46.309000+00:00,2026-01-07 11:48:43.915655+00:00,226.309,0.14500000000000002,0.14,0.15,0.855,0.85,0.86,313.48,25.95,25.95,303.48,0.13,245.59,0.16,100.0,0.12,358.05,0.17,619.0,0.11,1108.32,0.18,80.0,0.1,685.48,0.19,226.0,0.09,533.16,0.2,409.0,0.84,100.0,0.87,245.59,0.83,599.0,0.88,358.05,0.82,80.0,0.89,1108.32,0.81,226.0,0.9,685.48,0.8,409.0,0.91,533.16
2026-01-07 11:48:47.309000+00:00,2026-01-07 11:48:44.921293+00:00,227.309,0.14500000000000002,0.14,0.15,0.855,0.85,0.86,322.67,25.95,25.95,319.77,0.13,245.59,0.16,110.0,0.12,348.05,0.17,614.0,0.11,1118.32,0.18,80.0,0.1,685.48,0.19,226.0,0.09,533.16,0.2,409.0,0.84,110.0,0.87,245.59,0.83,614.0,0.88,348.05,0.82,80.0,0.89,1118.32,0.81,226.0,0.9,685.48,0.8,409.0,0.91,533.16
2026-01-07 11:48:48.924000+00:00,2026-01-07 11:48:46.945968+00:00,228.924,0.14500000000000002,0.14,0.15,0.855,0.85,0.86,289.51,20.0,20.0,289.51,0.13,270.59,0.16,120.0,0.12,348.05,0.17,604.0,0.11,891.32,0.18,80.0,0.1,935.48,0.19,226.0,0.09,533.16,0.2,409.0,0.84,120.0,0.87,270.59,0.83,604.0,0.88,348.05,0.82,80.0,0.89,891.32,0.81,226.0,0.9,935.48,0.8,409.0,0.91,533.16
2026-01-07 11:48:50.357000+00:00,2026-01-07 11:48:47.949019+00:00,230.357,0.14500000000000002,0.14,0.15,0.855,0.85,0.86,274.51,20.0,20.0,274.51,0.13,255.59,0.16,181.89,0.12,348.05,0.17,554.0,0.11,881.32,0.18,80.0,0.1,955.48,0.19,226.0,0.09,513.16,0.2,409.0,0.84,120.0,0.87,255.59,0.83,554.0,0.88,368.05,0.82,80.0,0.89,881.32,0.81,226.0,0.9,975.48,0.8,409.0,0.91,513.16
2026-01-07 11:48:51.321000+00:00,2026-01-07 11:48:48.956450+00:00,231.321,0.14500000000000002,0.14,0.15,0.855,0.85,0.86,274.51,13.33,13.33,224.51,0.13,255.59,0.16,80.0,0.12,378.05,0.17,554.0,0.11,881.32,0.18,80.0,0.1,965.48,0.19,226.0,0.09,513.16,0.2,409.0,0.84,80.0,0.87,255.59,0.83,554.0,0.88,378.05,0.82,80.0,0.89,881.32,0.81,226.0,0.9,965.48,0.8,409.0,0.91,513.16
2026-01-07 11:48:52.325000+00:00,2026-01-07 11:48:49.960117+00:00,232.325,0.14500000000000002,0.14,0.15,0.855,0.85,0.86,224.51,13.33,13.33,224.51,0.13,255.59,0.16,80.0,0.12,378.05,0.17,554.0,0.11,881.32,0.18,80.0,0.1,715.48,0.19,226.0,0.09,791.16,0.2,409.0,0.84,80.0,0.87,255.59,0.83,554.0,0.88,378.05,0.82,80.0,0.89,881.32,0.81,226.0,0.9,715.48,0.8,409.0,0.91,791.16
2026-01-07 11:48:53.276000+00:00,2026-01-07 11:48:50.967498+00:00,233.276,0.16,0.15,0.17,0.825,0.81,0.84,46.96,629.0,156.0,130.04,0.14,254.51,0.18,105.0,0.13,280.59,0.19,226.0,0.12,338.05,0.2,409.0,0.11,871.32,0.21,451.0,0.1,670.48,0.22,379.0,0.8,304.0,0.85,333.96,0.79,384.0,0.86,204.51,0.78,379.0,0.87,715.29,0.77,421.0,0.88,449.05,0.76,374.0,0.89,724.02
2026-01-07 11:48:54.421000+00:00,2026-01-07 11:48:51.992039+00:00,234.421,0.185,0.18,0.19,0.815,0.81,0.82,2.56,40.0,20.36,7.56,0.17,298.0,0.2,24.42,0.16,211.04,0.21,216.0,0.15,228.0,0.22,379.0,0.14,294.51,0.23,354.0,0.13,785.29,0.24,374.0,0.8,24.42,0.83,298.0,0.79,216.0,0.84,211.04,0.78,379.0,0.85,228.0,0.77,354.0,0.86,294.51,0.76,374.0,0.87,785.29
2026-01-07 11:48:55.391000+00:00,2026-01-07 11:48:52.993692+00:00,235.391,0.185,0.17,0.2,0.815,0.8,0.83,244.49,119.42,119.42,244.49,0.16,231.04,0.21,171.0,0.15,228.0,0.22,344.0,0.14,294.51,0.23,386.0,0.13,785.29,0.24,409.0,0.12,484.05,0.25,374.0,0.79,171.0,0.84,231.04,0.78,344.0,0.85,228.0,0.77,386.0,0.86,294.51,0.76,409.0,0.87,785.79,0.75,423.0,0.88,484.05
2026-01-07 11:48:56.318000+00:00,2026-01-07 11:48:54.001417+00:00,236.318,0.185,0.17,0.2,0.81,0.8,0.82,238.0,149.42,149.42,5.0,0.16,246.04,0.21,141.0,0.15,228.0,0.22,344.0,0.14,324.51,0.23,391.0,0.13,785.79,0.24,409.0,0.12,484.05,0.25,423.0,0.79,141.0,0.83,238.0,0.78,344.0,0.84,246.04,0.77,391.0,0.85,228.0,0.76,409.0,0.86,324.51,0.75,423.0,0.87,785.79
2026-01-07 11:48:57.372000+00:00,2026-01-07 11:48:55.022217+00:00,237.372,0.195,0.19,0.2,0.805,0.8,0.81,292.0,29.42,29.42,433.0,0.18,231.0,0.21,131.0,0.17,123.36,0.22,309.0,0.16,337.04,0.23,359.0,0.15,576.0,0.24,763.0,0.14,400.51,0.25,424.0,0.79,10.0,0.82,292.0,0.78,5.0,0.83,193.36,0.77,55.0,0.84,407.04,0.76,580.0,0.85,576.0,0.75,424.0,0.86,400.51
2026-01-07 11:48:58.418000+00:00,2026-01-07 11:48:56.030819+00:00,238.418,0.20500000000000002,0.2,0.21,0.785,0.78,0.79,198.48,10.0,5.0,197.0,0.19,193.0,0.22,5.0,0.18,232.0,0.23,20.0,0.17,642.36,0.24,484.0,0.16,563.04,0.25,136.0,0.15,374.0,0.26,414.2,0.77,20.0,0.8,183.48,0.76,484.0,0.81,218.0,0.75,146.0,0.82,232.0,0.74,414.2,0.83,642.36,0.73,339.0,0.84,528.04
2026-01-07 11:48:59.255000+00:00,2026-01-07 11:48:57.036636+00:00,239.255,0.215,0.21,0.22,0.785,0.78,0.79,238.0,5.0,5.0,238.0,0.2,203.48,0.23,20.0,0.19,239.3,0.24,549.0,0.18,228.0,0.25,151.0,0.17,642.36,0.26,344.2,0.16,528.04,0.27,339.0,0.77,20.0,0.8,203.48,0.76,549.0,0.81,239.3,0.75,151.0,0.82,228.0,0.74,344.2,0.83,642.36,0.73,339.0,0.84,528.04
2026-01-07 11:49:00.458000+00:00,2026-01-07 11:48:58.044951+00:00,240.458,0.195,0.19,0.2,0.805,0.8,0.81,194.3,35.0,35.0,194.3,0.18,183.0,0.21,20.0,0.17,123.36,0.22,195.0,0.16,196.04,0.23,429.0,0.15,454.0,0.24,409.0,0.14,460.51,0.25,374.0,0.79,10.0,0.82,183.0,0.78,195.0,0.83,123.36,0.77,429.0,0.84,196.04,0.76,409.0,0.85,454.0,0.75,374.0,0.86,460.51
2026-01-07 11:49:01.443000+00:00,2026-01-07 11:48:59.048402+00:00,241.443,0.195,0.19,0.2,0.805,0.8,0.81,17.08,80.0,71.0,17.08,0.18,5.0,0.21,40.0,0.17,183.36,0.22,110.0,0.16,211.04,0.23,429.0,0.15,434.0,0.24,409.0,0.14,420.51,0.25,374.0,0.79,40.0,0.82,5.0,0.78,110.0,0.83,183.36,0.77,429.0,0.84,211.04,0.76,409.0,0.85,313.0,0.75,374.0,0.86,599.51
2026-01-07 11:49:02.462000+00:00,2026-01-07 11:49:00.051974+00:00,242.462,0.21000000000000002,0.2,0.22,0.79,0.78,0.8,227.0,145.0,135.0,227.0,0.19,82.08,0.23,414.0,0.18,30.0,0.24,409.0,0.17,123.36,0.25,409.0,0.16,236.04,0.26,414.2,0.15,313.0,0.27,408.0,0.77,414.0,0.81,70.78,0.76,409.0,0.82,40.0,0.75,442.0,0.83,141.36,0.74,414.2,0.84,236.04,0.73,374.0,0.85,313.0
2026-01-07 11:49:03.442000+00:00,2026-01-07 11:49:01.072020+00:00,243.442,0.20500000000000002,0.2,0.21,0.795,0.79,0.8,1257.0,10.0,10.0,1257.0,0.19,55.0,0.22,125.0,0.18,26.11,0.23,444.0,0.17,161.36,0.24,409.0,0.16,216.04,0.25,442.0,0.15,383.0,0.26,414.2,0.78,125.0,0.81,55.0,0.77,444.0,0.82,26.11,0.76,409.0,0.83,161.36,0.75,442.0,0.84,216.04,0.74,414.2,0.85,383.0
2026-01-07 11:49:04.480000+00:00,2026-01-07 11:49:02.076371+00:00,244.48,0.20500000000000002,0.2,0.21,0.795,0.79,0.8,1242.56,75.0,75.0,1242.56,0.19,40.0,0.22,277.0,0.18,59.44,0.23,436.0,0.17,153.0,0.24,409.0,0.16,286.04,0.25,409.0,0.15,393.0,0.26,414.2,0.78,338.0,0.81,40.0,0.77,436.0,0.82,59.44,0.76,409.0,0.83,153.0,0.75,409.0,0.84,286.04,0.74,414.2,0.85,383.0
2026-01-07 11:49:05.339000+00:00,2026-01-07 11:49:03.080712+00:00,245.339,0.20500000000000002,0.2,0.21,0.795,0.79,0.8,1180.56,855.72,916.72,1180.56,0.19,5.0,0.22,434.0,0.18,59.44,0.23,461.0,0.17,48.0,0.24,409.0,0.16,216.04,0.25,409.0,0.15,288.0,0.26,379.2,0.78,434.0,0.81,5.0,0.77,461.0,0.82,59.44,0.76,409.0,0.83,48.0,0.75,409.0,0.84,35.0,0.74,379.2,0.85,105.0
2026-01-07 11:49:06.406000+00:00,2026-01-07 11:49:04.071173+00:00,246.406,0.20500000000000002,0.2,0.21,0.81,0.8,0.82,29.18,820.38,6.82,25.0,0.18,25.0,0.22,421.0,0.17,78.0,0.23,429.0,0.16,35.0,0.24,409.0,0.15,85.0,0.25,409.0,0.14,299.51,0.26,379.2,0.79,830.38,0.83,78.0,0.78,411.0,0.84,35.0,0.77,429.0,0.85,85.0,0.76,409.0,0.86,299.51,0.75,409.0,0.87,325.59
2026-01-07 11:49:07.471000+00:00,2026-01-07 11:49:05.062287+00:00,247.471,0.16999999999999998,0.16,0.18,0.83,0.82,0.84,35.0,59.16,99.16,35.0,0.15,30.0,0.19,50.0,0.14,254.51,0.2,23.0,0.13,325.59,0.21,772.38,0.12,418.05,0.22,414.0,0.11,487.02,0.23,429.0,0.81,50.0,0.85,35.0,0.8,46.0,0.86,284.51,0.79,772.38,0.87,325.59,0.78,414.0,0.88,418.05,0.77,429.0,0.89,487.02
2026-01-07 11:49:08.489000+00:00,2026-01-07 11:49:06.070455+00:00,248.489,0.16499999999999998,0.15,0.18,0.84,0.83,0.85,35.41,89.16,35.0,30.0,0.14,239.51,0.19,45.0,0.13,325.59,0.2,71.0,0.12,348.05,0.21,393.38,0.11,901.02,0.22,414.0,0.1,620.48,0.23,394.0,0.82,49.16,0.86,264.51,0.81,70.0,0.87,300.59,0.8,71.0,0.88,348.05,0.79,393.38,0.89,901.02,0.78,379.0,0.9,655.48
2026-01-07 11:49:09.453000+00:00,2026-01-07 11:49:07.063537+00:00,249.453,0.155,0.15,0.16,0.845,0.84,0.85,60.0,5.0,5.0,60.0,0.14,244.51,0.17,40.0,0.13,316.99,0.18,39.16,0.12,348.05,0.19,60.0,0.11,901.02,0.2,131.0,0.1,655.48,0.21,403.38,0.83,55.0,0.86,244.51,0.82,49.16,0.87,316.99,0.81,60.0,0.88,348.05,0.8,141.0,0.89,901.02,0.79,403.38,0.9,655.48
2026-01-07 11:49:10.483000+00:00,2026-01-07 11:49:08.072952+00:00,250.483,0.16,0.15,0.17,0.84,0.83,0.85,60.0,529.0,504.0,60.0,0.14,234.51,0.18,119.16,0.13,316.99,0.19,130.0,0.12,348.05,0.2,185.0,0.11,901.02,0.21,371.38,0.1,655.48,0.22,379.0,0.82,129.16,0.86,244.51,0.81,130.0,0.87,316.99,0.8,185.0,0.88,348.05,0.79,371.38,0.89,901.02,0.78,379.0,0.9,655.48
2026-01-07 11:49:11.449000+00:00,2026-01-07 11:49:09.078943+00:00,251.449,0.155,0.15,0.16,0.845,0.84,0.85,15.0,48.75,73.75,5.0,0.14,46.51,0.17,559.0,0.13,280.59,0.18,458.16,0.12,323.05,0.19,226.0,0.11,331.02,0.2,448.0,0.1,585.48,0.21,326.38,0.83,569.0,0.86,56.51,0.82,448.16,0.87,280.59,0.81,226.0,0.88,323.05,0.8,438.0,0.89,331.02,0.79,326.38,0.9,585.48
2026-01-07 11:49:12.447000+00:00,2026-01-07 11:49:10.083252+00:00,252.447,0.14,0.13,0.15,0.86,0.85,0.87,41.05,75.0,75.0,41.05,0.12,270.75,0.16,604.0,0.11,286.02,0.17,419.0,0.1,464.48,0.18,419.0,0.09,914.3,0.19,409.0,0.08,902.4,0.2,454.0,0.84,604.0,0.88,270.75,0.83,419.0,0.89,286.02,0.82,419.0,0.9,464.48,0.81,409.0,0.91,914.3,0.8,454.0,0.92,902.4
2026-01-07 11:49:13.442000+00:00,2026-01-07 11:49:11.102075+00:00,253.442,0.135,0.13,0.14,0.87,0.86,0.88,0.25,35.0,147.55,223.75,0.12,239.74,0.15,35.0,0.11,286.02,0.16,629.0,0.1,451.28,0.17,419.0,0.09,1192.3,0.18,419.0,0.08,624.4,0.19,374.0,0.85,30.0,0.89,286.02,0.84,629.0,0.9,451.28,0.83,419.0,0.91,1192.3,0.82,419.0,0.92,624.4,0.81,374.0,0.93,657.27
2026-01-07 11:49:14.486000+00:00,2026-01-07 11:49:12.120986+00:00,254.486,0.125,0.12,0.13,0.875,0.87,0.88,166.47,122.0,122.0,166.47,0.11,282.72,0.14,206.17,0.1,414.48,0.15,25.0,0.09,804.9,0.16,145.0,0.08,694.4,0.17,409.0,0.07,1014.27,0.18,439.0,0.86,206.17,0.89,282.72,0.85,25.0,0.9,414.48,0.84,145.0,0.91,804.9,0.83,409.0,0.92,694.4,0.82,439.0,0.93,1014.27
2026-01-07 11:49:15.521000+00:00,2026-01-07 11:49:13.124412+00:00,255.521,0.11499999999999999,0.11,0.12,0.885,0.88,0.89,29.72,15.0,96.66,29.72,0.1,364.48,0.13,337.0,0.09,279.3,0.14,663.17,0.08,478.4,0.15,226.0,0.07,823.27,0.16,368.0,0.06,498.5,0.17,404.0,0.87,362.0,0.9,340.08,0.86,688.17,0.91,324.3,0.85,236.0,0.92,433.4,0.84,429.0,0.93,823.27,0.83,404.0,0.94,498.5
2026-01-07 11:49:16.557000+00:00,2026-01-07 11:49:14.147316+00:00,256.557,0.10500000000000001,0.1,0.11,0.895,0.89,0.9,340.08,20.0,63.0,340.08,0.09,284.3,0.12,467.0,0.08,433.4,0.13,227.0,0.07,441.27,0.14,239.17,0.06,947.5,0.15,236.0,0.05,1079.56,0.16,424.0,0.88,479.0,0.91,284.3,0.87,227.0,0.92,468.4,0.86,239.17,0.93,441.27,0.85,244.0,0.94,947.5,0.84,424.0,0.95,1079.56
2026-01-07 11:49:17.534000+00:00,2026-01-07 11:49:15.165667+00:00,257.534,0.10500000000000001,0.1,0.11,0.895,0.89,0.9,322.76,80.0,80.0,322.76,0.09,279.3,0.12,479.0,0.08,448.4,0.13,227.0,0.07,441.27,0.14,360.17,0.06,1260.5,0.15,244.0,0.05,579.56,0.16,374.0,0.88,479.0,0.91,279.3,0.87,227.0,0.92,448.4,0.86,360.17,0.93,441.27,0.85,244.0,0.94,1260.5,0.84,374.0,0.95,579.56
2026-01-07 11:49:18.457000+00:00,2026-01-07 11:49:16.173588+00:00,258.457,0.10500000000000001,0.1,0.11,0.895,0.89,0.9,322.29,75.0,75.0,310.5,0.09,299.3,0.12,494.0,0.08,448.4,0.13,247.0,0.07,798.27,0.14,360.17,0.06,843.5,0.15,244.0,0.05,649.56,0.16,374.0,0.88,85.0,0.91,294.3,0.87,318.0,0.92,458.4,0.86,360.17,0.93,441.27,0.85,366.0,0.94,843.5,0.84,404.0,0.95,1149.56
2026-01-07 11:49:19.464000+00:00,2026-01-07 11:49:17.181184+00:00,259.464,0.10500000000000001,0.1,0.11,0.895,0.89,0.9,140.5,70.0,60.0,140.5,0.09,278.4,0.12,125.0,0.08,458.4,0.13,348.0,0.07,366.27,0.14,360.17,0.06,843.5,0.15,427.0,0.05,1028.56,0.16,404.0,0.88,135.0,0.91,278.4,0.87,348.0,0.92,458.4,0.86,360.17,0.93,366.27,0.85,427.0,0.94,843.5,0.84,404.0,0.95,1028.56
2026-01-07 11:49:20.498000+00:00,2026-01-07 11:49:18.182384+00:00,260.498,0.10500000000000001,0.1,0.11,0.895,0.89,0.9,155.5,4.09,4.09,155.5,0.09,308.4,0.12,140.0,0.08,423.4,0.13,343.0,0.07,391.27,0.14,360.17,0.06,913.5,0.15,427.0,0.05,1028.56,0.16,439.0,0.88,140.0,0.91,298.4,0.87,343.0,0.92,623.4,0.86,360.17,0.93,391.27,0.85,427.0,0.94,913.5,0.84,439.0,0.95,1028.56
2026-01-07 11:49:21.596000+00:00,2026-01-07 11:49:19.189871+00:00,261.596,0.10500000000000001,0.1,0.11,0.895,0.89,0.9,195.5,453.09,453.09,195.5,0.09,278.4,0.12,135.0,0.08,673.4,0.13,308.0,0.07,461.27,0.14,360.17,0.06,913.5,0.15,427.0,0.05,1028.56,0.16,439.0,0.88,135.0,0.91,288.4,0.87,338.0,0.92,673.4,0.86,360.17,0.93,461.27,0.85,437.0,0.94,913.5,0.84,439.0,0.95,1028.56
2026-01-07 11:49:22.548000+00:00,2026-01-07 11:49:20.195509+00:00,262.548,0.10500000000000001,0.1,0.11,0.895,0.89,0.9,125.5,468.09,468.09,125.5,0.09,313.4,0.12,170.0,0.08,703.4,0.13,313.0,0.07,461.27,0.14,360.17,0.06,913.5,0.15,456.0,0.05,528.56,0.16,409.0,0.88,170.0,0.91,313.4,0.87,313.0,0.92,703.4,0.86,360.17,0.93,461.27,0.85,456.0,0.94,913.5,0.84,409.0,0.95,528.56
2026-01-07 11:49:23.594000+00:00,2026-01-07 11:49:21.215222+00:00,263.594,0.10500000000000001,0.1,0.11,0.895,0.89,0.9,125.5,453.09,453.09,125.5,0.09,303.4,0.12,155.0,0.08,703.4,0.13,313.0,0.07,461.27,0.14,360.17,0.06,913.5,0.15,427.0,0.05,1028.56,0.16,439.0,0.88,170.0,0.91,303.4,0.87,313.0,0.92,713.4,0.86,360.17,0.93,461.27,0.85,427.0,0.94,933.5,0.84,439.0,0.95,1028.56
2026-01-07 11:49:24.600000+00:00,2026-01-07 11:49:22.219779+00:00,264.6,0.10500000000000001,0.1,0.11,0.895,0.89,0.9,116.6,408.09,408.09,116.6,0.09,258.4,0.12,135.0,0.08,700.7,0.13,303.0,0.07,501.27,0.14,360.17,0.06,821.5,0.15,417.0,0.05,1028.56,0.16,439.0,0.88,135.0,0.91,258.4,0.87,303.0,0.92,700.7,0.86,360.17,0.93,501.27,0.85,417.0,0.94,821.5,0.84,439.0,0.95,1028.56
2026-01-07 11:49:25.644000+00:00,2026-01-07 11:49:23.243155+00:00,265.644,0.10500000000000001,0.1,0.11,0.895,0.89,0.9,104.71,298.09,298.09,104.71,0.09,258.4,0.12,145.0,0.08,685.7,0.13,293.0,0.07,481.27,0.14,370.17,0.06,821.5,0.15,417.0,0.05,1038.56,0.16,439.0,0.88,155.0,0.91,283.4,0.87,293.0,0.92,705.7,0.86,370.17,0.93,471.27,0.85,417.0,0.94,821.5,0.84,439.0,0.95,1038.56
2026-01-07 11:49:26.283000+00:00,2026-01-07 11:49:24.251233+00:00,266.283,0.10500000000000001,0.1,0.11,0.895,0.89,0.9,104.71,254.9,254.9,104.71,0.09,130.4,0.12,180.0,0.08,685.7,0.13,303.0,0.07,461.27,0.14,572.17,0.06,821.5,0.15,427.0,0.05,538.56,0.16,409.0,0.88,180.0,0.91,130.4,0.87,303.0,0.92,685.7,0.86,572.17,0.93,461.27,0.85,427.0,0.94,821.5,0.84,409.0,0.95,538.56
2026-01-07 11:49:27.494000+00:00,2026-01-07 11:49:25.256602+00:00,267.494,0.10500000000000001,0.1,0.11,0.895,0.89,0.9,103.59,269.9,269.9,103.59,0.09,130.4,0.12,170.0,0.08,685.7,0.13,303.0,0.07,461.27,0.14,582.17,0.06,821.5,0.15,417.0,0.05,538.56,0.16,409.0,0.88,170.0,0.91,130.4,0.87,303.0,0.92,685.7,0.86,582.17,0.93,461.27,0.85,417.0,0.94,821.5,0.84,409.0,0.95,538.56
2026-01-07 11:49:28.521000+00:00,2026-01-07 11:49:26.261160+00:00,268.521,0.10500000000000001,0.1,0.11,0.895,0.89,0.9,103.59,264.9,264.9,103.59,0.09,130.4,0.12,170.0,0.08,685.7,0.13,303.0,0.07,461.27,0.14,582.17,0.06,821.5,0.15,417.0,0.05,538.56,0.16,409.0,0.88,170.0,0.91,125.4,0.87,303.0,0.92,685.7,0.86,572.17,0.93,461.27,0.85,417.0,0.94,821.5,0.84,409.0,0.95,538.56
2026-01-07 11:49:29.656000+00:00,2026-01-07 11:49:27.266971+00:00,269.656,0.10500000000000001,0.1,0.11,0.895,0.89,0.9,96.35,289.9,279.9,96.35,0.09,125.4,0.12,170.0,0.08,685.7,0.13,303.0,0.07,461.27,0.14,572.17,0.06,821.5,0.15,427.0,0.05,538.56,0.16,409.0,0.88,170.0,0.91,125.4,0.87,303.0,0.92,685.7,0.86,572.17,0.93,461.27,0.85,427.0,0.94,821.5,0.84,409.0,0.95,538.56
2026-01-07 11:49:30.680000+00:00,2026-01-07 11:49:28.274170+00:00,270.68,0.10500000000000001,0.1,0.11,0.895,0.89,0.9,11.35,435.9,435.9,11.35,0.09,115.6,0.12,271.0,0.08,457.7,0.13,501.0,0.07,346.27,0.14,553.17,0.06,302.5,0.15,442.0,0.05,842.56,0.16,383.69,0.88,276.0,0.91,85.6,0.87,530.0,0.92,457.7,0.86,553.17,0.93,346.27,0.85,442.0,0.94,302.5,0.84,383.69,0.95,842.56
2026-01-07 11:49:31.666000+00:00,2026-01-07 11:49:29.282911+00:00,271.666,0.10500000000000001,0.1,0.11,0.895,0.89,0.9,226.35,244.9,199.9,226.35,0.09,175.6,0.12,176.0,0.08,655.7,0.13,268.0,0.07,441.27,0.14,512.17,0.06,821.5,0.15,357.0,0.05,463.56,0.16,577.69,0.88,176.0,0.91,175.6,0.87,268.0,0.92,655.7,0.86,512.17,0.93,441.27,0.85,357.0,0.94,821.5,0.84,577.69,0.95,463.56
2026-01-07 11:49:32.693000+00:00,2026-01-07 11:49:30.287781+00:00,272.693,0.10500000000000001,0.1,0.11,0.895,0.89,0.9,105.58,200.8,200.8,105.58,0.09,125.6,0.12,186.0,0.08,655.7,0.13,307.0,0.07,441.27,0.14,463.17,0.06,821.5,0.15,357.0,0.05,463.56,0.16,567.69,0.88,186.0,0.91,125.6,0.87,302.0,0.92,655.7,0.86,473.17,0.93,441.27,0.85,357.0,0.94,821.5,0.84,567.69,0.95,463.56
2026-01-07 11:49:33.665000+00:00,2026-01-07 11:49:31.297121+00:00,273.665,0.10500000000000001,0.1,0.11,0.895,0.89,0.9,135.58,165.8,165.8,135.58,0.09,95.6,0.12,176.0,0.08,655.7,0.13,258.0,0.07,441.27,0.14,522.17,0.06,821.5,0.15,427.0,0.05,463.56,0.16,543.0,0.88,176.0,0.91,95.6,0.87,258.0,0.92,655.7,0.86,522.17,0.93,441.27,0.85,427.0,0.94,821.5,0.84,543.0,0.95,463.56
2026-01-07 11:49:34.681000+00:00,2026-01-07 11:49:32.302815+00:00,274.681,0.10500000000000001,0.1,0.11,0.895,0.89,0.9,105.58,150.8,150.8,105.58,0.09,100.2,0.12,261.0,0.08,675.7,0.13,343.0,0.07,441.27,0.14,572.17,0.06,841.5,0.15,435.65,0.05,455.56,0.16,533.0,0.88,261.0,0.91,100.2,0.87,343.0,0.92,675.7,0.86,572.17,0.93,446.63,0.85,435.65,0.94,841.5,0.84,533.0,0.95,461.16
2026-01-07 11:49:35.619000+00:00,2026-01-07 11:49:33.309552+00:00,275.619,0.10500000000000001,0.1,0.11,0.895,0.89,0.9,5.58,448.8,448.8,5.58,0.09,110.2,0.12,281.0,0.08,685.7,0.13,323.0,0.07,446.63,0.14,582.17,0.06,841.5,0.15,425.65,0.05,461.16,0.16,533.0,0.88,281.0,0.91,190.2,0.87,323.0,0.92,685.7,0.86,582.17,0.93,446.63,0.85,425.65,0.94,841.5,0.84,533.0,0.95,461.16
2026-01-07 11:49:36.474000+00:00,2026-01-07 11:49:34.315669+00:00,276.474,0.10500000000000001,0.1,0.11,0.895,0.89,0.9,0.2,448.8,453.8,80.2,0.09,190.2,0.12,281.0,0.08,685.7,0.13,323.0,0.07,446.63,0.14,553.17,0.06,841.5,0.15,454.65,0.05,461.16,0.16,533.0,0.88,276.0,0.91,110.2,0.87,323.0,0.92,685.7,0.86,553.17,0.93,446.63,0.85,454.65,0.94,841.5,0.84,533.0,0.95,461.16
2026-01-07 11:49:37.736000+00:00,2026-01-07 11:49:35.329350+00:00,277.736,0.1,0.09,0.11,0.9,0.89,0.91,110.2,454.7,454.7,110.2,0.08,685.7,0.12,296.0,0.07,446.63,0.13,293.0,0.06,841.5,0.14,553.17,0.05,461.16,0.15,454.65,0.04,1263.7,0.16,533.0,0.88,296.0,0.92,685.7,0.87,293.0,0.93,446.63,0.86,582.17,0.94,841.5,0.85,425.65,0.95,461.16,0.84,533.0,0.96,638.7
2026-01-07 11:49:38.742000+00:00,2026-01-07 11:49:36.337583+00:00,278.742,0.095,0.09,0.1,0.905,0.9,0.91,100.2,20.0,35.0,60.2,0.08,685.7,0.11,459.7,0.07,446.63,0.12,286.0,0.06,841.5,0.13,303.0,0.05,461.16,0.14,582.17,0.04,638.7,0.15,425.65,0.89,459.7,0.92,695.7,0.88,296.0,0.93,446.63,0.87,293.0,0.94,841.5,0.86,572.17,0.95,461.16,0.85,425.65,0.96,638.7
2026-01-07 11:49:39.553000+00:00,2026-01-07 11:49:37.359486+00:00,279.553,0.095,0.09,0.1,0.905,0.9,0.91,37.56,20.0,20.0,37.56,0.08,715.7,0.11,459.7,0.07,446.63,0.12,286.0,0.06,821.5,0.13,303.0,0.05,461.16,0.14,572.17,0.04,658.7,0.15,425.65,0.89,469.7,0.92,700.7,0.88,276.0,0.93,456.63,0.87,303.0,0.94,821.5,0.86,572.17,0.95,461.16,0.85,425.65,0.96,658.7
2026-01-07 11:49:40.786000+00:00,2026-01-07 11:49:38.381935+00:00,280.786,0.095,0.09,0.1,0.905,0.9,0.91,27.36,20.0,20.0,27.36,0.08,635.7,0.11,514.7,0.07,476.63,0.12,251.0,0.06,821.5,0.13,328.0,0.05,461.16,0.14,572.17,0.04,658.7,0.15,425.65,0.89,514.7,0.92,635.7,0.88,251.0,0.93,476.63,0.87,328.0,0.94,821.5,0.86,572.17,0.95,461.16,0.85,425.65,0.96,658.7
2026-01-07 11:49:41.472000+00:00,2026-01-07 11:49:40.410616+00:00,281.472,0.095,0.09,0.1,0.905,0.9,0.91,27.36,20.0,20.0,27.36,0.08,612.97,0.11,509.7,0.07,450.66,0.12,251.0,0.06,821.5,0.13,328.0,0.05,461.16,0.14,572.17,0.04,658.7,0.15,425.65,0.89,579.7,0.92,612.97,0.88,251.0,0.93,450.66,0.87,357.0,0.94,821.5,0.86,543.17,0.95,461.16,0.85,425.65,0.96,658.7
2026-01-07 11:49:43.783000+00:00,2026-01-07 11:49:41.430505+00:00,283.783,0.095,0.09,0.1,0.905,0.9,0.91,27.36,20.0,20.0,27.36,0.08,645.55,0.11,579.7,0.07,450.66,0.12,251.0,0.06,821.5,0.13,328.0,0.05,461.16,0.14,572.17,0.04,658.7,0.15,425.65,0.89,579.7,0.92,645.55,0.88,251.0,0.93,450.66,0.87,328.0,0.94,821.5,0.86,572.17,0.95,461.16,0.85,425.65,0.96,658.7
2026-01-07 11:49:44.838000+00:00,2026-01-07 11:49:42.435492+00:00,284.838,0.1,0.09,0.11,0.905,0.9,0.91,26.26,575.6,20.0,31.26,0.08,645.55,0.12,251.0,0.07,440.66,0.13,328.0,0.06,821.5,0.14,572.17,0.05,461.16,0.15,425.65,0.04,658.7,0.16,498.0,0.89,575.6,0.92,650.55,0.88,251.0,0.93,440.66,0.87,328.0,0.94,821.5,0.86,572.17,0.95,461.16,0.85,425.65,0.96,658.7
2026-01-07 11:49:45.406000+00:00,2026-01-07 11:49:43.427092+00:00,285.406,0.095,0.09,0.1,0.905,0.9,0.91,31.26,10.0,10.0,31.26,0.08,650.55,0.11,575.6,0.07,440.66,0.12,251.0,0.06,821.5,0.13,328.0,0.05,481.16,0.14,572.17,0.04,638.7,0.15,425.65,0.89,575.6,0.92,660.55,0.88,251.0,0.93,430.66,0.87,328.0,0.94,821.5,0.86,572.17,0.95,481.16,0.85,425.65,0.96,638.7
2026-01-07 11:49:46.858000+00:00,2026-01-07 11:49:44.447488+00:00,286.858,0.09,0.08,0.1,0.91,0.9,0.92,655.55,25.0,25.0,640.55,0.07,425.66,0.11,550.6,0.06,821.5,0.12,241.0,0.05,461.16,0.13,357.0,0.04,673.7,0.14,533.17,0.03,698.76,0.15,425.65,0.89,570.6,0.93,435.66,0.88,221.0,0.94,821.5,0.87,357.0,0.95,461.16,0.86,533.17,0.96,673.7,0.85,425.65,0.97,698.76
2026-01-07 11:49:47.864000+00:00,2026-01-07 11:49:45.455429+00:00,287.864,0.08499999999999999,0.08,0.09,0.915,0.91,0.92,427.33,48.47,48.47,387.33,0.07,192.66,0.1,60.0,0.06,307.2,0.11,236.0,0.05,354.8,0.12,477.0,0.04,482.7,0.13,501.0,0.03,612.76,0.14,498.17,0.9,60.0,0.93,192.66,0.89,236.0,0.94,307.2,0.88,477.0,0.95,354.8,0.87,501.0,0.96,482.7,0.86,498.17,0.97,612.76
2026-01-07 11:49:48.849000+00:00,2026-01-07 11:49:46.460568+00:00,288.849,0.08499999999999999,0.08,0.09,0.915,0.91,0.92,421.24,25.0,25.0,421.24,0.07,167.66,0.1,130.0,0.06,312.2,0.11,226.0,0.05,354.8,0.12,452.0,0.04,482.7,0.13,501.0,0.03,507.76,0.14,582.17,0.9,130.0,0.93,187.66,0.89,236.0,0.94,312.2,0.88,452.0,0.95,354.8,0.87,501.0,0.96,482.7,0.86,607.17,0.97,507.76
2026-01-07 11:49:49.804000+00:00,2026-01-07 11:49:47.468815+00:00,289.804,0.08499999999999999,0.08,0.09,0.915,0.91,0.92,421.24,35.0,30.0,436.24,0.07,187.66,0.1,130.0,0.06,312.2,0.11,236.0,0.05,354.8,0.12,464.0,0.04,482.7,0.13,501.0,0.03,507.76,0.14,607.17,0.9,95.0,0.93,192.66,0.89,266.0,0.94,272.2,0.88,454.0,0.95,354.8,0.87,511.0,0.96,482.7,0.86,607.17,0.97,507.76
2026-01-07 11:49:50.786000+00:00,2026-01-07 11:49:48.490161+00:00,290.786,0.08499999999999999,0.08,0.09,0.915,0.91,0.92,446.24,35.0,35.0,411.24,0.07,202.66,0.1,130.0,0.06,342.2,0.11,241.0,0.05,424.8,0.12,479.0,0.04,552.7,0.13,536.0,0.03,577.76,0.14,607.17,0.9,130.0,0.93,192.66,0.89,241.0,0.94,237.2,0.88,479.0,0.95,424.8,0.87,536.0,0.96,552.7,0.86,607.17,0.97,577.76
2026-01-07 11:49:51.814000+00:00,2026-01-07 11:49:49.499417+00:00,291.814,0.08499999999999999,0.08,0.09,0.915,0.91,0.92,375.34,65.0,484.0,460.34,0.07,222.66,0.1,145.0,0.06,254.2,0.11,211.0,0.05,424.8,0.12,563.0,0.04,926.7,0.13,501.0,0.03,612.76,0.14,543.97,0.9,35.0,0.93,152.66,0.89,216.0,0.94,319.2,0.88,583.0,0.95,424.8,0.87,501.0,0.96,926.7,0.86,553.97,0.97,577.76
2026-01-07 11:49:52.922000+00:00,2026-01-07 11:49:50.521783+00:00,292.922,0.08499999999999999,0.08,0.09,0.915,0.91,0.92,375.34,504.0,487.47,380.34,0.07,167.66,0.1,35.0,0.06,224.2,0.11,211.0,0.05,424.8,0.12,543.0,0.04,926.7,0.13,501.0,0.03,612.76,0.14,543.97,0.9,120.0,0.93,227.66,0.89,251.0,0.94,244.2,0.88,553.0,0.95,424.8,0.87,511.0,0.96,926.7,0.86,543.97,0.97,612.76
2026-01-07 11:49:53.792000+00:00,2026-01-07 11:49:51.544009+00:00,293.792,0.08499999999999999,0.08,0.09,0.915,0.91,0.92,375.34,497.47,512.47,375.34,0.07,170.36,0.1,155.0,0.06,274.2,0.11,211.0,0.05,444.8,0.12,504.0,0.04,926.7,0.13,550.0,0.03,612.76,0.14,543.97,0.9,155.0,0.93,170.36,0.89,211.0,0.94,274.2,0.88,504.0,0.95,444.8,0.87,550.0,0.96,926.7,0.86,543.97,0.97,612.76
