timestamp,seconds,mid,bid,ask,asset
2026-01-07 10:30:00+00:00,0.0,3208.1,3208.09,3208.21,ETH
2026-01-07 10:30:01+00:00,1.0,3208.35,3208.2,3208.44,ETH
2026-01-07 10:30:02+00:00,2.0,3208.35,3208.26,3208.4,ETH
2026-01-07 10:30:03+00:00,3.0,3208.35,3208.27,3208.4,ETH
2026-01-07 10:30:04+00:00,4.0,3208.31,3208.26,3208.36,ETH
2026-01-07 10:30:05+00:00,5.0,3208.35,3208.27,3208.39,ETH
2026-01-07 10:30:06+00:00,6.0,3208.37,3208.3,3208.42,ETH
2026-01-07 10:30:07+00:00,7.0,3208.39,3208.3,3208.45,ETH
2026-01-07 10:30:08+00:00,8.0,3208.42,3208.3,3208.51,ETH
2026-01-07 10:30:09+00:00,9.0,3208.8,3208.79,3209.02,ETH
2026-01-07 10:30:10+00:00,10.0,3209.04,3209.01,3209.23,ETH
2026-01-07 10:30:11+00:00,11.0,3209.09,3209.03,3209.18,ETH
2026-01-07 10:30:12+00:00,12.0,3209.13,3209.04,3209.19,ETH
2026-01-07 10:30:13+00:00,13.0,3209.2,3209.07,3209.22,ETH
2026-01-07 10:30:14+00:00,14.0,3209.32,3209.23,3209.53,ETH
2026-01-07 10:30:15+00:00,15.0,3209.57,3209.49,3209.62,ETH
2026-01-07 10:30:16+00:00,16.0,3210.88,3210.63,3210.96,ETH
2026-01-07 10:30:17+00:00,17.0,3210.81,3210.68,3210.91,ETH
2026-01-07 10:30:18+00:00,18.0,3210.8,3210.7,3210.89,ETH
2026-01-07 10:30:19+00:00,19.0,3210.88,3210.75,3210.96,ETH
2026-01-07 10:30:20+00:00,20.0,3211.03,3210.84,3211.05,ETH
2026-01-07 10:30:21+00:00,21.0,3210.91,3210.75,3211.04,ETH
2026-01-07 10:30:22+00:00,22.0,3211.03,3210.85,3211.04,ETH
2026-01-07 10:30:23+00:00,23.0,3211.1,3210.98,3211.12,ETH
2026-01-07 10:30:24+00:00,24.0,3211.34,3211.16,3211.39,ETH
2026-01-07 10:30:25+00:00,25.0,3211.34,3211.17,3211.4,ETH
2026-01-07 10:30:26+00:00,26.0,3211.35,3211.17,3211.4,ETH
2026-01-07 10:30:27+00:00,27.0,3211.35,3211.18,3211.4,ETH
2026-01-07 10:30:28+00:00,28.0,3211.45,3211.2,3211.47,ETH
2026-01-07 10:30:29+00:00,29.0,3211.49,3211.21,3211.56,ETH
2026-01-07 10:30:30+00:00,30.0,3211.47,3211.23,3211.47,ETH
2026-01-07 10:30:31+00:00,31.0,3211.36,3211.24,3211.47,ETH
2026-01-07 10:30:32+00:00,32.0,3211.37,3211.25,3211.46,ETH
2026-01-07 10:30:33+00:00,33.0,3211.37,3211.21,3211.42,ETH
2026-01-07 10:30:34+00:00,34.0,3211.4,3211.35,3211.45,ETH
2026-01-07 10:30:35+00:00,35.0,3211.49,3211.35,3211.52,ETH
2026-01-07 10:30:36+00:00,36.0,3211.49,3211.35,3211.52,ETH
2026-01-07 10:30:37+00:00,37.0,3211.59,3211.55,3211.69,ETH
2026-01-07 10:30:38+00:00,38.0,3211.92,3211.77,3212.32,ETH
2026-01-07 10:30:39+00:00,39.0,3212.1,3211.99,3212.13,ETH
2026-01-07 10:30:40+00:00,40.0,3212.26,3211.97,3212.27,ETH
2026-01-07 10:30:41+00:00,41.0,3212.27,3212.12,3212.45,ETH
2026-01-07 10:30:42+00:00,42.0,3212.11,3211.96,3212.25,ETH
2026-01-07 10:30:43+00:00,43.0,3212.02,3211.96,3212.12,ETH
2026-01-07 10:30:44+00:00,44.0,3212.14,3212.1,3212.21,ETH
2026-01-07 10:30:45+00:00,45.0,3212.28,3212.05,3212.29,ETH
2026-01-07 10:30:46+00:00,46.0,3212.35,3212.26,3212.4,ETH
2026-01-07 10:30:47+00:00,47.0,3212.33,3212.12,3212.37,ETH
2026-01-07 10:30:48+00:00,48.0,3212.14,3212.12,3212.37,ETH
2026-01-07 10:30:49+00:00,49.0,3212.24,3212.12,3212.37,ETH
2026-01-07 10:30:50+00:00,50.0,3212.19,3212.13,3212.35,ETH
2026-01-07 10:30:51+00:00,51.0,3212.34,3212.12,3212.42,ETH
2026-01-07 10:30:52+00:00,52.0,3212.34,3212.19,3212.39,ETH
2026-01-07 10:30:53+00:00,53.0,3212.33,3212.25,3212.39,ETH
2026-01-07 10:30:54+00:00,54.0,3212.34,3212.26,3212.42,ETH
2026-01-07 10:30:55+00:00,55.0,3212.37,3212.27,3212.46,ETH
2026-01-07 10:30:56+00:00,56.0,3212.35,3212.25,3212.43,ETH
2026-01-07 10:30:57+00:00,57.0,3212.36,3212.27,3212.42,ETH
2026-01-07 10:30:58+00:00,58.0,3212.47,3212.31,3212.5,ETH
2026-01-07 10:30:59+00:00,59.0,3212.56,3212.43,3212.58,ETH
2026-01-07 10:31:00+00:00,60.0,3212.79,3212.77,3212.88,ETH
2026-01-07 10:31:01+00:00,61.0,3213.32,3213.28,3213.51,ETH
2026-01-07 10:31:02+00:00,62.0,3213.98,3213.92,3214.15,ETH
2026-01-07 10:31:03+00:00,63.0,3214.38,3214.26,3214.45,ETH
2026-01-07 10:31:04+00:00,64.0,3214.19,3213.97,3214.29,ETH
2026-01-07 10:31:05+00:00,65.0,3213.66,3213.5,3213.78,ETH
2026-01-07 10:31:06+00:00,66.0,3213.27,3213.21,3213.41,ETH
2026-01-07 10:31:07+00:00,67.0,3213.18,3213.11,3213.39,ETH
2026-01-07 10:31:08+00:00,68.0,3213.26,3213.12,3213.41,ETH
2026-01-07 10:31:09+00:00,69.0,3213.6,3213.43,3213.68,ETH
2026-01-07 10:31:10+00:00,70.0,3213.94,3213.76,3214.0,ETH
2026-01-07 10:31:11+00:00,71.0,3214.05,3213.88,3214.08,ETH
2026-01-07 10:31:12+00:00,72.0,3214.1,3213.97,3214.16,ETH
2026-01-07 10:31:13+00:00,73.0,3214.25,3214.15,3214.33,ETH
2026-01-07 10:31:14+00:00,74.0,3214.46,3214.38,3214.53,ETH
2026-01-07 10:31:15+00:00,75.0,3214.6,3214.43,3214.68,ETH
2026-01-07 10:31:16+00:00,76.0,3214.61,3214.43,3214.7,ETH
2026-01-07 10:31:17+00:00,77.0,3214.55,3214.43,3214.77,ETH
2026-01-07 10:31:18+00:00,78.0,3214.48,3214.4,3214.7,ETH
2026-01-07 10:31:19+00:00,79.0,3214.46,3214.28,3214.57,ETH
2026-01-07 10:31:20+00:00,80.0,3214.47,3214.23,3214.6,ETH
2026-01-07 10:31:21+00:00,81.0,3214.36,3214.22,3214.43,ETH
2026-01-07 10:31:22+00:00,82.0,3214.22,3214.16,3214.25,ETH
2026-01-07 10:31:23+00:00,83.0,3214.04,3213.97,3214.13,ETH
2026-01-07 10:31:24+00:00,84.0,3213.87,3213.76,3213.99,ETH
2026-01-07 10:31:25+00:00,85.0,3213.81,3213.69,3213.92,ETH
2026-01-07 10:31:26+00:00,86.0,3213.72,3213.53,3213.77,ETH
2026-01-07 10:31:27+00:00,87.0,3213.55,3213.39,3213.58,ETH
2026-01-07 10:31:28+00:00,88.0,3213.44,3213.37,3213.49,ETH
2026-01-07 10:31:29+00:00,89.0,3213.42,3213.37,3213.46,ETH
2026-01-07 10:31:30+00:00,90.0,3213.39,3213.35,3213.43,ETH
2026-01-07 10:31:31+00:00,91.0,3213.37,3213.33,3213.43,ETH
2026-01-07 10:31:32+00:00,92.0,3213.31,3213.23,3213.41,ETH
2026-01-07 10:31:33+00:00,93.0,3213.26,3213.12,3213.39,ETH
2026-01-07 10:31:34+00:00,94.0,3213.22,3213.13,3213.39,ETH
2026-01-07 10:31:35+00:00,95.0,3213.21,3213.14,3213.38,ETH
2026-01-07 10:31:36+00:00,96.0,3213.3,3213.15,3213.37,ETH
2026-01-07 10:31:37+00:00,97.0,3213.6,3213.35,3213.68,ETH
2026-01-07 10:31:38+00:00,98.0,3213.94,3213.67,3214.04,ETH
2026-01-07 10:31:39+00:00,99.0,3213.92,3213.8,3214.01,ETH
2026-01-07 10:31:40+00:00,100.0,3213.76,3213.71,3213.83,ETH
2026-01-07 10:31:41+00:00,101.0,3213.59,3213.48,3213.61,ETH
2026-01-07 10:31:42+00:00,102.0,3213.3,3213.2,3213.39,ETH
2026-01-07 10:31:43+00:00,103.0,3213.16,3213.1,3213.28,ETH
2026-01-07 10:31:44+00:00,104.0,3213.18,3213.14,3213.28,ETH
2026-01-07 10:31:45+00:00,105.0,3213.13,3213.09,3213.24,ETH
2026-01-07 10:31:46+00:00,106.0,3213.45,3213.37,3213.55,ETH
2026-01-07 10:31:47+00:00,107.0,3213.94,3213.85,3214.08,ETH
2026-01-07 10:31:48+00:00,108.0,3214.09,3213.96,3214.25,ETH
2026-01-07 10:31:49+00:00,109.0,3214.13,3213.94,3214.27,ETH
2026-01-07 10:31:50+00:00,110.0,3214.15,3213.94,3214.28,ETH
2026-01-07 10:31:51+00:00,111.0,3214.13,3213.94,3214.22,ETH
2026-01-07 10:31:52+00:00,112.0,3214.13,3213.94,3214.22,ETH
2026-01-07 10:31:53+00:00,113.0,3214.08,3213.94,3214.22,ETH
2026-01-07 10:31:54+00:00,114.0,3213.94,3213.84,3214.15,ETH
2026-01-07 10:31:55+00:00,115.0,3213.98,3213.84,3214.18,ETH
2026-01-07 10:31:56+00:00,116.0,3214.03,3213.92,3214.17,ETH
2026-01-07 10:31:57+00:00,117.0,3214.23,3214.15,3214.32,ETH
2026-01-07 10:31:58+00:00,118.0,3214.44,3214.37,3214.48,ETH
2026-01-07 10:31:59+00:00,119.0,3214.42,3214.35,3214.46,ETH
2026-01-07 10:32:00+00:00,120.0,3214.6,3214.45,3214.79,ETH
2026-01-07 10:32:01+00:00,121.0,3214.86,3214.7,3215.12,ETH
2026-01-07 10:32:02+00:00,122.0,3215.06,3215.0,3215.21,ETH
2026-01-07 10:32:03+00:00,123.0,3215.18,3215.04,3215.24,ETH
2026-01-07 10:32:04+00:00,124.0,3215.18,3215.01,3215.27,ETH
2026-01-07 10:32:05+00:00,125.0,3215.23,3215.14,3215.33,ETH
2026-01-07 10:32:06+00:00,126.0,3215.32,3215.2,3215.36,ETH
2026-01-07 10:32:07+00:00,127.0,3215.33,3215.26,3215.58,ETH
2026-01-07 10:32:08+00:00,128.0,3215.43,3215.41,3215.72,ETH
2026-01-07 10:32:09+00:00,129.0,3215.51,3215.47,3215.61,ETH
2026-01-07 10:32:10+00:00,130.0,3215.22,3215.14,3215.43,ETH
2026-01-07 10:32:11+00:00,131.0,3214.87,3214.76,3215.13,ETH
2026-01-07 10:32:12+00:00,132.0,3214.76,3214.66,3214.93,ETH
2026-01-07 10:32:13+00:00,133.0,3214.79,3214.64,3214.88,ETH
2026-01-07 10:32:14+00:00,134.0,3214.84,3214.64,3214.9,ETH
2026-01-07 10:32:15+00:00,135.0,3214.78,3214.63,3214.88,ETH
2026-01-07 10:32:16+00:00,136.0,3214.72,3214.63,3214.85,ETH
2026-01-07 10:32:17+00:00,137.0,3214.72,3214.63,3214.82,ETH
2026-01-07 10:32:18+00:00,138.0,3214.71,3214.63,3214.8,ETH
2026-01-07 10:32:19+00:00,139.0,3214.72,3214.64,3214.8,ETH
2026-01-07 10:32:20+00:00,140.0,3214.73,3214.64,3214.8,ETH
2026-01-07 10:32:21+00:00,141.0,3214.7,3214.64,3214.8,ETH
2026-01-07 10:32:22+00:00,142.0,3214.52,3214.43,3214.69,ETH
2026-01-07 10:32:23+00:00,143.0,3214.33,3214.21,3214.51,ETH
2026-01-07 10:32:24+00:00,144.0,3214.29,3214.21,3214.39,ETH
2026-01-07 10:32:25+00:00,145.0,3214.24,3214.19,3214.31,ETH
2026-01-07 10:32:26+00:00,146.0,3213.98,3213.92,3214.03,ETH
2026-01-07 10:32:28+00:00,148.0,3213.7,3213.64,3213.75,ETH
2026-01-07 10:32:29+00:00,149.0,3213.67,3213.59,3213.7,ETH
2026-01-07 10:32:30+00:00,150.0,3213.65,3213.57,3213.67,ETH
2026-01-07 10:32:31+00:00,151.0,3213.63,3213.58,3213.67,ETH
2026-01-07 10:32:32+00:00,152.0,3213.62,3213.56,3213.66,ETH
2026-01-07 10:32:33+00:00,153.0,3213.62,3213.56,3213.66,ETH
2026-01-07 10:32:34+00:00,154.0,3213.61,3213.56,3213.65,ETH
2026-01-07 10:32:35+00:00,155.0,3213.58,3213.55,3213.65,ETH
2026-01-07 10:32:36+00:00,156.0,3213.57,3213.55,3213.64,ETH
2026-01-07 10:32:37+00:00,157.0,3213.53,3213.47,3213.56,ETH
2026-01-07 10:32:38+00:00,158.0,3213.49,3213.4,3213.5,ETH
2026-01-07 10:32:39+00:00,159.0,3213.48,3213.4,3213.49,ETH
2026-01-07 10:32:40+00:00,160.0,3213.5,3213.44,3213.55,ETH
2026-01-07 10:32:41+00:00,161.0,3213.63,3213.58,3213.72,ETH
2026-01-07 10:32:42+00:00,162.0,3213.79,3213.75,3213.86,ETH
2026-01-07 10:32:43+00:00,163.0,3213.93,3213.86,3213.99,ETH
2026-01-07 10:32:44+00:00,164.0,3214.02,3213.9,3214.08,ETH
2026-01-07 10:32:45+00:00,165.0,3214.02,3213.92,3214.07,ETH
2026-01-07 10:32:46+00:00,166.0,3214.03,3213.92,3214.06,ETH
2026-01-07 10:32:47+00:00,167.0,3214.04,3213.93,3214.06,ETH
2026-01-07 10:32:48+00:00,168.0,3214.07,3213.93,3214.12,ETH
2026-01-07 10:32:49+00:00,169.0,3214.11,3213.96,3214.17,ETH
2026-01-07 10:32:50+00:00,170.0,3214.35,3214.16,3214.38,ETH
2026-01-07 10:32:51+00:00,171.0,3214.59,3214.39,3214.62,ETH
2026-01-07 10:32:52+00:00,172.0,3214.6,3214.45,3214.62,ETH
2026-01-07 10:32:53+00:00,173.0,3214.57,3214.45,3214.67,ETH
2026-01-07 10:32:54+00:00,174.0,3214.59,3214.44,3214.68,ETH
2026-01-07 10:32:55+00:00,175.0,3214.52,3214.25,3214.68,ETH
2026-01-07 10:32:56+00:00,176.0,3214.57,3214.25,3214.61,ETH
2026-01-07 10:32:57+00:00,177.0,3214.5,3214.31,3214.62,ETH
2026-01-07 10:32:58+00:00,178.0,3214.48,3214.31,3214.6,ETH
2026-01-07 10:32:59+00:00,179.0,3214.49,3214.31,3214.61,ETH
2026-01-07 10:33:00+00:00,180.0,3214.4,3214.31,3214.51,ETH
2026-01-07 10:33:01+00:00,181.0,3214.38,3214.31,3214.52,ETH
2026-01-07 10:33:02+00:00,182.0,3214.47,3214.31,3214.52,ETH
2026-01-07 10:33:03+00:00,183.0,3214.41,3214.31,3214.51,ETH
2026-01-07 10:33:04+00:00,184.0,3214.4,3214.31,3214.51,ETH
2026-01-07 10:33:05+00:00,185.0,3214.44,3214.31,3214.52,ETH
2026-01-07 10:33:06+00:00,186.0,3214.43,3214.35,3214.53,ETH
2026-01-07 10:33:07+00:00,187.0,3214.42,3214.32,3214.53,ETH
2026-01-07 10:33:08+00:00,188.0,3214.41,3214.32,3214.53,ETH
2026-01-07 10:33:09+00:00,189.0,3214.42,3214.32,3214.53,ETH
2026-01-07 10:33:10+00:00,190.0,3214.42,3214.32,3214.53,ETH
2026-01-07 10:33:11+00:00,191.0,3214.43,3214.32,3214.53,ETH
2026-01-07 10:33:12+00:00,192.0,3214.44,3214.32,3214.51,ETH
2026-01-07 10:33:13+00:00,193.0,3214.44,3214.32,3214.48,ETH
2026-01-07 10:33:14+00:00,194.0,3214.44,3214.33,3214.48,ETH
2026-01-07 10:33:15+00:00,195.0,3214.5,3214.38,3214.57,ETH
2026-01-07 10:33:16+00:00,196.0,3214.63,3214.48,3214.69,ETH
2026-01-07 10:33:17+00:00,197.0,3214.71,3214.55,3214.72,ETH
2026-01-07 10:33:18+00:00,198.0,3214.71,3214.56,3214.73,ETH
2026-01-07 10:33:19+00:00,199.0,3214.71,3214.57,3214.73,ETH
2026-01-07 10:33:20+00:00,200.0,3214.71,3214.51,3214.73,ETH
2026-01-07 10:33:21+00:00,201.0,3214.66,3214.47,3214.78,ETH
2026-01-07 10:33:22+00:00,202.0,3214.61,3214.48,3214.73,ETH
2026-01-07 10:33:23+00:00,203.0,3214.61,3214.48,3214.63,ETH
2026-01-07 10:33:24+00:00,204.0,3214.61,3214.51,3214.64,ETH
2026-01-07 10:33:25+00:00,205.0,3214.65,3214.53,3214.68,ETH
2026-01-07 10:33:26+00:00,206.0,3214.67,3214.52,3214.79,ETH
2026-01-07 10:33:27+00:00,207.0,3214.68,3214.58,3214.85,ETH
2026-01-07 10:33:28+00:00,208.0,3214.69,3214.6,3214.83,ETH
2026-01-07 10:33:29+00:00,209.0,3214.68,3214.6,3214.81,ETH
2026-01-07 10:33:30+00:00,210.0,3214.69,3214.64,3214.87,ETH
2026-01-07 10:33:31+00:00,211.0,3214.69,3214.66,3214.94,ETH
2026-01-07 10:33:32+00:00,212.0,3214.69,3214.66,3214.88,ETH
2026-01-07 10:33:33+00:00,213.0,3214.7,3214.66,3214.8,ETH
2026-01-07 10:33:34+00:00,214.0,3214.67,3214.6,3214.74,ETH
2026-01-07 10:33:35+00:00,215.0,3214.63,3214.54,3214.68,ETH
2026-01-07 10:33:36+00:00,216.0,3214.62,3214.56,3214.7,ETH
2026-01-07 10:33:37+00:00,217.0,3214.6,3214.54,3214.68,ETH
2026-01-07 10:33:38+00:00,218.0,3214.6,3214.51,3214.65,ETH
2026-01-07 10:33:39+00:00,219.0,3214.64,3214.51,3214.65,ETH
2026-01-07 10:33:40+00:00,220.0,3214.64,3214.53,3214.65,ETH
2026-01-07 10:33:41+00:00,221.0,3214.63,3214.42,3214.64,ETH
2026-01-07 10:33:42+00:00,222.0,3214.62,3214.44,3214.63,ETH
2026-01-07 10:33:43+00:00,223.0,3214.62,3214.44,3214.7,ETH
2026-01-07 10:33:44+00:00,224.0,3214.62,3214.44,3214.7,ETH
2026-01-07 10:33:45+00:00,225.0,3214.13,3214.06,3214.21,ETH
2026-01-07 10:33:46+00:00,226.0,3214.23,3214.06,3214.28,ETH
2026-01-07 10:33:47+00:00,227.0,3214.22,3214.12,3214.26,ETH
2026-01-07 10:33:48+00:00,228.0,3214.18,3214.12,3214.26,ETH
2026-01-07 10:33:49+00:00,229.0,3214.16,3214.12,3214.2,ETH
2026-01-07 10:33:50+00:00,230.0,3214.14,3214.09,3214.16,ETH
2026-01-07 10:33:51+00:00,231.0,3214.56,3214.38,3214.7,ETH
2026-01-07 10:33:52+00:00,232.0,3214.63,3214.53,3214.7,ETH
2026-01-07 10:33:53+00:00,233.0,3214.63,3214.57,3214.68,ETH
2026-01-07 10:33:54+00:00,234.0,3214.71,3214.59,3214.75,ETH
2026-01-07 10:33:55+00:00,235.0,3214.71,3214.61,3214.73,ETH
2026-01-07 10:33:56+00:00,236.0,3214.78,3214.68,3214.82,ETH
2026-01-07 10:33:57+00:00,237.0,3214.79,3214.71,3214.84,ETH
2026-01-07 10:33:58+00:00,238.0,3214.72,3214.65,3214.78,ETH
2026-01-07 10:33:59+00:00,239.0,3214.7,3214.62,3214.76,ETH
2026-01-07 10:34:00+00:00,240.0,3214.62,3214.48,3214.64,ETH
2026-01-07 10:34:01+00:00,241.0,3214.49,3214.29,3214.53,ETH
2026-01-07 10:34:02+00:00,242.0,3214.25,3213.98,3214.29,ETH
2026-01-07 10:34:03+00:00,243.0,3213.93,3213.71,3213.94,ETH
2026-01-07 10:34:04+00:00,244.0,3213.79,3213.71,3213.82,ETH
2026-01-07 10:34:05+00:00,245.0,3213.78,3213.73,3213.83,ETH
2026-01-07 10:34:06+00:00,246.0,3213.73,3213.38,3213.75,ETH
2026-01-07 10:34:07+00:00,247.0,3213.53,3213.37,3213.54,ETH
2026-01-07 10:34:08+00:00,248.0,3213.51,3213.37,3213.67,ETH
2026-01-07 10:34:09+00:00,249.0,3213.4,3213.37,3213.55,ETH
2026-01-07 10:34:10+00:00,250.0,3213.37,3213.36,3213.56,ETH
2026-01-07 10:34:11+00:00,251.0,3213.36,3213.27,3213.5,ETH
2026-01-07 10:34:12+00:00,252.0,3213.31,3213.26,3213.5,ETH
2026-01-07 10:34:13+00:00,253.0,3213.32,3213.12,3213.43,ETH
2026-01-07 10:34:14+00:00,254.0,3213.3,3213.12,3213.49,ETH
2026-01-07 10:34:15+00:00,255.0,3213.29,3213.12,3213.49,ETH
2026-01-07 10:34:16+00:00,256.0,3213.31,3213.22,3213.55,ETH
2026-01-07 10:34:17+00:00,257.0,3213.39,3213.21,3213.55,ETH
2026-01-07 10:34:18+00:00,258.0,3213.46,3213.28,3213.57,ETH
2026-01-07 10:34:19+00:00,259.0,3213.47,3213.3,3213.52,ETH
2026-01-07 10:34:20+00:00,260.0,3213.44,3213.3,3213.59,ETH
2026-01-07 10:34:21+00:00,261.0,3213.41,3213.33,3213.44,ETH
2026-01-07 10:34:22+00:00,262.0,3213.41,3213.33,3213.44,ETH
2026-01-07 10:34:23+00:00,263.0,3213.41,3213.33,3213.44,ETH
2026-01-07 10:34:24+00:00,264.0,3213.41,3213.33,3213.44,ETH
2026-01-07 10:34:25+00:00,265.0,3213.42,3213.32,3213.46,ETH
2026-01-07 10:34:26+00:00,266.0,3213.4,3213.25,3213.41,ETH
2026-01-07 10:34:27+00:00,267.0,3213.41,3213.33,3213.43,ETH
2026-01-07 10:34:28+00:00,268.0,3213.41,3213.25,3213.42,ETH
2026-01-07 10:34:29+00:00,269.0,3213.46,3213.31,3213.49,ETH
2026-01-07 10:34:30+00:00,270.0,3213.43,3213.31,3213.46,ETH
2026-01-07 10:34:31+00:00,271.0,3213.36,3213.25,3213.37,ETH
2026-01-07 10:34:32+00:00,272.0,3213.36,3213.31,3213.39,ETH
2026-01-07 10:34:33+00:00,273.0,3213.49,3213.37,3213.55,ETH
2026-01-07 10:34:34+00:00,274.0,3213.68,3213.57,3213.72,ETH
2026-01-07 10:34:35+00:00,275.0,3213.69,3213.6,3213.7,ETH
2026-01-07 10:34:36+00:00,276.0,3213.74,3213.58,3213.75,ETH
2026-01-07 10:34:37+00:00,277.0,3213.74,3213.58,3213.75,ETH
2026-01-07 10:34:38+00:00,278.0,3213.74,3213.62,3213.78,ETH
2026-01-07 10:34:39+00:00,279.0,3213.81,3213.62,3213.86,ETH
2026-01-07 10:34:40+00:00,280.0,3213.91,3213.78,3213.92,ETH
2026-01-07 10:34:41+00:00,281.0,3213.98,3213.87,3214.04,ETH
2026-01-07 10:34:42+00:00,282.0,3213.98,3213.88,3214.07,ETH
2026-01-07 10:34:43+00:00,283.0,3213.96,3213.86,3214.07,ETH
2026-01-07 10:34:44+00:00,284.0,3213.96,3213.84,3214.06,ETH
2026-01-07 10:34:45+00:00,285.0,3213.93,3213.85,3214.08,ETH
2026-01-07 10:34:46+00:00,286.0,3213.97,3213.79,3214.08,ETH
2026-01-07 10:34:47+00:00,287.0,3214.1,3214.09,3214.53,ETH
2026-01-07 10:34:48+00:00,288.0,3214.41,3214.31,3214.53,ETH
2026-01-07 10:34:49+00:00,289.0,3214.5,3214.38,3214.54,ETH
2026-01-07 10:34:50+00:00,290.0,3214.51,3214.35,3214.56,ETH
2026-01-07 10:34:51+00:00,291.0,3214.53,3214.34,3214.58,ETH
2026-01-07 10:34:52+00:00,292.0,3214.53,3214.31,3214.62,ETH
2026-01-07 10:34:53+00:00,293.0,3214.53,3214.27,3214.67,ETH
2026-01-07 10:34:54+00:00,294.0,3214.53,3214.26,3214.69,ETH
2026-01-07 10:34:55+00:00,295.0,3214.53,3214.27,3214.6,ETH
2026-01-07 10:34:56+00:00,296.0,3214.53,3214.28,3214.65,ETH
2026-01-07 10:34:57+00:00,297.0,3214.51,3214.26,3214.63,ETH
2026-01-07 10:34:58+00:00,298.0,3214.51,3214.26,3214.63,ETH
2026-01-07 10:34:59+00:00,299.0,3214.28,3214.09,3214.31,ETH
2026-01-07 10:35:00+00:00,300.0,3214.29,3214.16,3214.39,ETH
2026-01-07 10:35:01+00:00,301.0,3214.42,3214.26,3214.54,ETH
2026-01-07 10:35:02+00:00,302.0,3214.17,3213.97,3214.46,ETH
2026-01-07 10:35:03+00:00,303.0,3213.78,3213.65,3214.22,ETH
2026-01-07 10:35:04+00:00,304.0,3213.69,3213.61,3214.04,ETH
2026-01-07 10:35:05+00:00,305.0,3213.68,3213.58,3214.04,ETH
2026-01-07 10:35:06+00:00,306.0,3213.67,3213.56,3213.95,ETH
2026-01-07 10:35:07+00:00,307.0,3213.68,3213.56,3213.86,ETH
2026-01-07 10:35:08+00:00,308.0,3213.69,3213.56,3213.98,ETH
2026-01-07 10:35:09+00:00,309.0,3213.68,3213.56,3214.04,ETH
2026-01-07 10:35:10+00:00,310.0,3213.66,3213.56,3213.98,ETH
2026-01-07 10:35:11+00:00,311.0,3213.66,3213.55,3213.94,ETH
2026-01-07 10:35:12+00:00,312.0,3213.56,3213.46,3213.81,ETH
2026-01-07 10:35:13+00:00,313.0,3213.46,3213.37,3213.73,ETH
2026-01-07 10:35:14+00:00,314.0,3213.46,3213.36,3213.74,ETH
2026-01-07 10:35:15+00:00,315.0,3213.45,3213.36,3213.78,ETH
2026-01-07 10:35:16+00:00,316.0,3213.44,3213.36,3213.82,ETH
2026-01-07 10:35:17+00:00,317.0,3213.44,3213.36,3213.82,ETH
2026-01-07 10:35:18+00:00,318.0,3213.23,3213.15,3213.42,ETH
2026-01-07 10:35:19+00:00,319.0,3212.9,3212.79,3212.91,ETH
2026-01-07 10:35:20+00:00,320.0,3212.78,3212.65,3212.79,ETH
2026-01-07 10:35:21+00:00,321.0,3212.71,3212.65,3212.82,ETH
2026-01-07 10:35:22+00:00,322.0,3213.29,3213.18,3213.36,ETH
2026-01-07 10:35:23+00:00,323.0,3213.47,3213.19,3213.58,ETH
2026-01-07 10:35:24+00:00,324.0,3213.42,3213.18,3213.43,ETH
2026-01-07 10:35:25+00:00,325.0,3213.35,3213.17,3213.43,ETH
2026-01-07 10:35:26+00:00,326.0,3213.31,3213.17,3213.43,ETH
2026-01-07 10:35:27+00:00,327.0,3213.28,3213.17,3213.4,ETH
2026-01-07 10:35:28+00:00,328.0,3213.39,3213.19,3213.54,ETH
2026-01-07 10:35:29+00:00,329.0,3213.33,3213.25,3213.39,ETH
2026-01-07 10:35:30+00:00,330.0,3213.42,3213.24,3213.43,ETH
2026-01-07 10:35:31+00:00,331.0,3213.53,3213.44,3213.63,ETH
2026-01-07 10:35:32+00:00,332.0,3213.7,3213.57,3213.71,ETH
2026-01-07 10:35:33+00:00,333.0,3213.72,3213.58,3213.76,ETH
2026-01-07 10:35:34+00:00,334.0,3213.71,3213.58,3213.72,ETH
2026-01-07 10:35:35+00:00,335.0,3213.71,3213.58,3213.72,ETH
2026-01-07 10:35:36+00:00,336.0,3213.82,3213.61,3213.86,ETH
2026-01-07 10:35:37+00:00,337.0,3213.83,3213.61,3213.85,ETH
2026-01-07 10:35:38+00:00,338.0,3213.86,3213.62,3213.88,ETH
2026-01-07 10:35:39+00:00,339.0,3214.16,3213.94,3214.43,ETH
2026-01-07 10:35:40+00:00,340.0,3214.37,3214.28,3214.42,ETH
2026-01-07 10:35:41+00:00,341.0,3214.4,3214.26,3214.41,ETH
2026-01-07 10:35:42+00:00,342.0,3214.41,3214.25,3214.43,ETH
2026-01-07 10:35:43+00:00,343.0,3214.37,3214.26,3214.39,ETH
2026-01-07 10:35:44+00:00,344.0,3214.44,3214.26,3214.46,ETH
2026-01-07 10:35:45+00:00,345.0,3214.5,3214.36,3214.65,ETH
2026-01-07 10:35:46+00:00,346.0,3214.67,3214.49,3214.83,ETH
2026-01-07 10:35:47+00:00,347.0,3214.79,3214.5,3214.83,ETH
2026-01-07 10:35:48+00:00,348.0,3214.78,3214.5,3214.83,ETH
2026-01-07 10:35:49+00:00,349.0,3214.78,3214.5,3214.84,ETH
2026-01-07 10:35:50+00:00,350.0,3214.79,3214.54,3214.84,ETH
2026-01-07 10:35:51+00:00,351.0,3214.8,3214.59,3214.84,ETH
2026-01-07 10:35:52+00:00,352.0,3214.82,3214.6,3214.85,ETH
2026-01-07 10:35:53+00:00,353.0,3214.83,3214.6,3214.87,ETH
2026-01-07 10:35:54+00:00,354.0,3214.84,3214.6,3214.86,ETH
2026-01-07 10:35:56+00:00,356.0,3214.85,3214.6,3214.88,ETH
2026-01-07 10:35:57+00:00,357.0,3214.87,3214.6,3214.9,ETH
2026-01-07 10:35:58+00:00,358.0,3214.88,3214.6,3214.91,ETH
2026-01-07 10:35:59+00:00,359.0,3214.92,3214.6,3214.95,ETH
2026-01-07 10:36:00+00:00,360.0,3214.91,3214.6,3214.95,ETH
2026-01-07 10:36:01+00:00,361.0,3214.71,3214.6,3214.77,ETH
2026-01-07 10:36:02+00:00,362.0,3214.68,3214.57,3214.74,ETH
2026-01-07 10:36:03+00:00,363.0,3214.65,3214.53,3214.7,ETH
2026-01-07 10:36:04+00:00,364.0,3214.7,3214.61,3214.85,ETH
2026-01-07 10:36:05+00:00,365.0,3214.66,3214.53,3214.71,ETH
2026-01-07 10:36:06+00:00,366.0,3214.7,3214.6,3214.76,ETH
2026-01-07 10:36:07+00:00,367.0,3214.7,3214.55,3214.71,ETH
2026-01-07 10:36:08+00:00,368.0,3214.7,3214.58,3214.71,ETH
2026-01-07 10:36:09+00:00,369.0,3214.72,3214.56,3214.74,ETH
2026-01-07 10:36:10+00:00,370.0,3214.77,3214.58,3214.84,ETH
2026-01-07 10:36:11+00:00,371.0,3214.8,3214.6,3214.87,ETH
2026-01-07 10:36:12+00:00,372.0,3215.02,3214.86,3215.05,ETH
2026-01-07 10:36:13+00:00,373.0,3215.28,3215.12,3215.31,ETH
2026-01-07 10:36:14+00:00,374.0,3215.32,3215.16,3215.38,ETH
2026-01-07 10:36:15+00:00,375.0,3215.31,3215.18,3215.42,ETH
2026-01-07 10:36:16+00:00,376.0,3215.3,3215.17,3215.42,ETH
2026-01-07 10:36:17+00:00,377.0,3215.33,3215.18,3215.43,ETH
2026-01-07 10:36:18+00:00,378.0,3215.39,3215.18,3215.44,ETH
2026-01-07 10:36:19+00:00,379.0,3215.3,3215.03,3215.32,ETH
2026-01-07 10:36:20+00:00,380.0,3215.16,3214.91,3215.21,ETH
2026-01-07 10:36:21+00:00,381.0,3215.1,3214.95,3215.18,ETH
2026-01-07 10:36:22+00:00,382.0,3215.06,3214.88,3215.15,ETH
2026-01-07 10:36:23+00:00,383.0,3214.99,3214.82,3215.13,ETH
2026-01-07 10:36:24+00:00,384.0,3214.92,3214.79,3215.11,ETH
2026-01-07 10:36:25+00:00,385.0,3214.93,3214.78,3215.12,ETH
2026-01-07 10:36:27+00:00,387.0,3215.13,3214.99,3215.21,ETH
2026-01-07 10:36:28+00:00,388.0,3215.19,3215.12,3215.23,ETH
2026-01-07 10:36:29+00:00,389.0,3215.38,3215.33,3215.44,ETH
2026-01-07 10:36:30+00:00,390.0,3215.54,3215.45,3215.75,ETH
2026-01-07 10:36:31+00:00,391.0,3215.86,3215.75,3215.9,ETH
2026-01-07 10:36:32+00:00,392.0,3215.98,3215.75,3216.07,ETH
2026-01-07 10:36:33+00:00,393.0,3216.01,3215.87,3216.13,ETH
2026-01-07 10:36:34+00:00,394.0,3216.22,3216.11,3216.45,ETH
2026-01-07 10:36:35+00:00,395.0,3216.69,3216.58,3216.89,ETH
2026-01-07 10:36:36+00:00,396.0,3217.11,3216.94,3217.16,ETH
2026-01-07 10:36:37+00:00,397.0,3217.3,3217.14,3217.43,ETH
2026-01-07 10:36:38+00:00,398.0,3217.5,3217.42,3217.61,ETH
2026-01-07 10:36:39+00:00,399.0,3217.58,3217.49,3217.61,ETH
2026-01-07 10:36:40+00:00,400.0,3217.46,3217.36,3217.57,ETH
2026-01-07 10:36:41+00:00,401.0,3217.34,3217.24,3217.52,ETH
2026-01-07 10:36:42+00:00,402.0,3217.34,3217.24,3217.5,ETH
2026-01-07 10:36:43+00:00,403.0,3217.32,3217.17,3217.41,ETH
2026-01-07 10:36:44+00:00,404.0,3217.35,3217.16,3217.4,ETH
2026-01-07 10:36:45+00:00,405.0,3217.34,3217.19,3217.39,ETH
2026-01-07 10:36:47+00:00,407.0,3217.29,3217.2,3217.33,ETH
2026-01-07 10:36:48+00:00,408.0,3217.32,3217.21,3217.39,ETH
2026-01-07 10:36:49+00:00,409.0,3217.36,3217.22,3217.41,ETH
2026-01-07 10:36:50+00:00,410.0,3217.35,3217.22,3217.4,ETH
2026-01-07 10:36:51+00:00,411.0,3217.6,3217.52,3217.7,ETH
2026-01-07 10:36:52+00:00,412.0,3217.58,3217.46,3217.6,ETH
2026-01-07 10:36:53+00:00,413.0,3217.53,3217.46,3217.57,ETH
2026-01-07 10:36:54+00:00,414.0,3217.55,3217.46,3217.68,ETH
2026-01-07 10:36:55+00:00,415.0,3217.71,3217.6,3217.82,ETH
2026-01-07 10:36:56+00:00,416.0,3218.04,3217.89,3218.1,ETH
2026-01-07 10:36:57+00:00,417.0,3218.41,3218.28,3218.49,ETH
2026-01-07 10:36:58+00:00,418.0,3218.41,3218.27,3218.46,ETH
2026-01-07 10:36:59+00:00,419.0,3218.3,3218.23,3218.4,ETH
2026-01-07 10:37:00+00:00,420.0,3218.38,3218.29,3218.5,ETH
2026-01-07 10:37:02+00:00,422.0,3218.3,3218.14,3218.55,ETH
2026-01-07 10:37:03+00:00,423.0,3217.98,3217.88,3218.17,ETH
2026-01-07 10:37:04+00:00,424.0,3217.81,3217.69,3217.87,ETH
2026-01-07 10:37:05+00:00,425.0,3217.77,3217.68,3217.82,ETH
2026-01-07 10:37:06+00:00,426.0,3217.71,3217.66,3217.79,ETH
2026-01-07 10:37:07+00:00,427.0,3217.78,3217.68,3217.83,ETH
2026-01-07 10:37:08+00:00,428.0,3217.61,3217.53,3217.73,ETH
2026-01-07 10:37:09+00:00,429.0,3217.8,3217.7,3218.13,ETH
2026-01-07 10:37:10+00:00,430.0,3218.44,3218.4,3218.48,ETH
2026-01-07 10:37:11+00:00,431.0,3218.42,3218.31,3218.44,ETH
2026-01-07 10:37:12+00:00,432.0,3218.2,3217.98,3218.24,ETH
2026-01-07 10:37:13+00:00,433.0,3218.13,3218.01,3218.22,ETH
2026-01-07 10:37:14+00:00,434.0,3217.91,3217.78,3217.93,ETH
2026-01-07 10:37:15+00:00,435.0,3217.92,3217.87,3217.99,ETH
2026-01-07 10:37:16+00:00,436.0,3217.92,3217.84,3217.94,ETH
2026-01-07 10:37:17+00:00,437.0,3217.92,3217.8,3217.94,ETH
2026-01-07 10:37:18+00:00,438.0,3217.92,3217.85,3217.94,ETH
2026-01-07 10:37:19+00:00,439.0,3217.84,3217.75,3217.87,ETH
2026-01-07 10:37:20+00:00,440.0,3217.85,3217.76,3217.88,ETH
2026-01-07 10:37:21+00:00,441.0,3217.86,3217.78,3217.89,ETH
2026-01-07 10:37:22+00:00,442.0,3217.86,3217.79,3217.89,ETH
2026-01-07 10:37:23+00:00,443.0,3217.9,3217.82,3217.97,ETH
2026-01-07 10:37:24+00:00,444.0,3218.03,3217.87,3218.08,ETH
2026-01-07 10:37:25+00:00,445.0,3218.1,3217.9,3218.12,ETH
2026-01-07 10:37:26+00:00,446.0,3218.1,3217.92,3218.13,ETH
2026-01-07 10:37:27+00:00,447.0,3218.1,3217.92,3218.13,ETH
2026-01-07 10:37:28+00:00,448.0,3218.12,3217.92,3218.16,ETH
2026-01-07 10:37:29+00:00,449.0,3218.15,3217.92,3218.19,ETH
2026-01-07 10:37:30+00:00,450.0,3218.17,3218.0,3218.25,ETH
2026-01-07 10:37:31+00:00,451.0,3217.99,3217.9,3218.19,ETH
2026-01-07 10:37:32+00:00,452.0,3218.18,3218.13,3218.43,ETH
2026-01-07 10:37:33+00:00,453.0,3218.41,3218.34,3218.56,ETH
2026-01-07 10:37:34+00:00,454.0,3218.27,3218.13,3218.44,ETH
2026-01-07 10:37:35+00:00,455.0,3218.19,3218.09,3218.35,ETH
2026-01-07 10:37:36+00:00,456.0,3218.08,3218.01,3218.12,ETH
2026-01-07 10:37:37+00:00,457.0,3218.12,3217.99,3218.16,ETH
2026-01-07 10:37:38+00:00,458.0,3218.25,3218.08,3218.29,ETH
2026-01-07 10:37:39+00:00,459.0,3218.33,3218.23,3218.37,ETH
2026-01-07 10:37:40+00:00,460.0,3218.36,3218.3,3218.39,ETH
2026-01-07 10:37:42+00:00,462.0,3218.38,3218.27,3218.39,ETH
2026-01-07 10:37:43+00:00,463.0,3218.4,3218.3,3218.49,ETH
2026-01-07 10:37:44+00:00,464.0,3218.48,3218.34,3218.49,ETH
2026-01-07 10:37:45+00:00,465.0,3218.55,3218.5,3218.68,ETH
2026-01-07 10:37:46+00:00,466.0,3218.57,3218.54,3218.68,ETH
2026-01-07 10:37:47+00:00,467.0,3218.57,3218.52,3218.61,ETH
2026-01-07 10:37:48+00:00,468.0,3218.57,3218.52,3218.68,ETH
2026-01-07 10:37:49+00:00,469.0,3218.88,3218.81,3219.0,ETH
2026-01-07 10:37:50+00:00,470.0,3219.17,3219.07,3219.27,ETH
2026-01-07 10:37:51+00:00,471.0,3219.2,3219.09,3219.3,ETH
2026-01-07 10:37:52+00:00,472.0,3219.24,3219.09,3219.29,ETH
2026-01-07 10:37:53+00:00,473.0,3219.23,3219.08,3219.29,ETH
2026-01-07 10:37:54+00:00,474.0,3219.22,3219.09,3219.28,ETH
2026-01-07 10:37:55+00:00,475.0,3219.23,3219.11,3219.35,ETH
2026-01-07 10:37:56+00:00,476.0,3219.22,3219.11,3219.41,ETH
2026-01-07 10:37:57+00:00,477.0,3219.22,3219.11,3219.41,ETH
2026-01-07 10:37:58+00:00,478.0,3219.22,3219.11,3219.34,ETH
2026-01-07 10:37:59+00:00,479.0,3219.22,3219.11,3219.27,ETH
2026-01-07 10:38:00+00:00,480.0,3219.2,3219.09,3219.26,ETH
2026-01-07 10:38:01+00:00,481.0,3219.2,3219.09,3219.27,ETH
2026-01-07 10:38:02+00:00,482.0,3219.21,3219.11,3219.28,ETH
2026-01-07 10:38:03+00:00,483.0,3219.19,3219.11,3219.25,ETH
2026-01-07 10:38:04+00:00,484.0,3219.17,3219.1,3219.23,ETH
2026-01-07 10:38:05+00:00,485.0,3219.16,3219.09,3219.25,ETH
2026-01-07 10:38:06+00:00,486.0,3219.18,3219.09,3219.26,ETH
2026-01-07 10:38:07+00:00,487.0,3219.21,3219.09,3219.27,ETH
2026-01-07 10:38:08+00:00,488.0,3219.21,3219.1,3219.27,ETH
2026-01-07 10:38:09+00:00,489.0,3219.23,3219.12,3219.27,ETH
2026-01-07 10:38:10+00:00,490.0,3219.25,3219.14,3219.27,ETH
2026-01-07 10:38:11+00:00,491.0,3219.25,3219.17,3219.27,ETH
2026-01-07 10:38:12+00:00,492.0,3219.27,3219.18,3219.29,ETH
2026-01-07 10:38:13+00:00,493.0,3219.29,3219.16,3219.31,ETH
2026-01-07 10:38:14+00:00,494.0,3219.28,3219.15,3219.31,ETH
2026-01-07 10:38:15+00:00,495.0,3219.26,3219.18,3219.32,ETH
2026-01-07 10:38:16+00:00,496.0,3219.29,3219.21,3219.34,ETH
2026-01-07 10:38:17+00:00,497.0,3219.33,3219.19,3219.36,ETH
2026-01-07 10:38:18+00:00,498.0,3219.35,3219.17,3219.38,ETH
2026-01-07 10:38:19+00:00,499.0,3219.37,3219.18,3219.4,ETH
2026-01-07 10:38:20+00:00,500.0,3219.37,3219.18,3219.4,ETH
2026-01-07 10:38:21+00:00,501.0,3219.37,3219.18,3219.39,ETH
2026-01-07 10:38:22+00:00,502.0,3219.37,3219.15,3219.39,ETH
2026-01-07 10:38:23+00:00,503.0,3219.32,3219.14,3219.37,ETH
2026-01-07 10:38:24+00:00,504.0,3219.28,3219.14,3219.35,ETH
2026-01-07 10:38:25+00:00,505.0,3218.98,3218.9,3219.03,ETH
2026-01-07 10:38:26+00:00,506.0,3218.54,3218.44,3218.56,ETH
2026-01-07 10:38:27+00:00,507.0,3218.33,3218.15,3218.39,ETH
2026-01-07 10:38:28+00:00,508.0,3218.2,3218.06,3218.26,ETH
2026-01-07 10:38:29+00:00,509.0,3218.08,3218.0,3218.14,ETH
2026-01-07 10:38:30+00:00,510.0,3217.82,3217.73,3217.9,ETH
2026-01-07 10:38:31+00:00,511.0,3217.58,3217.47,3217.67,ETH
2026-01-07 10:38:32+00:00,512.0,3217.43,3217.34,3217.5,ETH
2026-01-07 10:38:33+00:00,513.0,3217.24,3217.19,3217.29,ETH
2026-01-07 10:38:34+00:00,514.0,3217.18,3217.15,3217.24,ETH
2026-01-07 10:38:35+00:00,515.0,3217.16,3217.14,3217.23,ETH
2026-01-07 10:38:36+00:00,516.0,3217.16,3217.15,3217.29,ETH
2026-01-07 10:38:37+00:00,517.0,3217.16,3217.15,3217.25,ETH
2026-01-07 10:38:38+00:00,518.0,3217.16,3217.15,3217.26,ETH
2026-01-07 10:38:39+00:00,519.0,3217.16,3216.96,3217.17,ETH
2026-01-07 10:38:40+00:00,520.0,3216.16,3216.07,3216.19,ETH
2026-01-07 10:38:41+00:00,521.0,3215.9,3215.73,3215.92,ETH
2026-01-07 10:38:42+00:00,522.0,3215.6,3215.46,3215.69,ETH
2026-01-07 10:38:43+00:00,523.0,3215.36,3215.3,3215.59,ETH
2026-01-07 10:38:44+00:00,524.0,3215.12,3215.07,3215.44,ETH
2026-01-07 10:38:45+00:00,525.0,3214.94,3214.84,3215.27,ETH
2026-01-07 10:38:46+00:00,526.0,3214.95,3214.83,3215.22,ETH
2026-01-07 10:38:47+00:00,527.0,3214.98,3214.86,3215.15,ETH
2026-01-07 10:38:48+00:00,528.0,3214.93,3214.86,3215.09,ETH
2026-01-07 10:38:49+00:00,529.0,3214.87,3214.84,3215.09,ETH
2026-01-07 10:38:50+00:00,530.0,3214.93,3214.85,3215.11,ETH
2026-01-07 10:38:51+00:00,531.0,3215.05,3214.95,3215.23,ETH
2026-01-07 10:38:52+00:00,532.0,3215.17,3215.03,3215.33,ETH
2026-01-07 10:38:53+00:00,533.0,3215.16,3215.05,3215.32,ETH
2026-01-07 10:38:54+00:00,534.0,3215.08,3215.03,3215.25,ETH
2026-01-07 10:38:55+00:00,535.0,3215.07,3214.99,3215.14,ETH
2026-01-07 10:38:56+00:00,536.0,3215.07,3215.0,3215.11,ETH
2026-01-07 10:38:57+00:00,537.0,3215.08,3215.0,3215.16,ETH
2026-01-07 10:38:58+00:00,538.0,3215.09,3215.0,3215.2,ETH
2026-01-07 10:38:59+00:00,539.0,3215.1,3215.05,3215.26,ETH
2026-01-07 10:39:00+00:00,540.0,3215.1,3215.09,3215.33,ETH
2026-01-07 10:39:01+00:00,541.0,3215.18,3215.1,3215.19,ETH
2026-01-07 10:39:02+00:00,542.0,3215.16,3215.11,3215.2,ETH
2026-01-07 10:39:03+00:00,543.0,3215.14,3215.03,3215.15,ETH
2026-01-07 10:39:04+00:00,544.0,3215.13,3215.09,3215.15,ETH
2026-01-07 10:39:05+00:00,545.0,3215.13,3214.97,3215.15,ETH
2026-01-07 10:39:06+00:00,546.0,3215.13,3214.94,3215.15,ETH
2026-01-07 10:39:07+00:00,547.0,3214.69,3214.41,3214.89,ETH
2026-01-07 10:39:08+00:00,548.0,3213.74,3213.73,3214.04,ETH
2026-01-07 10:39:09+00:00,549.0,3213.86,3213.73,3214.09,ETH
2026-01-07 10:39:10+00:00,550.0,3213.74,3213.73,3214.06,ETH
2026-01-07 10:39:11+00:00,551.0,3213.74,3213.73,3213.95,ETH
2026-01-07 10:39:12+00:00,552.0,3213.74,3213.71,3214.06,ETH
2026-01-07 10:39:13+00:00,553.0,3213.74,3213.71,3214.07,ETH
2026-01-07 10:39:14+00:00,554.0,3213.74,3213.71,3214.07,ETH
2026-01-07 10:39:15+00:00,555.0,3213.76,3213.72,3213.95,ETH
2026-01-07 10:39:16+00:00,556.0,3213.85,3213.7,3213.89,ETH
2026-01-07 10:39:17+00:00,557.0,3213.76,3213.72,3213.91,ETH
2026-01-07 10:39:18+00:00,558.0,3213.76,3213.72,3213.91,ETH
2026-01-07 10:39:19+00:00,559.0,3213.79,3213.72,3213.92,ETH
2026-01-07 10:39:20+00:00,560.0,3213.83,3213.71,3213.9,ETH
2026-01-07 10:39:21+00:00,561.0,3213.87,3213.71,3213.89,ETH
2026-01-07 10:39:22+00:00,562.0,3213.94,3213.84,3213.97,ETH
2026-01-07 10:39:23+00:00,563.0,3213.94,3213.86,3213.99,ETH
2026-01-07 10:39:25+00:00,565.0,3213.86,3213.6,3213.96,ETH
2026-01-07 10:39:26+00:00,566.0,3213.66,3213.65,3213.96,ETH
2026-01-07 10:39:27+00:00,567.0,3213.66,3213.64,3214.06,ETH
2026-01-07 10:39:28+00:00,568.0,3213.67,3213.65,3214.06,ETH
2026-01-07 10:39:29+00:00,569.0,3213.66,3213.65,3214.05,ETH
2026-01-07 10:39:30+00:00,570.0,3213.66,3213.64,3214.04,ETH
2026-01-07 10:39:31+00:00,571.0,3213.87,3213.74,3214.11,ETH
2026-01-07 10:39:32+00:00,572.0,3213.87,3213.8,3214.13,ETH
2026-01-07 10:39:33+00:00,573.0,3214.12,3214.07,3214.45,ETH
2026-01-07 10:39:34+00:00,574.0,3214.53,3214.35,3214.54,ETH
2026-01-07 10:39:35+00:00,575.0,3214.54,3214.36,3214.56,ETH
2026-01-07 10:39:36+00:00,576.0,3214.5,3214.32,3214.55,ETH
2026-01-07 10:39:37+00:00,577.0,3214.53,3214.32,3214.58,ETH
2026-01-07 10:39:38+00:00,578.0,3214.39,3214.33,3214.55,ETH
2026-01-07 10:39:39+00:00,579.0,3214.5,3214.33,3214.55,ETH
2026-01-07 10:39:40+00:00,580.0,3214.55,3214.48,3214.64,ETH
2026-01-07 10:39:41+00:00,581.0,3214.56,3214.5,3214.62,ETH
2026-01-07 10:39:42+00:00,582.0,3214.51,3214.4,3214.59,ETH
2026-01-07 10:39:43+00:00,583.0,3214.87,3214.75,3214.92,ETH
2026-01-07 10:39:44+00:00,584.0,3214.9,3214.84,3214.96,ETH
2026-01-07 10:39:45+00:00,585.0,3215.19,3215.06,3215.23,ETH
2026-01-07 10:39:46+00:00,586.0,3215.37,3215.18,3215.44,ETH
2026-01-07 10:39:47+00:00,587.0,3215.5,3215.26,3215.6,ETH
2026-01-07 10:39:48+00:00,588.0,3215.51,3215.32,3215.57,ETH
2026-01-07 10:39:49+00:00,589.0,3215.51,3215.35,3215.54,ETH
2026-01-07 10:39:50+00:00,590.0,3215.61,3215.38,3215.67,ETH
2026-01-07 10:39:51+00:00,591.0,3215.69,3215.41,3215.78,ETH
2026-01-07 10:39:52+00:00,592.0,3215.71,3215.45,3215.78,ETH
2026-01-07 10:39:53+00:00,593.0,3215.72,3215.51,3215.76,ETH
2026-01-07 10:39:54+00:00,594.0,3215.96,3215.74,3215.98,ETH
2026-01-07 10:39:55+00:00,595.0,3216.17,3215.93,3216.19,ETH
2026-01-07 10:39:56+00:00,596.0,3216.11,3215.92,3216.13,ETH
2026-01-07 10:39:57+00:00,597.0,3216.05,3215.87,3216.08,ETH
2026-01-07 10:39:58+00:00,598.0,3216.03,3215.83,3216.09,ETH
2026-01-07 10:39:59+00:00,599.0,3216.05,3215.83,3216.11,ETH
2026-01-07 10:40:00+00:00,600.0,3216.05,3215.83,3216.11,ETH
2026-01-07 10:40:01+00:00,601.0,3216.04,3215.83,3216.08,ETH
2026-01-07 10:40:02+00:00,602.0,3216.02,3215.83,3216.06,ETH
2026-01-07 10:40:03+00:00,603.0,3216.02,3215.82,3216.06,ETH
2026-01-07 10:40:04+00:00,604.0,3216.02,3215.82,3216.09,ETH
2026-01-07 10:40:05+00:00,605.0,3216.01,3215.79,3216.12,ETH
2026-01-07 10:40:06+00:00,606.0,3216.01,3215.77,3216.11,ETH
2026-01-07 10:40:07+00:00,607.0,3216.01,3215.77,3216.1,ETH
2026-01-07 10:40:08+00:00,608.0,3215.98,3215.77,3216.08,ETH
2026-01-07 10:40:09+00:00,609.0,3215.93,3215.75,3216.02,ETH
2026-01-07 10:40:10+00:00,610.0,3215.88,3215.7,3215.95,ETH
2026-01-07 10:40:11+00:00,611.0,3215.86,3215.66,3215.91,ETH
2026-01-07 10:40:12+00:00,612.0,3215.77,3215.6,3215.8,ETH
2026-01-07 10:40:13+00:00,613.0,3215.63,3215.53,3215.68,ETH
2026-01-07 10:40:14+00:00,614.0,3215.57,3215.52,3215.63,ETH
2026-01-07 10:40:15+00:00,615.0,3215.57,3215.52,3215.63,ETH
2026-01-07 10:40:16+00:00,616.0,3215.57,3215.53,3215.65,ETH
2026-01-07 10:40:17+00:00,617.0,3215.61,3215.53,3215.66,ETH
2026-01-07 10:40:18+00:00,618.0,3215.65,3215.54,3215.66,ETH
2026-01-07 10:40:19+00:00,619.0,3215.66,3215.55,3215.69,ETH
2026-01-07 10:40:20+00:00,620.0,3215.67,3215.56,3215.71,ETH
2026-01-07 10:40:21+00:00,621.0,3215.68,3215.58,3215.7,ETH
2026-01-07 10:40:22+00:00,622.0,3215.69,3215.6,3215.71,ETH
2026-01-07 10:40:23+00:00,623.0,3215.69,3215.6,3215.71,ETH
2026-01-07 10:40:24+00:00,624.0,3215.69,3215.6,3215.71,ETH
2026-01-07 10:40:25+00:00,625.0,3215.69,3215.61,3215.71,ETH
2026-01-07 10:40:26+00:00,626.0,3215.69,3215.61,3215.72,ETH
2026-01-07 10:40:27+00:00,627.0,3215.69,3215.61,3215.72,ETH
2026-01-07 10:40:28+00:00,628.0,3215.69,3215.61,3215.71,ETH
2026-01-07 10:40:29+00:00,629.0,3215.69,3215.61,3215.71,ETH
2026-01-07 10:40:30+00:00,630.0,3215.69,3215.61,3215.71,ETH
2026-01-07 10:40:31+00:00,631.0,3215.69,3215.62,3215.74,ETH
2026-01-07 10:40:32+00:00,632.0,3215.69,3215.63,3215.75,ETH
2026-01-07 10:40:33+00:00,633.0,3215.7,3215.63,3215.73,ETH
2026-01-07 10:40:34+00:00,634.0,3215.69,3215.63,3215.74,ETH
2026-01-07 10:40:35+00:00,635.0,3215.43,3215.35,3215.46,ETH
2026-01-07 10:40:36+00:00,636.0,3215.16,3215.07,3215.17,ETH
2026-01-07 10:40:37+00:00,637.0,3215.15,3215.08,3215.17,ETH
2026-01-07 10:40:38+00:00,638.0,3215.15,3215.05,3215.16,ETH
2026-01-07 10:40:39+00:00,639.0,3215.1,3215.01,3215.15,ETH
2026-01-07 10:40:40+00:00,640.0,3215.07,3214.99,3215.13,ETH
2026-01-07 10:40:41+00:00,641.0,3215.07,3214.99,3215.11,ETH
2026-01-07 10:40:42+00:00,642.0,3215.06,3214.99,3215.12,ETH
2026-01-07 10:40:43+00:00,643.0,3215.06,3214.98,3215.13,ETH
2026-01-07 10:40:44+00:00,644.0,3215.05,3214.98,3215.13,ETH
2026-01-07 10:40:45+00:00,645.0,3215.05,3214.98,3215.13,ETH
2026-01-07 10:40:46+00:00,646.0,3215.05,3214.98,3215.11,ETH
2026-01-07 10:40:47+00:00,647.0,3215.05,3214.98,3215.1,ETH
2026-01-07 10:40:48+00:00,648.0,3215.03,3214.98,3215.08,ETH
2026-01-07 10:40:49+00:00,649.0,3215.01,3214.95,3215.06,ETH
2026-01-07 10:40:50+00:00,650.0,3214.98,3214.89,3215.04,ETH
2026-01-07 10:40:51+00:00,651.0,3214.95,3214.88,3215.04,ETH
2026-01-07 10:40:52+00:00,652.0,3214.98,3214.91,3215.04,ETH
2026-01-07 10:40:53+00:00,653.0,3214.99,3214.91,3215.05,ETH
2026-01-07 10:40:54+00:00,654.0,3215.01,3214.94,3215.06,ETH
2026-01-07 10:40:55+00:00,655.0,3215.04,3214.96,3215.07,ETH
2026-01-07 10:40:56+00:00,656.0,3215.06,3214.95,3215.07,ETH
2026-01-07 10:40:57+00:00,657.0,3215.06,3214.96,3215.07,ETH
2026-01-07 10:40:58+00:00,658.0,3215.06,3214.96,3215.07,ETH
2026-01-07 10:40:59+00:00,659.0,3215.06,3214.96,3215.07,ETH
2026-01-07 10:41:00+00:00,660.0,3215.06,3214.98,3215.07,ETH
2026-01-07 10:41:01+00:00,661.0,3215.06,3214.97,3215.07,ETH
2026-01-07 10:41:02+00:00,662.0,3215.09,3214.96,3215.1,ETH
2026-01-07 10:41:03+00:00,663.0,3215.11,3214.94,3215.13,ETH
2026-01-07 10:41:04+00:00,664.0,3215.11,3214.97,3215.15,ETH
2026-01-07 10:41:05+00:00,665.0,3214.9,3214.77,3214.94,ETH
2026-01-07 10:41:06+00:00,666.0,3214.7,3214.52,3214.71,ETH
2026-01-07 10:41:07+00:00,667.0,3214.7,3214.51,3214.71,ETH
2026-01-07 10:41:08+00:00,668.0,3214.69,3214.49,3214.7,ETH
2026-01-07 10:41:09+00:00,669.0,3214.65,3214.47,3214.66,ETH
2026-01-07 10:41:10+00:00,670.0,3214.59,3214.47,3214.67,ETH
2026-01-07 10:41:11+00:00,671.0,3214.58,3214.47,3214.71,ETH
2026-01-07 10:41:12+00:00,672.0,3214.58,3214.47,3214.68,ETH
2026-01-07 10:41:13+00:00,673.0,3214.58,3214.46,3214.66,ETH
2026-01-07 10:41:14+00:00,674.0,3213.92,3213.67,3214.07,ETH
2026-01-07 10:41:15+00:00,675.0,3213.13,3212.9,3213.31,ETH
2026-01-07 10:41:16+00:00,676.0,3213.0,3212.93,3213.22,ETH
2026-01-07 10:41:17+00:00,677.0,3212.99,3212.93,3213.29,ETH
2026-01-07 10:41:18+00:00,678.0,3212.99,3212.94,3213.18,ETH
2026-01-07 10:41:19+00:00,679.0,3213.0,3212.94,3213.07,ETH
2026-01-07 10:41:20+00:00,680.0,3213.03,3212.94,3213.1,ETH
2026-01-07 10:41:21+00:00,681.0,3213.04,3212.93,3213.1,ETH
2026-01-07 10:41:22+00:00,682.0,3213.03,3212.87,3213.06,ETH
2026-01-07 10:41:23+00:00,683.0,3213.03,3212.82,3213.08,ETH
2026-01-07 10:41:24+00:00,684.0,3213.04,3212.82,3213.12,ETH
2026-01-07 10:41:25+00:00,685.0,3212.98,3212.8,3213.04,ETH
2026-01-07 10:41:26+00:00,686.0,3212.85,3212.71,3212.87,ETH
2026-01-07 10:41:27+00:00,687.0,3212.72,3212.58,3212.76,ETH
2026-01-07 10:41:28+00:00,688.0,3212.65,3212.51,3212.69,ETH
2026-01-07 10:41:29+00:00,689.0,3212.62,3212.5,3212.67,ETH
2026-01-07 10:41:30+00:00,690.0,3212.6,3212.49,3212.65,ETH
2026-01-07 10:41:31+00:00,691.0,3212.58,3212.48,3212.63,ETH
2026-01-07 10:41:32+00:00,692.0,3212.56,3212.46,3212.62,ETH
2026-01-07 10:41:33+00:00,693.0,3212.56,3212.46,3212.62,ETH
2026-01-07 10:41:34+00:00,694.0,3212.56,3212.45,3212.62,ETH
2026-01-07 10:41:35+00:00,695.0,3212.5,3212.44,3212.62,ETH
2026-01-07 10:41:36+00:00,696.0,3212.52,3212.46,3212.63,ETH
2026-01-07 10:41:37+00:00,697.0,3212.6,3212.47,3212.65,ETH
2026-01-07 10:41:38+00:00,698.0,3212.55,3212.47,3212.65,ETH
2026-01-07 10:41:39+00:00,699.0,3212.41,3212.29,3212.51,ETH
2026-01-07 10:41:40+00:00,700.0,3212.19,3211.92,3212.22,ETH
2026-01-07 10:41:41+00:00,701.0,3211.88,3211.71,3211.99,ETH
2026-01-07 10:41:42+00:00,702.0,3211.72,3211.68,3211.88,ETH
2026-01-07 10:41:43+00:00,703.0,3211.82,3211.73,3212.01,ETH
2026-01-07 10:41:44+00:00,704.0,3211.93,3211.83,3212.16,ETH
2026-01-07 10:41:45+00:00,705.0,3212.01,3211.91,3212.2,ETH
2026-01-07 10:41:46+00:00,706.0,3212.09,3211.91,3212.26,ETH
2026-01-07 10:41:47+00:00,707.0,3211.96,3211.91,3212.04,ETH
2026-01-07 10:41:48+00:00,708.0,3211.96,3211.91,3212.03,ETH
2026-01-07 10:41:49+00:00,709.0,3212.02,3211.93,3212.14,ETH
2026-01-07 10:41:50+00:00,710.0,3211.93,3211.86,3212.03,ETH
2026-01-07 10:41:51+00:00,711.0,3211.93,3211.87,3212.03,ETH
2026-01-07 10:41:52+00:00,712.0,3212.02,3211.93,3212.13,ETH
2026-01-07 10:41:53+00:00,713.0,3211.93,3211.87,3212.03,ETH
2026-01-07 10:41:54+00:00,714.0,3211.97,3211.87,3212.08,ETH
2026-01-07 10:41:55+00:00,715.0,3211.94,3211.88,3212.08,ETH
2026-01-07 10:41:56+00:00,716.0,3211.93,3211.86,3212.07,ETH
2026-01-07 10:41:57+00:00,717.0,3211.91,3211.86,3212.04,ETH
2026-01-07 10:41:58+00:00,718.0,3211.92,3211.86,3212.01,ETH
2026-01-07 10:41:59+00:00,719.0,3211.94,3211.87,3212.03,ETH
2026-01-07 10:42:00+00:00,720.0,3211.94,3211.87,3212.06,ETH
2026-01-07 10:42:01+00:00,721.0,3211.93,3211.87,3212.05,ETH
2026-01-07 10:42:02+00:00,722.0,3211.95,3211.87,3212.02,ETH
2026-01-07 10:42:03+00:00,723.0,3211.95,3211.87,3212.02,ETH
2026-01-07 10:42:04+00:00,724.0,3211.95,3211.87,3212.0,ETH
2026-01-07 10:42:05+00:00,725.0,3211.98,3211.75,3211.99,ETH
2026-01-07 10:42:06+00:00,726.0,3211.98,3211.64,3211.99,ETH
2026-01-07 10:42:07+00:00,727.0,3211.97,3211.64,3211.99,ETH
2026-01-07 10:42:08+00:00,728.0,3211.94,3211.64,3211.99,ETH
2026-01-07 10:42:09+00:00,729.0,3211.94,3211.64,3211.99,ETH
2026-01-07 10:42:10+00:00,730.0,3211.94,3211.64,3211.99,ETH
2026-01-07 10:42:11+00:00,731.0,3211.92,3211.64,3211.99,ETH
2026-01-07 10:42:12+00:00,732.0,3211.97,3211.64,3211.99,ETH
2026-01-07 10:42:13+00:00,733.0,3211.97,3211.64,3211.99,ETH
2026-01-07 10:42:14+00:00,734.0,3211.98,3211.64,3211.99,ETH
2026-01-07 10:42:15+00:00,735.0,3211.95,3211.67,3211.97,ETH
2026-01-07 10:42:16+00:00,736.0,3211.93,3211.69,3211.94,ETH
2026-01-07 10:42:17+00:00,737.0,3211.9,3211.76,3211.91,ETH
2026-01-07 10:42:18+00:00,738.0,3211.9,3211.82,3211.91,ETH
2026-01-07 10:42:19+00:00,739.0,3211.9,3211.81,3211.92,ETH
2026-01-07 10:42:20+00:00,740.0,3211.65,3211.56,3211.66,ETH
2026-01-07 10:42:21+00:00,741.0,3211.71,3211.64,3211.97,ETH
2026-01-07 10:42:22+00:00,742.0,3211.87,3211.77,3211.92,ETH
2026-01-07 10:42:23+00:00,743.0,3211.9,3211.8,3211.96,ETH
2026-01-07 10:42:24+00:00,744.0,3211.82,3211.67,3211.85,ETH
2026-01-07 10:42:25+00:00,745.0,3211.65,3211.55,3211.66,ETH
2026-01-07 10:42:26+00:00,746.0,3211.65,3211.57,3211.67,ETH
2026-01-07 10:42:27+00:00,747.0,3211.7,3211.61,3211.88,ETH
2026-01-07 10:42:28+00:00,748.0,3211.7,3211.63,3211.7,ETH
2026-01-07 10:42:29+00:00,749.0,3211.7,3211.64,3211.7,ETH
2026-01-07 10:42:30+00:00,750.0,3211.92,3211.79,3211.97,ETH
2026-01-07 10:42:31+00:00,751.0,3212.38,3212.26,3212.44,ETH
2026-01-07 10:42:32+00:00,752.0,3212.44,3212.21,3212.48,ETH
2026-01-07 10:42:33+00:00,753.0,3212.39,3212.19,3212.52,ETH
2026-01-07 10:42:34+00:00,754.0,3212.32,3212.18,3212.37,ETH
2026-01-07 10:42:35+00:00,755.0,3212.33,3212.16,3212.4,ETH
2026-01-07 10:42:36+00:00,756.0,3212.39,3212.16,3212.46,ETH
2026-01-07 10:42:37+00:00,757.0,3212.33,3212.16,3212.39,ETH
2026-01-07 10:42:38+00:00,758.0,3212.29,3212.16,3212.34,ETH
2026-01-07 10:42:39+00:00,759.0,3212.35,3212.16,3212.4,ETH
2026-01-07 10:42:40+00:00,760.0,3212.36,3212.15,3212.41,ETH
2026-01-07 10:42:41+00:00,761.0,3212.36,3212.16,3212.42,ETH
2026-01-07 10:42:42+00:00,762.0,3212.39,3212.16,3212.48,ETH
2026-01-07 10:42:43+00:00,763.0,3212.33,3212.16,3212.4,ETH
2026-01-07 10:42:45+00:00,765.0,3212.28,3212.16,3212.33,ETH
2026-01-07 10:42:46+00:00,766.0,3212.33,3212.16,3212.6,ETH
2026-01-07 10:42:47+00:00,767.0,3212.27,3212.16,3212.68,ETH
2026-01-07 10:42:48+00:00,768.0,3211.82,3211.8,3211.84,ETH
2026-01-07 10:42:49+00:00,769.0,3211.79,3211.59,3211.96,ETH
2026-01-07 10:42:50+00:00,770.0,3211.63,3211.59,3211.7,ETH
2026-01-07 10:42:51+00:00,771.0,3211.93,3211.6,3212.25,ETH
2026-01-07 10:42:52+00:00,772.0,3212.15,3212.09,3212.29,ETH
2026-01-07 10:42:53+00:00,773.0,3212.07,3211.92,3212.1,ETH
2026-01-07 10:42:54+00:00,774.0,3212.07,3211.97,3212.12,ETH
2026-01-07 10:42:55+00:00,775.0,3212.09,3212.0,3212.17,ETH
2026-01-07 10:42:56+00:00,776.0,3212.09,3211.99,3212.15,ETH
2026-01-07 10:42:57+00:00,777.0,3212.08,3211.99,3212.11,ETH
2026-01-07 10:42:58+00:00,778.0,3212.08,3212.0,3212.12,ETH
2026-01-07 10:42:59+00:00,779.0,3212.08,3212.0,3212.12,ETH
2026-01-07 10:43:00+00:00,780.0,3212.08,3212.0,3212.13,ETH
2026-01-07 10:43:01+00:00,781.0,3212.08,3212.0,3212.12,ETH
2026-01-07 10:43:02+00:00,782.0,3212.04,3211.96,3212.11,ETH
2026-01-07 10:43:03+00:00,783.0,3211.93,3211.76,3212.04,ETH
2026-01-07 10:43:04+00:00,784.0,3211.81,3211.63,3211.9,ETH
2026-01-07 10:43:05+00:00,785.0,3211.72,3211.62,3211.75,ETH
2026-01-07 10:43:06+00:00,786.0,3211.66,3211.57,3211.67,ETH
2026-01-07 10:43:07+00:00,787.0,3211.65,3211.58,3211.71,ETH
2026-01-07 10:43:08+00:00,788.0,3211.55,3211.46,3211.64,ETH
2026-01-07 10:43:09+00:00,789.0,3211.41,3211.33,3211.47,ETH
2026-01-07 10:43:10+00:00,790.0,3211.36,3211.33,3211.43,ETH
2026-01-07 10:43:11+00:00,791.0,3211.36,3211.28,3211.4,ETH
2026-01-07 10:43:12+00:00,792.0,3211.36,3211.27,3211.38,ETH
2026-01-07 10:43:13+00:00,793.0,3211.39,3211.35,3211.43,ETH
2026-01-07 10:43:14+00:00,794.0,3211.43,3211.39,3211.46,ETH
2026-01-07 10:43:15+00:00,795.0,3211.42,3211.33,3211.45,ETH
2026-01-07 10:43:16+00:00,796.0,3211.4,3211.26,3211.42,ETH
2026-01-07 10:43:17+00:00,797.0,3211.39,3211.29,3211.43,ETH
2026-01-07 10:43:18+00:00,798.0,3211.35,3211.29,3211.42,ETH
2026-01-07 10:43:19+00:00,799.0,3211.32,3211.3,3211.41,ETH
2026-01-07 10:43:20+00:00,800.0,3211.33,3211.3,3211.39,ETH
2026-01-07 10:43:21+00:00,801.0,3211.32,3211.27,3211.36,ETH
2026-01-07 10:43:22+00:00,802.0,3211.31,3211.22,3211.31,ETH
2026-01-07 10:43:23+00:00,803.0,3211.27,3211.22,3211.31,ETH
2026-01-07 10:43:24+00:00,804.0,3211.23,3211.19,3211.3,ETH
2026-01-07 10:43:25+00:00,805.0,3211.22,3211.18,3211.29,ETH
2026-01-07 10:43:26+00:00,806.0,3211.21,3211.1,3211.22,ETH
2026-01-07 10:43:27+00:00,807.0,3211.26,3211.19,3211.32,ETH
2026-01-07 10:43:28+00:00,808.0,3211.27,3211.22,3211.31,ETH
2026-01-07 10:43:29+00:00,809.0,3211.34,3211.28,3211.38,ETH
2026-01-07 10:43:30+00:00,810.0,3211.36,3211.28,3211.43,ETH
2026-01-07 10:43:31+00:00,811.0,3211.32,3211.27,3211.36,ETH
2026-01-07 10:43:32+00:00,812.0,3211.32,3211.29,3211.36,ETH
2026-01-07 10:43:33+00:00,813.0,3211.44,3211.31,3211.5,ETH
2026-01-07 10:43:34+00:00,814.0,3211.59,3211.52,3211.74,ETH
2026-01-07 10:43:35+00:00,815.0,3211.84,3211.75,3211.97,ETH
2026-01-07 10:43:36+00:00,816.0,3211.93,3211.79,3211.96,ETH
2026-01-07 10:43:37+00:00,817.0,3211.93,3211.78,3211.96,ETH
2026-01-07 10:43:38+00:00,818.0,3211.93,3211.78,3212.01,ETH
2026-01-07 10:43:39+00:00,819.0,3211.93,3211.78,3212.06,ETH
2026-01-07 10:43:40+00:00,820.0,3211.93,3211.78,3212.07,ETH
2026-01-07 10:43:41+00:00,821.0,3211.92,3211.78,3212.01,ETH
2026-01-07 10:43:42+00:00,822.0,3211.92,3211.78,3211.96,ETH
2026-01-07 10:43:43+00:00,823.0,3211.91,3211.78,3212.01,ETH
2026-01-07 10:43:44+00:00,824.0,3211.91,3211.78,3212.05,ETH
2026-01-07 10:43:45+00:00,825.0,3211.91,3211.78,3212.03,ETH
2026-01-07 10:43:46+00:00,826.0,3211.87,3211.75,3212.0,ETH
2026-01-07 10:43:47+00:00,827.0,3211.87,3211.75,3212.01,ETH
2026-01-07 10:43:48+00:00,828.0,3211.86,3211.75,3211.9,ETH
2026-01-07 10:43:49+00:00,829.0,3211.82,3211.74,3211.9,ETH
2026-01-07 10:43:50+00:00,830.0,3211.59,3211.28,3211.59,ETH
2026-01-07 10:43:51+00:00,831.0,3211.42,3211.26,3211.53,ETH
2026-01-07 10:43:52+00:00,832.0,3211.42,3211.32,3211.52,ETH
2026-01-07 10:43:53+00:00,833.0,3211.45,3211.32,3211.53,ETH
2026-01-07 10:43:54+00:00,834.0,3211.45,3211.3,3211.52,ETH
2026-01-07 10:43:55+00:00,835.0,3211.45,3211.3,3211.5,ETH
2026-01-07 10:43:56+00:00,836.0,3211.41,3211.3,3211.51,ETH
2026-01-07 10:43:57+00:00,837.0,3211.41,3211.3,3211.51,ETH
2026-01-07 10:43:58+00:00,838.0,3211.41,3211.3,3211.51,ETH
2026-01-07 10:43:59+00:00,839.0,3211.41,3211.3,3211.52,ETH
2026-01-07 10:44:00+00:00,840.0,3211.36,3211.3,3211.51,ETH
2026-01-07 10:44:01+00:00,841.0,3211.36,3211.3,3211.51,ETH
2026-01-07 10:44:02+00:00,842.0,3211.12,3211.04,3211.22,ETH
2026-01-07 10:44:03+00:00,843.0,3211.12,3211.05,3211.21,ETH
2026-01-07 10:44:04+00:00,844.0,3211.14,3211.1,3211.2,ETH
2026-01-07 10:44:05+00:00,845.0,3211.5,3211.43,3211.56,ETH
2026-01-07 10:44:06+00:00,846.0,3211.7,3211.55,3211.86,ETH
2026-01-07 10:44:07+00:00,847.0,3211.93,3211.73,3212.33,ETH
2026-01-07 10:44:08+00:00,848.0,3212.21,3211.95,3212.24,ETH
2026-01-07 10:44:09+00:00,849.0,3211.84,3211.58,3211.87,ETH
2026-01-07 10:44:10+00:00,850.0,3211.32,3211.26,3211.44,ETH
2026-01-07 10:44:11+00:00,851.0,3211.28,3211.27,3211.42,ETH
2026-01-07 10:44:12+00:00,852.0,3211.29,3211.28,3211.48,ETH
2026-01-07 10:44:13+00:00,853.0,3211.29,3211.28,3211.52,ETH
2026-01-07 10:44:14+00:00,854.0,3211.29,3211.27,3211.46,ETH
2026-01-07 10:44:15+00:00,855.0,3211.28,3211.25,3211.42,ETH
2026-01-07 10:44:16+00:00,856.0,3211.27,3211.21,3211.44,ETH
2026-01-07 10:44:17+00:00,857.0,3211.26,3211.18,3211.36,ETH
2026-01-07 10:44:18+00:00,858.0,3211.17,3211.09,3211.26,ETH
2026-01-07 10:44:19+00:00,859.0,3211.01,3210.95,3211.14,ETH
2026-01-07 10:44:20+00:00,860.0,3210.93,3210.9,3211.01,ETH
2026-01-07 10:44:21+00:00,861.0,3210.94,3210.9,3211.0,ETH
2026-01-07 10:44:23+00:00,863.0,3210.97,3210.91,3211.01,ETH
2026-01-07 10:44:24+00:00,864.0,3210.96,3210.93,3211.0,ETH
2026-01-07 10:44:25+00:00,865.0,3211.0,3210.92,3211.02,ETH
2026-01-07 10:44:26+00:00,866.0,3210.88,3210.87,3210.97,ETH
2026-01-07 10:44:27+00:00,867.0,3210.88,3210.87,3210.97,ETH
2026-01-07 10:44:28+00:00,868.0,3210.88,3210.87,3210.97,ETH
2026-01-07 10:44:29+00:00,869.0,3210.88,3210.86,3210.97,ETH
2026-01-07 10:44:30+00:00,870.0,3210.88,3210.86,3210.98,ETH
2026-01-07 10:44:31+00:00,871.0,3210.92,3210.86,3211.01,ETH
2026-01-07 10:44:32+00:00,872.0,3210.91,3210.86,3210.97,ETH
2026-01-07 10:44:33+00:00,873.0,3210.89,3210.86,3210.98,ETH
2026-01-07 10:44:34+00:00,874.0,3210.89,3210.86,3210.99,ETH
2026-01-07 10:44:35+00:00,875.0,3210.87,3210.85,3210.94,ETH
2026-01-07 10:44:37+00:00,877.0,3210.86,3210.86,3211.14,ETH
2026-01-07 10:44:38+00:00,878.0,3210.86,3210.85,3211.14,ETH
2026-01-07 10:44:39+00:00,879.0,3210.74,3210.69,3210.95,ETH
2026-01-07 10:44:40+00:00,880.0,3210.74,3210.69,3210.91,ETH
2026-01-07 10:44:41+00:00,881.0,3210.73,3210.66,3210.82,ETH
2026-01-07 10:44:42+00:00,882.0,3210.73,3210.65,3210.75,ETH
2026-01-07 10:44:43+00:00,883.0,3210.74,3210.66,3210.94,ETH
2026-01-07 10:44:44+00:00,884.0,3210.67,3210.62,3210.73,ETH
2026-01-07 10:44:45+00:00,885.0,3210.62,3210.62,3210.69,ETH
2026-01-07 10:44:46+00:00,886.0,3210.64,3210.63,3210.79,ETH
2026-01-07 10:44:47+00:00,887.0,3210.61,3210.57,3210.65,ETH
2026-01-07 10:44:48+00:00,888.0,3210.62,3210.61,3210.69,ETH
2026-01-07 10:44:49+00:00,889.0,3210.62,3210.61,3210.87,ETH
2026-01-07 10:44:50+00:00,890.0,3210.62,3210.61,3210.87,ETH
2026-01-07 10:44:51+00:00,891.0,3210.62,3210.55,3210.8,ETH
2026-01-07 10:44:52+00:00,892.0,3210.39,3209.8,3210.56,ETH
2026-01-07 10:44:53+00:00,893.0,3209.87,3209.82,3209.99,ETH
2026-01-07 10:44:54+00:00,894.0,3210.52,3210.38,3210.54,ETH
2026-01-07 10:44:55+00:00,895.0,3210.72,3210.51,3211.01,ETH
2026-01-07 10:44:56+00:00,896.0,3211.08,3211.0,3211.2,ETH
2026-01-07 10:44:57+00:00,897.0,3211.21,3211.02,3211.52,ETH
2026-01-07 10:44:58+00:00,898.0,3211.21,3211.04,3211.39,ETH
2026-01-07 10:44:59+00:00,899.0,3211.17,3211.01,3211.23,ETH
