timestamp,collected_at,seconds,up_mid,up_best_bid,up_best_ask,down_mid,down_best_bid,down_best_ask,up_best_bid_size,up_best_ask_size,down_best_bid_size,down_best_ask_size,up_bid_2,up_bid_2_size,up_ask_2,up_ask_2_size,up_bid_3,up_bid_3_size,up_ask_3,up_ask_3_size,up_bid_4,up_bid_4_size,up_ask_4,up_ask_4_size,up_bid_5,up_bid_5_size,up_ask_5,up_ask_5_size,up_bid_6,up_bid_6_size,up_ask_6,up_ask_6_size,down_bid_2,down_bid_2_size,down_ask_2,down_ask_2_size,down_bid_3,down_bid_3_size,down_ask_3,down_ask_3_size,down_bid_4,down_bid_4_size,down_ask_4,down_ask_4_size,down_bid_5,down_bid_5_size,down_ask_5,down_ask_5_size,down_bid_6,down_bid_6_size,down_ask_6,down_ask_6_size
2026-01-07 10:30:01.002000+00:00,2026-01-07 10:29:58.566051+00:00,1.002,0.99,0.99,,0.01,,0.01,162383.44,,,162383.44,0.98,194.27,,,0.97,209.77,,,0.95,406.55,,,0.94,127.0,,,0.92,23.16,,,,,0.02,194.27,,,0.03,209.77,,,0.05,406.55,,,0.06,127.0,,,0.08,23.16
2026-01-07 10:30:02.016000+00:00,2026-01-07 10:29:59.587418+00:00,2.016,0.99,0.99,,0.01,,0.01,167782.79,,,167782.79,0.98,194.27,,,0.97,110.05,,,0.95,414.6,,,0.94,127.0,,,0.92,23.16,,,,,0.02,194.27,,,0.03,110.05,,,0.05,414.6,,,0.06,127.0,,,0.08,23.16
2026-01-07 10:30:03.045000+00:00,2026-01-07 10:30:00.593968+00:00,3.045,0.53,0.52,0.54,0.47,0.46,0.48,4.91,222.0,222.0,4.91,0.51,5.0,0.55,173.15,0.5,145.66,0.56,304.0,0.49,61.0,0.57,356.0,0.48,183.0,0.58,304.0,0.47,394.0,0.59,304.0,0.45,173.15,0.49,5.0,0.44,304.0,0.5,145.66,0.43,356.0,0.51,61.0,0.42,364.0,0.52,183.0,0.41,304.0,0.53,394.0
2026-01-07 10:30:04.048000+00:00,2026-01-07 10:30:01.598114+00:00,4.048,0.53,0.52,0.54,0.47,0.46,0.48,39.91,318.0,318.0,39.91,0.51,40.94,0.55,188.15,0.5,138.56,0.56,304.0,0.49,61.0,0.57,356.0,0.48,198.0,0.58,304.0,0.47,394.0,0.59,365.0,0.45,188.15,0.49,40.94,0.44,304.0,0.5,138.56,0.43,356.0,0.51,61.0,0.42,304.0,0.52,198.0,0.41,365.0,0.53,394.0
2026-01-07 10:30:05.028000+00:00,2026-01-07 10:30:02.587081+00:00,5.028,0.52,0.51,0.53,0.485,0.48,0.49,25.94,75.0,80.0,25.94,0.5,168.56,0.54,313.0,0.49,126.0,0.55,223.15,0.48,213.0,0.56,339.0,0.47,409.0,0.57,356.0,0.46,304.0,0.58,364.0,0.47,45.0,0.5,153.56,0.46,263.0,0.51,141.0,0.45,208.15,0.52,213.0,0.44,339.0,0.53,409.0,0.43,356.0,0.54,304.0
2026-01-07 10:30:06+00:00,2026-01-07 10:30:03.606158+00:00,6.0,0.51,0.5,0.52,0.49,0.48,0.5,203.76,200.0,200.0,203.76,0.49,151.0,0.53,70.0,0.48,223.0,0.54,283.0,0.47,444.0,0.55,213.15,0.46,339.0,0.56,339.0,0.45,392.0,0.57,356.0,0.47,70.0,0.51,151.0,0.46,283.0,0.52,223.0,0.45,213.15,0.53,444.0,0.44,339.0,0.54,339.0,0.43,356.0,0.55,392.0
2026-01-07 10:30:07.047000+00:00,2026-01-07 10:30:04.611723+00:00,7.047,0.505,0.5,0.51,0.495,0.49,0.5,183.76,30.0,30.0,183.76,0.49,136.0,0.52,215.0,0.48,258.0,0.53,55.0,0.47,459.0,0.54,283.0,0.46,339.0,0.55,213.15,0.45,392.0,0.56,339.0,0.48,180.0,0.51,136.0,0.47,70.0,0.52,258.0,0.46,283.0,0.53,459.0,0.45,213.15,0.54,339.0,0.44,339.0,0.55,392.0
2026-01-07 10:30:08.886000+00:00,2026-01-07 10:30:06.629713+00:00,8.886,0.505,0.5,0.51,0.495,0.49,0.5,175.76,34.0,28.0,175.76,0.49,180.0,0.52,295.0,0.48,308.0,0.53,125.0,0.47,529.0,0.54,348.0,0.46,409.0,0.55,283.15,0.45,462.0,0.56,409.0,0.48,295.0,0.51,180.0,0.47,125.0,0.52,308.0,0.46,348.0,0.53,529.0,0.45,283.15,0.54,409.0,0.44,409.0,0.55,462.0
2026-01-07 10:30:10.921000+00:00,2026-01-07 10:30:08.658836+00:00,10.921,0.505,0.5,0.51,0.495,0.49,0.5,185.76,33.0,33.0,185.76,0.49,260.0,0.52,360.0,0.48,308.0,0.53,145.0,0.47,529.0,0.54,348.0,0.46,409.0,0.55,283.15,0.45,462.0,0.56,409.0,0.48,360.0,0.51,260.0,0.47,145.0,0.52,308.0,0.46,348.0,0.53,529.0,0.45,283.15,0.54,409.0,0.44,409.0,0.55,462.0
2026-01-07 10:30:11.583000+00:00,2026-01-07 10:30:09.665642+00:00,11.583,0.505,0.5,0.51,0.495,0.49,0.5,185.76,33.0,33.0,185.76,0.49,260.0,0.52,345.0,0.48,323.0,0.53,160.0,0.47,514.0,0.54,348.0,0.46,409.0,0.55,283.15,0.45,462.0,0.56,409.0,0.48,345.0,0.51,260.0,0.47,160.0,0.52,323.0,0.46,348.0,0.53,514.0,0.45,283.15,0.54,409.0,0.44,409.0,0.55,462.0
2026-01-07 10:30:13.006000+00:00,2026-01-07 10:30:10.681000+00:00,13.006,0.505,0.5,0.51,0.495,0.49,0.5,185.76,33.0,33.0,185.76,0.49,260.0,0.52,345.0,0.48,323.0,0.53,160.0,0.47,514.0,0.54,348.0,0.46,409.0,0.55,283.15,0.45,462.0,0.56,409.0,0.48,345.0,0.51,260.0,0.47,160.0,0.52,323.0,0.46,348.0,0.53,514.0,0.45,283.15,0.54,409.0,0.44,409.0,0.55,462.0
2026-01-07 10:30:14.054000+00:00,2026-01-07 10:30:11.697922+00:00,14.054,0.505,0.5,0.51,0.495,0.49,0.5,139.66,143.0,143.0,139.66,0.49,312.0,0.52,280.0,0.48,394.3,0.53,125.0,0.47,529.0,0.54,348.0,0.46,409.0,0.55,283.15,0.45,462.0,0.56,409.0,0.48,280.0,0.51,373.0,0.47,125.0,0.52,394.3,0.46,348.0,0.53,529.0,0.45,283.15,0.54,409.0,0.44,409.0,0.55,462.0
2026-01-07 10:30:15.048000+00:00,2026-01-07 10:30:12.703684+00:00,15.048,0.505,0.5,0.51,0.495,0.49,0.5,100.72,83.0,83.0,105.72,0.49,368.0,0.52,340.0,0.48,344.3,0.53,125.0,0.47,529.0,0.54,348.0,0.46,409.0,0.55,283.15,0.45,462.0,0.56,409.0,0.48,345.0,0.51,413.0,0.47,125.0,0.52,334.3,0.46,348.0,0.53,529.0,0.45,283.15,0.54,409.0,0.44,409.0,0.55,462.0
2026-01-07 10:30:16.007000+00:00,2026-01-07 10:30:13.709513+00:00,16.007,0.505,0.5,0.51,0.495,0.49,0.5,110.72,80.0,80.0,110.72,0.49,433.0,0.52,335.0,0.48,324.3,0.53,135.0,0.47,529.0,0.54,348.0,0.46,409.0,0.55,283.15,0.45,462.0,0.56,409.0,0.48,335.0,0.51,433.0,0.47,135.0,0.52,324.3,0.46,348.0,0.53,529.0,0.45,283.15,0.54,409.0,0.44,409.0,0.55,462.0
2026-01-07 10:30:17.187000+00:00,2026-01-07 10:30:14.726876+00:00,17.187,0.505,0.5,0.51,0.495,0.49,0.5,125.72,80.0,40.39,125.72,0.49,433.0,0.52,310.0,0.48,339.3,0.53,150.0,0.47,514.0,0.54,348.0,0.46,409.0,0.55,283.15,0.45,432.0,0.56,409.0,0.48,330.0,0.51,433.0,0.47,150.0,0.52,339.3,0.46,348.0,0.53,514.0,0.45,283.15,0.54,409.0,0.44,409.0,0.55,432.0
2026-01-07 10:30:18.187000+00:00,2026-01-07 10:30:15.737405+00:00,18.187,0.515,0.51,0.52,0.485,0.48,0.49,20.0,240.4,273.2,20.0,0.5,240.72,0.53,225.0,0.49,368.0,0.54,373.0,0.48,314.3,0.55,283.15,0.47,514.0,0.56,409.0,0.46,409.0,0.57,426.0,0.47,190.0,0.5,235.72,0.46,383.0,0.51,368.0,0.45,283.15,0.52,314.3,0.44,409.0,0.53,514.0,0.43,426.0,0.54,409.0
2026-01-07 10:30:19.202000+00:00,2026-01-07 10:30:16.743653+00:00,19.202,0.515,0.51,0.52,0.485,0.48,0.49,5.0,273.2,273.2,5.0,0.5,240.72,0.53,190.0,0.49,368.0,0.54,383.0,0.48,314.3,0.55,283.15,0.47,514.0,0.56,409.0,0.46,409.0,0.57,426.0,0.47,190.0,0.5,250.76,0.46,383.0,0.51,368.0,0.45,283.15,0.52,314.3,0.44,409.0,0.53,514.0,0.43,426.0,0.54,409.0
2026-01-07 10:30:20.171000+00:00,2026-01-07 10:30:17.748845+00:00,20.171,0.505,0.5,0.51,0.495,0.49,0.5,135.76,50.0,50.0,135.76,0.49,428.0,0.52,333.2,0.48,349.3,0.53,160.0,0.47,514.0,0.54,348.0,0.46,409.0,0.55,283.15,0.45,432.0,0.56,409.0,0.48,333.2,0.51,428.0,0.47,160.0,0.52,349.3,0.46,348.0,0.53,514.0,0.45,283.15,0.54,409.0,0.44,409.0,0.55,432.0
2026-01-07 10:30:21.809000+00:00,2026-01-07 10:30:19.770415+00:00,21.809,0.505,0.5,0.51,0.495,0.49,0.5,140.76,29.5,29.5,140.76,0.49,428.0,0.52,333.2,0.48,349.3,0.53,160.0,0.47,514.0,0.54,348.0,0.46,409.0,0.55,283.15,0.45,432.0,0.56,409.0,0.48,333.2,0.51,428.0,0.47,160.0,0.52,349.3,0.46,348.0,0.53,514.0,0.45,283.15,0.54,409.0,0.44,409.0,0.55,432.0
2026-01-07 10:30:23.231000+00:00,2026-01-07 10:30:20.773299+00:00,23.231,0.505,0.5,0.51,0.49,0.48,0.5,175.76,15.0,313.2,180.76,0.49,408.0,0.52,343.2,0.48,349.3,0.53,160.0,0.47,514.0,0.54,348.0,0.46,409.0,0.55,283.15,0.45,432.0,0.56,409.0,0.47,170.0,0.51,403.0,0.46,348.0,0.52,329.3,0.45,283.15,0.53,514.0,0.44,409.0,0.54,409.0,0.43,426.0,0.55,432.0
2026-01-07 10:30:24.240000+00:00,2026-01-07 10:30:21.791783+00:00,24.24,0.51,0.5,0.52,0.49,0.48,0.5,168.88,333.2,333.2,174.88,0.49,423.0,0.53,170.0,0.48,329.3,0.54,348.0,0.47,514.0,0.55,283.15,0.46,409.0,0.56,409.0,0.45,432.0,0.57,426.0,0.47,170.0,0.51,423.0,0.46,348.0,0.52,323.0,0.45,283.15,0.53,514.0,0.44,409.0,0.54,409.0,0.43,426.0,0.55,432.0
2026-01-07 10:30:25.173000+00:00,2026-01-07 10:30:22.795886+00:00,25.173,0.515,0.51,0.52,0.485,0.48,0.49,108.0,193.2,103.2,75.0,0.5,224.88,0.53,235.0,0.49,363.0,0.54,383.0,0.48,308.0,0.55,283.15,0.47,514.0,0.56,409.0,0.46,409.0,0.57,426.0,0.47,235.0,0.5,224.88,0.46,383.0,0.51,363.0,0.45,283.15,0.52,308.0,0.44,409.0,0.53,514.0,0.43,426.0,0.54,409.0
2026-01-07 10:30:26.017000+00:00,2026-01-07 10:30:23.796350+00:00,26.017,0.515,0.51,0.52,0.49,0.48,0.5,35.0,133.2,133.2,224.18,0.5,249.88,0.53,325.0,0.49,358.0,0.54,383.0,0.48,398.0,0.55,283.15,0.47,424.0,0.56,443.3,0.46,409.0,0.57,426.0,0.47,325.0,0.51,358.0,0.46,383.0,0.52,398.0,0.45,283.15,0.53,424.0,0.44,443.3,0.54,409.0,0.43,426.0,0.55,432.0
2026-01-07 10:30:27.255000+00:00,2026-01-07 10:30:24.813057+00:00,27.255,0.51,0.5,0.52,0.49,0.48,0.5,289.18,188.2,188.2,289.18,0.49,358.0,0.53,285.0,0.48,398.0,0.54,363.0,0.47,424.0,0.55,283.15,0.46,409.0,0.56,443.3,0.45,432.0,0.57,484.0,0.47,285.0,0.51,358.0,0.46,363.0,0.52,398.0,0.45,283.15,0.53,424.0,0.44,443.3,0.54,409.0,0.43,484.0,0.55,432.0
2026-01-07 10:30:28.267000+00:00,2026-01-07 10:30:25.831075+00:00,28.267,0.505,0.5,0.51,0.495,0.49,0.5,144.18,123.0,123.0,144.18,0.49,368.0,0.52,268.2,0.48,383.0,0.53,145.0,0.47,424.0,0.54,348.0,0.46,499.0,0.55,283.15,0.45,432.0,0.56,443.3,0.48,288.2,0.51,368.0,0.47,145.0,0.52,393.0,0.46,348.0,0.53,424.0,0.45,283.15,0.54,499.0,0.44,443.3,0.55,432.0
2026-01-07 10:30:29.292000+00:00,2026-01-07 10:30:26.840735+00:00,29.292,0.505,0.5,0.51,0.495,0.49,0.5,74.18,213.0,228.0,74.18,0.49,85.0,0.52,362.0,0.48,353.0,0.53,277.0,0.47,474.0,0.54,348.0,0.46,519.0,0.55,404.15,0.45,432.0,0.56,465.3,0.48,318.0,0.51,85.0,0.47,338.0,0.52,170.0,0.46,348.0,0.53,338.0,0.45,404.15,0.54,534.0,0.44,465.3,0.55,432.0
2026-01-07 10:30:30.194000+00:00,2026-01-07 10:30:27.848345+00:00,30.194,0.495,0.49,0.5,0.505,0.5,0.51,15.0,170.0,170.0,15.0,0.48,145.0,0.51,230.0,0.47,363.0,0.52,348.0,0.46,509.0,0.53,333.0,0.45,432.0,0.54,348.0,0.44,425.0,0.55,459.95,0.49,230.0,0.52,145.0,0.48,348.0,0.53,363.0,0.47,333.0,0.54,509.0,0.46,348.0,0.55,432.0,0.45,459.95,0.56,425.0
2026-01-07 10:30:31.304000+00:00,2026-01-07 10:30:28.854301+00:00,31.304,0.495,0.49,0.5,0.505,0.5,0.51,20.0,153.0,143.0,20.0,0.48,195.0,0.51,230.0,0.47,323.0,0.52,348.0,0.46,713.0,0.53,333.0,0.45,432.0,0.54,469.0,0.44,425.0,0.55,459.95,0.49,230.0,0.52,195.0,0.48,348.0,0.53,140.0,0.47,333.0,0.54,713.0,0.46,469.0,0.55,432.0,0.45,459.95,0.56,425.0
2026-01-07 10:30:32.308000+00:00,2026-01-07 10:30:29.859787+00:00,32.308,0.495,0.49,0.5,0.505,0.5,0.51,20.0,423.0,453.0,0.13,0.48,5.0,0.51,323.0,0.47,75.0,0.52,567.0,0.46,384.0,0.53,454.0,0.45,208.0,0.54,523.0,0.44,425.0,0.55,403.95,0.49,323.0,0.52,5.0,0.48,567.0,0.53,75.0,0.47,454.0,0.54,454.0,0.46,469.0,0.55,208.0,0.45,459.95,0.56,425.0
2026-01-07 10:30:33.315000+00:00,2026-01-07 10:30:30.867038+00:00,33.315,0.475,0.47,0.48,0.525,0.52,0.53,116.13,35.0,35.0,138.97,0.46,414.0,0.49,75.0,0.45,193.0,0.5,408.0,0.44,425.0,0.51,363.0,0.43,458.0,0.52,567.0,0.42,419.0,0.53,419.0,0.51,75.0,0.54,414.0,0.5,493.0,0.55,193.0,0.49,383.0,0.56,425.0,0.48,567.0,0.57,458.0,0.47,419.0,0.58,419.0
2026-01-07 10:30:34.237000+00:00,2026-01-07 10:30:31.870731+00:00,34.237,0.48,0.47,0.49,0.52,0.51,0.53,122.85,95.0,100.0,122.85,0.46,409.0,0.5,468.0,0.45,193.0,0.51,378.0,0.44,425.0,0.52,567.0,0.43,458.0,0.53,454.0,0.42,419.0,0.54,419.0,0.5,463.0,0.54,409.0,0.49,378.0,0.55,103.0,0.48,567.0,0.56,425.0,0.47,454.0,0.57,458.0,0.46,419.0,0.58,419.0
2026-01-07 10:30:35.304000+00:00,2026-01-07 10:30:32.879588+00:00,35.304,0.475,0.47,0.48,0.525,0.52,0.53,102.85,6.0,6.0,102.85,0.46,434.0,0.49,117.55,0.45,103.0,0.5,468.0,0.44,425.0,0.51,358.0,0.43,458.0,0.52,567.0,0.42,419.0,0.53,454.0,0.51,117.55,0.54,434.0,0.5,468.0,0.55,103.0,0.49,358.0,0.56,425.0,0.48,567.0,0.57,458.0,0.47,454.0,0.58,419.0
2026-01-07 10:30:36.194000+00:00,2026-01-07 10:30:33.902342+00:00,36.194,0.475,0.47,0.48,0.525,0.52,0.53,102.85,11.0,11.0,102.85,0.46,617.0,0.49,107.75,0.45,376.0,0.5,285.0,0.44,425.0,0.51,358.0,0.43,458.0,0.52,343.0,0.42,419.0,0.53,454.0,0.51,107.75,0.54,617.0,0.5,285.0,0.55,376.0,0.49,358.0,0.56,425.0,0.48,343.0,0.57,458.0,0.47,454.0,0.58,419.0
2026-01-07 10:30:37.345000+00:00,2026-01-07 10:30:34.908175+00:00,37.345,0.48,0.47,0.49,0.52,0.51,0.53,115.85,71.0,65.0,115.85,0.46,582.0,0.5,305.0,0.45,366.0,0.51,358.0,0.44,390.0,0.52,343.0,0.43,458.0,0.53,454.0,0.42,384.0,0.54,419.0,0.5,295.0,0.54,582.0,0.49,323.0,0.55,366.0,0.48,343.0,0.56,390.0,0.47,454.0,0.57,458.0,0.46,419.0,0.58,384.0
2026-01-07 10:30:38.372000+00:00,2026-01-07 10:30:35.915210+00:00,38.372,0.475,0.47,0.48,0.525,0.52,0.53,187.85,25.0,25.0,157.85,0.46,537.0,0.49,75.0,0.45,401.0,0.5,335.0,0.44,425.0,0.51,333.0,0.43,458.0,0.52,343.0,0.42,384.0,0.53,454.0,0.51,70.0,0.54,552.0,0.5,285.0,0.55,401.0,0.49,328.0,0.56,425.0,0.48,358.0,0.57,516.0,0.47,454.0,0.58,384.0
2026-01-07 10:30:39.375000+00:00,2026-01-07 10:30:36.920796+00:00,39.375,0.475,0.47,0.48,0.525,0.52,0.53,269.85,15.0,15.0,330.85,0.46,658.0,0.49,70.0,0.45,522.0,0.5,110.0,0.44,425.0,0.51,409.0,0.43,458.0,0.52,325.0,0.42,444.0,0.53,333.0,0.51,70.0,0.54,748.0,0.5,110.0,0.55,432.0,0.49,409.0,0.56,425.0,0.48,325.0,0.57,458.0,0.47,333.0,0.58,444.0
2026-01-07 10:30:40.363000+00:00,2026-01-07 10:30:37.948420+00:00,40.363,0.485,0.48,0.49,0.515,0.51,0.52,155.0,70.0,70.0,155.0,0.47,270.85,0.5,110.0,0.46,748.0,0.51,409.0,0.45,432.0,0.52,325.0,0.44,425.0,0.53,333.0,0.43,409.0,0.54,500.3,0.5,110.0,0.53,270.85,0.49,409.0,0.54,748.0,0.48,325.0,0.55,432.0,0.47,333.0,0.56,425.0,0.46,500.3,0.57,409.0
2026-01-07 10:30:41.371000+00:00,2026-01-07 10:30:38.953840+00:00,41.371,0.495,0.49,0.5,0.505,0.5,0.51,70.0,150.0,150.0,70.0,0.48,55.0,0.51,424.0,0.47,340.85,0.52,265.0,0.46,748.0,0.53,333.0,0.45,432.0,0.54,500.3,0.44,425.0,0.55,369.15,0.49,424.0,0.52,55.0,0.48,265.0,0.53,340.85,0.47,333.0,0.54,748.0,0.46,500.3,0.55,432.0,0.45,369.15,0.56,425.0
2026-01-07 10:30:42.333000+00:00,2026-01-07 10:30:39.960980+00:00,42.333,0.49,0.48,0.5,0.51,0.5,0.52,81.0,240.0,240.0,81.0,0.47,350.85,0.51,389.0,0.46,748.0,0.52,265.0,0.45,432.0,0.53,333.0,0.44,425.0,0.54,454.0,0.43,455.2,0.55,411.45,0.49,389.0,0.53,420.85,0.48,265.0,0.54,748.0,0.47,333.0,0.55,432.0,0.46,454.0,0.56,425.0,0.45,411.45,0.57,455.2
2026-01-07 10:30:43.293000+00:00,2026-01-07 10:30:40.967198+00:00,43.293,0.49,0.48,0.5,0.505,0.5,0.51,115.0,240.0,160.0,50.0,0.47,395.85,0.51,389.0,0.46,773.0,0.52,387.0,0.45,432.0,0.53,333.0,0.44,425.0,0.54,454.0,0.43,420.2,0.55,411.45,0.49,424.0,0.52,95.0,0.48,387.0,0.53,395.85,0.47,333.0,0.54,768.0,0.46,454.0,0.55,432.0,0.45,411.45,0.56,425.0
2026-01-07 10:30:44.392000+00:00,2026-01-07 10:30:41.957479+00:00,44.392,0.49,0.48,0.5,0.51,0.5,0.52,185.0,130.0,130.0,170.0,0.47,400.85,0.51,509.0,0.46,768.0,0.52,333.0,0.45,432.0,0.53,333.0,0.44,425.0,0.54,454.0,0.43,420.2,0.55,446.45,0.49,509.0,0.53,400.85,0.48,333.0,0.54,768.0,0.47,333.0,0.55,432.0,0.46,454.0,0.56,425.0,0.45,446.45,0.57,420.2
2026-01-07 10:30:45.317000+00:00,2026-01-07 10:30:42.983385+00:00,45.317,0.495,0.49,0.5,0.505,0.5,0.51,9.79,130.0,130.0,9.79,0.48,176.0,0.51,509.0,0.47,400.85,0.52,333.0,0.46,768.0,0.53,333.0,0.45,432.0,0.54,454.0,0.44,425.0,0.55,446.45,0.49,509.0,0.52,176.0,0.48,333.0,0.53,400.85,0.47,333.0,0.54,768.0,0.46,454.0,0.55,432.0,0.45,446.45,0.56,425.0
2026-01-07 10:30:46.384000+00:00,2026-01-07 10:30:43.984812+00:00,46.384,0.505,0.5,0.51,0.495,0.49,0.5,35.0,469.0,469.0,35.0,0.49,155.0,0.52,293.0,0.48,353.3,0.53,323.0,0.47,345.85,0.54,454.0,0.46,768.0,0.55,446.45,0.45,397.0,0.56,409.0,0.48,110.0,0.51,155.0,0.47,140.0,0.52,414.3,0.46,333.0,0.53,345.85,0.45,446.45,0.54,768.0,0.44,409.0,0.55,397.0
2026-01-07 10:30:47.425000+00:00,2026-01-07 10:30:44.990911+00:00,47.425,0.505,0.5,0.51,0.495,0.49,0.5,35.0,469.03,469.03,35.0,0.49,155.0,0.52,120.0,0.48,424.3,0.53,192.0,0.47,330.85,0.54,333.0,0.46,768.0,0.55,446.45,0.45,397.0,0.56,409.0,0.48,120.0,0.51,155.0,0.47,253.0,0.52,424.3,0.46,333.0,0.53,330.85,0.45,446.45,0.54,768.0,0.44,409.0,0.55,397.0
2026-01-07 10:30:48.409000+00:00,2026-01-07 10:30:45.998251+00:00,48.409,0.505,0.5,0.51,0.495,0.49,0.5,35.0,479.03,479.03,35.0,0.49,155.0,0.52,110.0,0.48,414.3,0.53,253.0,0.47,330.85,0.54,333.0,0.46,768.0,0.55,446.45,0.45,397.0,0.56,409.0,0.48,110.0,0.51,165.0,0.47,253.0,0.52,414.3,0.46,333.0,0.53,330.85,0.45,446.45,0.54,768.0,0.44,409.0,0.55,397.0
2026-01-07 10:30:49.443000+00:00,2026-01-07 10:30:47.007651+00:00,49.443,0.505,0.5,0.51,0.495,0.49,0.5,225.0,15.03,15.03,225.0,0.49,220.0,0.52,155.0,0.48,329.3,0.53,353.0,0.47,330.85,0.54,323.0,0.46,768.0,0.55,446.45,0.45,397.0,0.56,409.0,0.48,250.0,0.51,220.0,0.47,353.0,0.52,329.3,0.46,323.0,0.53,330.85,0.45,446.45,0.54,768.0,0.44,409.0,0.55,397.0
2026-01-07 10:30:50.227000+00:00,2026-01-07 10:30:48.016534+00:00,50.227,0.505,0.5,0.51,0.495,0.49,0.5,145.0,10.03,10.03,145.0,0.49,230.0,0.52,285.0,0.48,319.3,0.53,160.0,0.47,415.85,0.54,333.0,0.46,678.0,0.55,404.15,0.45,432.0,0.56,450.9,0.48,285.0,0.51,230.0,0.47,160.0,0.52,319.3,0.46,333.0,0.53,415.85,0.45,404.15,0.54,678.0,0.44,450.9,0.55,432.0
2026-01-07 10:30:51.176000+00:00,2026-01-07 10:30:49.023647+00:00,51.176,0.505,0.5,0.51,0.495,0.49,0.5,145.0,10.03,10.03,145.0,0.49,230.0,0.52,285.0,0.48,319.3,0.53,160.0,0.47,415.85,0.54,333.0,0.46,678.0,0.55,404.15,0.45,432.0,0.56,450.9,0.48,285.0,0.51,230.0,0.47,160.0,0.52,319.3,0.46,333.0,0.53,415.85,0.45,404.15,0.54,678.0,0.44,450.9,0.55,432.0
2026-01-07 10:30:52.377000+00:00,2026-01-07 10:30:50.029928+00:00,52.377,0.505,0.5,0.51,0.495,0.49,0.5,160.0,10.03,10.03,145.0,0.49,230.0,0.52,355.0,0.48,319.3,0.53,160.0,0.47,415.85,0.54,333.0,0.46,678.0,0.55,404.15,0.45,432.0,0.56,450.9,0.48,355.0,0.51,230.0,0.47,160.0,0.52,319.3,0.46,333.0,0.53,415.85,0.45,404.15,0.54,678.0,0.44,450.9,0.55,432.0
2026-01-07 10:30:53.460000+00:00,2026-01-07 10:30:51.035477+00:00,53.46,0.505,0.5,0.51,0.495,0.49,0.5,170.0,25.03,25.03,155.0,0.49,230.0,0.52,579.0,0.48,319.3,0.53,160.0,0.47,415.85,0.54,333.0,0.46,678.0,0.55,404.15,0.45,432.0,0.56,450.9,0.48,579.0,0.51,230.0,0.47,160.0,0.52,319.3,0.46,333.0,0.53,423.35,0.45,404.15,0.54,678.0,0.44,450.9,0.55,432.0
2026-01-07 10:30:54.371000+00:00,2026-01-07 10:30:52.042415+00:00,54.371,0.505,0.5,0.51,0.495,0.49,0.5,153.0,25.03,25.03,153.0,0.49,413.0,0.52,579.0,0.48,334.3,0.53,160.0,0.47,415.85,0.54,333.0,0.46,678.0,0.55,404.15,0.45,432.0,0.56,450.9,0.48,579.0,0.51,413.0,0.47,160.0,0.52,334.3,0.46,333.0,0.53,415.85,0.45,404.15,0.54,678.0,0.44,450.9,0.55,432.0
2026-01-07 10:30:55.461000+00:00,2026-01-07 10:30:53.063952+00:00,55.461,0.505,0.5,0.51,0.495,0.49,0.5,70.0,195.03,225.03,60.0,0.49,105.0,0.52,489.0,0.48,349.3,0.53,308.0,0.47,405.85,0.54,333.0,0.46,693.0,0.55,404.15,0.45,432.0,0.56,450.9,0.48,489.0,0.51,105.0,0.47,308.0,0.52,349.3,0.46,333.0,0.53,405.85,0.45,404.15,0.54,693.0,0.44,450.9,0.55,432.0
2026-01-07 10:30:56.505000+00:00,2026-01-07 10:30:54.054230+00:00,56.505,0.495,0.49,0.5,0.505,0.5,0.51,128.6,85.0,85.0,128.6,0.48,403.0,0.51,125.03,0.47,340.85,0.52,514.0,0.46,678.0,0.53,339.5,0.45,432.0,0.54,333.0,0.44,480.0,0.55,404.15,0.49,125.03,0.52,403.0,0.48,514.0,0.53,340.85,0.47,339.5,0.54,678.0,0.46,333.0,0.55,432.0,0.45,404.15,0.56,480.0
2026-01-07 10:30:57.444000+00:00,2026-01-07 10:30:55.058032+00:00,57.444,0.495,0.49,0.5,0.505,0.5,0.51,128.6,85.0,85.0,128.6,0.48,398.0,0.51,125.03,0.47,340.85,0.52,514.0,0.46,678.0,0.53,339.5,0.45,432.0,0.54,333.0,0.44,480.0,0.55,404.15,0.49,125.03,0.52,398.0,0.48,514.0,0.53,340.85,0.47,339.5,0.54,678.0,0.46,333.0,0.55,432.0,0.45,404.15,0.56,480.0
2026-01-07 10:30:58.454000+00:00,2026-01-07 10:30:56.064285+00:00,58.454,0.505,0.5,0.51,0.495,0.49,0.5,5.0,200.03,200.03,5.0,0.49,263.6,0.52,469.0,0.48,308.0,0.53,328.0,0.47,340.85,0.54,382.0,0.46,768.0,0.55,404.15,0.45,432.0,0.56,409.0,0.48,469.0,0.51,263.6,0.47,328.0,0.52,308.0,0.46,382.0,0.53,340.85,0.45,404.15,0.54,768.0,0.44,409.0,0.55,432.0
2026-01-07 10:30:59.079000+00:00,2026-01-07 10:30:57.070261+00:00,59.079,0.505,0.5,0.51,0.495,0.49,0.5,5.0,185.03,185.03,5.0,0.49,253.6,0.52,486.5,0.48,318.0,0.53,318.0,0.47,340.85,0.54,382.0,0.46,768.0,0.55,404.15,0.45,432.0,0.56,409.0,0.48,486.5,0.51,253.6,0.47,318.0,0.52,318.0,0.46,382.0,0.53,340.85,0.45,404.15,0.54,768.0,0.44,409.0,0.55,432.0
2026-01-07 10:31:00.462000+00:00,2026-01-07 10:30:58.078894+00:00,60.462,0.505,0.5,0.51,0.495,0.49,0.5,120.0,15.03,15.03,120.0,0.49,253.6,0.52,489.0,0.48,308.0,0.53,333.0,0.47,325.85,0.54,407.0,0.46,678.0,0.55,404.15,0.45,432.0,0.56,409.0,0.48,579.0,0.51,253.6,0.47,333.0,0.52,308.0,0.46,358.0,0.53,415.85,0.45,404.15,0.54,678.0,0.44,409.0,0.55,432.0
2026-01-07 10:31:01.536000+00:00,2026-01-07 10:30:59.084808+00:00,61.536,0.515,0.51,0.52,0.485,0.48,0.49,167.0,224.0,234.0,167.0,0.5,140.2,0.53,195.0,0.49,321.6,0.54,180.0,0.48,413.0,0.55,408.15,0.47,446.85,0.56,444.0,0.46,454.0,0.57,461.0,0.47,195.0,0.5,140.2,0.46,180.0,0.51,321.6,0.45,398.15,0.52,413.0,0.44,444.0,0.53,446.85,0.43,461.0,0.54,454.0
2026-01-07 10:31:02.538000+00:00,2026-01-07 10:31:00.085567+00:00,62.538,0.515,0.51,0.52,0.485,0.48,0.49,95.0,223.61,223.61,95.0,0.5,165.2,0.53,280.0,0.49,334.1,0.54,175.0,0.48,413.0,0.55,358.15,0.47,446.85,0.56,409.0,0.46,454.0,0.57,461.0,0.47,250.0,0.5,165.2,0.46,182.5,0.51,384.1,0.45,377.45,0.52,413.0,0.44,409.0,0.53,446.85,0.43,461.0,0.54,454.0
2026-01-07 10:31:03.504000+00:00,2026-01-07 10:31:01.091894+00:00,63.504,0.515,0.51,0.52,0.485,0.48,0.49,92.95,263.61,263.61,92.95,0.5,170.2,0.53,240.0,0.49,394.1,0.54,182.5,0.48,413.0,0.55,377.45,0.47,446.85,0.56,409.0,0.46,454.0,0.57,461.0,0.47,240.0,0.5,170.2,0.46,182.5,0.51,394.1,0.45,377.45,0.52,413.0,0.44,409.0,0.53,446.85,0.43,461.0,0.54,454.0
2026-01-07 10:31:04.550000+00:00,2026-01-07 10:31:02.101035+00:00,64.55,0.515,0.51,0.52,0.485,0.48,0.49,97.95,263.61,263.61,97.95,0.5,165.2,0.53,240.0,0.49,394.1,0.54,182.5,0.48,413.0,0.55,377.45,0.47,446.85,0.56,409.0,0.46,454.0,0.57,461.0,0.47,240.0,0.5,165.2,0.46,182.5,0.51,384.1,0.45,377.45,0.52,413.0,0.44,409.0,0.53,446.85,0.43,461.0,0.54,454.0
2026-01-07 10:31:05.454000+00:00,2026-01-07 10:31:03.109810+00:00,65.454,0.515,0.51,0.52,0.485,0.48,0.49,344.95,15.0,15.0,405.95,0.5,322.2,0.53,150.0,0.49,339.1,0.54,52.5,0.48,534.0,0.55,293.15,0.47,446.85,0.56,399.0,0.46,419.0,0.57,510.0,0.47,150.0,0.5,383.2,0.46,52.5,0.51,339.1,0.45,120.0,0.52,534.0,0.44,278.0,0.53,446.85,0.43,510.0,0.54,419.0
2026-01-07 10:31:06.427000+00:00,2026-01-07 10:31:04.115091+00:00,66.427,0.515,0.51,0.52,0.485,0.48,0.49,415.95,10.0,0.19,406.95,0.5,383.2,0.53,135.0,0.49,359.1,0.54,87.5,0.48,534.0,0.55,120.0,0.47,446.85,0.56,278.0,0.46,419.0,0.57,510.0,0.47,135.0,0.5,383.2,0.46,87.5,0.51,359.1,0.45,120.0,0.52,534.0,0.44,278.0,0.53,446.85,0.43,510.0,0.54,419.0
2026-01-07 10:31:07.451000+00:00,2026-01-07 10:31:05.136196+00:00,67.451,0.515,0.51,0.52,0.485,0.48,0.49,520.95,0.19,0.19,520.95,0.5,303.2,0.53,115.0,0.49,359.1,0.54,65.0,0.48,534.0,0.55,155.0,0.47,446.85,0.56,263.0,0.46,434.0,0.57,525.0,0.47,100.0,0.5,303.2,0.46,80.0,0.51,359.1,0.45,155.0,0.52,534.0,0.44,263.0,0.53,446.85,0.43,525.0,0.54,434.0
2026-01-07 10:31:08.598000+00:00,2026-01-07 10:31:06.142321+00:00,68.598,0.535,0.53,0.54,0.46499999999999997,0.46,0.47,53.0,15.0,15.0,88.0,0.52,394.0,0.55,5.0,0.51,596.95,0.57,240.0,0.5,539.2,0.58,600.5,0.49,531.1,0.59,434.0,0.48,456.0,0.6,619.0,0.45,5.0,0.48,449.0,0.43,240.0,0.49,645.95,0.42,600.5,0.5,539.2,0.41,434.0,0.51,480.1,0.4,619.0,0.52,456.0
2026-01-07 10:31:09.608000+00:00,2026-01-07 10:31:07.163495+00:00,69.608,0.575,0.57,0.58,0.425,0.42,0.43,75.0,321.5,321.5,115.0,0.56,77.5,0.59,190.0,0.55,263.0,0.6,331.0,0.54,263.0,0.61,522.85,0.53,263.0,0.62,484.0,0.52,509.0,0.63,484.0,0.41,235.0,0.44,132.5,0.4,351.0,0.45,283.0,0.39,522.85,0.46,263.0,0.38,484.0,0.47,263.0,0.37,484.0,0.48,509.0
2026-01-07 10:31:10.648000+00:00,2026-01-07 10:31:08.183098+00:00,70.648,0.575,0.57,0.58,0.425,0.42,0.43,125.0,316.82,226.82,262.0,0.56,120.0,0.59,180.0,0.55,258.0,0.6,388.8,0.54,263.0,0.61,402.85,0.53,608.0,0.62,429.0,0.52,509.0,0.63,484.0,0.41,180.0,0.44,277.0,0.4,388.8,0.45,258.0,0.39,437.85,0.46,263.0,0.38,404.0,0.47,608.0,0.37,484.0,0.48,544.0
2026-01-07 10:31:11.536000+00:00,2026-01-07 10:31:09.195301+00:00,71.536,0.575,0.57,0.58,0.425,0.42,0.43,282.85,176.82,126.82,282.85,0.56,358.0,0.59,160.0,0.55,238.0,0.6,377.8,0.54,373.0,0.61,269.85,0.53,678.0,0.62,389.0,0.52,454.0,0.63,484.0,0.41,160.0,0.44,358.0,0.4,377.8,0.45,238.0,0.39,269.85,0.46,373.0,0.38,389.0,0.47,678.0,0.37,484.0,0.48,454.0
2026-01-07 10:31:12.668000+00:00,2026-01-07 10:31:10.216800+00:00,72.668,0.585,0.58,0.59,0.415,0.41,0.42,234.5,60.0,37.03,234.5,0.57,417.85,0.6,332.8,0.56,338.0,0.61,319.85,0.55,333.0,0.62,221.0,0.54,443.0,0.63,484.0,0.53,454.0,0.64,484.0,0.4,332.8,0.43,422.85,0.39,319.85,0.44,333.0,0.38,221.0,0.45,333.0,0.37,484.0,0.46,443.0,0.36,484.0,0.47,454.0
2026-01-07 10:31:13.666000+00:00,2026-01-07 10:31:11.223142+00:00,73.666,0.585,0.58,0.59,0.41000000000000003,0.4,0.42,330.5,5.0,163.65,300.5,0.57,337.85,0.6,175.0,0.56,537.0,0.61,232.85,0.55,454.0,0.62,196.0,0.54,564.0,0.63,206.0,0.53,454.0,0.64,414.0,0.39,232.85,0.43,337.85,0.38,121.0,0.44,537.0,0.37,121.0,0.45,499.0,0.36,414.0,0.46,474.0,0.35,424.0,0.47,454.0
2026-01-07 10:31:14.678000+00:00,2026-01-07 10:31:12.228857+00:00,74.678,0.605,0.6,0.61,0.395,0.39,0.4,236.85,242.85,262.85,236.85,0.59,288.0,0.62,55.0,0.58,373.0,0.63,301.0,0.57,427.85,0.64,384.0,0.56,562.0,0.65,384.0,0.55,419.0,0.66,529.0,0.38,65.0,0.41,288.0,0.37,291.0,0.42,373.0,0.36,384.0,0.43,427.85,0.35,384.0,0.44,562.0,0.34,529.0,0.45,419.0
2026-01-07 10:31:15.711000+00:00,2026-01-07 10:31:13.236520+00:00,75.711,0.605,0.6,0.61,0.395,0.39,0.4,286.85,8.85,8.85,464.85,0.59,253.0,0.62,25.0,0.58,333.0,0.63,211.0,0.57,422.85,0.64,319.0,0.56,303.0,0.65,314.0,0.55,434.0,0.66,379.0,0.37,121.0,0.41,389.0,0.36,304.0,0.42,454.0,0.35,314.0,0.43,543.85,0.34,379.0,0.44,303.0,0.33,394.0,0.45,434.0
2026-01-07 10:31:16.693000+00:00,2026-01-07 10:31:14.241566+00:00,76.693,0.705,0.7,0.71,0.295,0.29,0.3,64.69,191.7,277.7,119.69,0.69,208.0,0.72,351.0,0.68,164.63,0.73,317.0,0.67,157.0,0.74,414.0,0.66,366.0,0.75,454.0,0.65,313.0,0.76,339.0,0.28,488.0,0.31,228.0,0.27,302.0,0.32,164.63,0.26,414.0,0.33,233.0,0.25,454.0,0.34,328.0,0.24,339.0,0.35,374.0
2026-01-07 10:31:17.664000+00:00,2026-01-07 10:31:15.245839+00:00,77.664,0.705,0.7,0.71,0.295,0.29,0.3,31.0,308.7,303.7,31.0,0.69,85.8,0.72,444.0,0.68,118.63,0.73,317.0,0.67,50.0,0.74,414.0,0.66,338.0,0.75,454.0,0.65,281.0,0.76,414.0,0.28,444.0,0.31,85.8,0.27,317.0,0.32,118.63,0.26,504.0,0.33,50.0,0.25,454.0,0.34,333.0,0.24,414.0,0.35,271.0
2026-01-07 10:31:18.706000+00:00,2026-01-07 10:31:16.266605+00:00,78.706,0.705,0.7,0.71,0.295,0.29,0.3,129.33,448.02,279.6,113.33,0.69,65.8,0.72,419.0,0.68,268.13,0.73,437.0,0.67,187.0,0.74,439.0,0.66,218.0,0.75,549.0,0.65,183.0,0.76,484.0,0.28,236.0,0.31,65.8,0.27,447.0,0.32,268.13,0.26,444.0,0.33,248.0,0.25,549.0,0.34,218.0,0.24,484.0,0.35,183.0
2026-01-07 10:31:19.724000+00:00,2026-01-07 10:31:17.275846+00:00,79.724,0.705,0.7,0.71,0.295,0.29,0.3,0.56,534.6,519.6,0.56,0.69,90.8,0.72,332.0,0.68,246.13,0.73,427.0,0.67,233.0,0.74,439.0,0.66,296.0,0.75,524.0,0.65,407.0,0.76,509.0,0.28,342.0,0.31,90.8,0.27,427.0,0.32,171.13,0.26,449.0,0.33,218.0,0.25,524.0,0.34,296.0,0.24,509.0,0.35,407.0
2026-01-07 10:31:20.732000+00:00,2026-01-07 10:31:18.283546+00:00,80.732,0.705,0.7,0.71,0.295,0.29,0.3,120.56,249.6,249.6,80.56,0.69,130.8,0.72,140.0,0.68,106.13,0.73,572.0,0.67,415.0,0.74,524.0,0.66,288.0,0.75,534.0,0.65,477.0,0.76,519.0,0.28,140.0,0.31,130.8,0.27,482.0,0.32,173.13,0.26,524.0,0.33,378.0,0.25,534.0,0.34,288.0,0.24,519.0,0.35,477.0
2026-01-07 10:31:21.730000+00:00,2026-01-07 10:31:19.287694+00:00,81.73,0.705,0.7,0.71,0.295,0.29,0.3,80.13,249.6,249.6,80.13,0.69,166.8,0.72,120.0,0.68,286.13,0.73,462.0,0.67,288.0,0.74,654.0,0.66,288.0,0.75,524.0,0.65,477.0,0.76,544.0,0.28,120.0,0.31,166.8,0.27,462.0,0.32,286.13,0.26,654.0,0.33,288.0,0.25,524.0,0.34,288.0,0.24,544.0,0.35,477.0
2026-01-07 10:31:22.662000+00:00,2026-01-07 10:31:20.298084+00:00,82.662,0.705,0.7,0.71,0.295,0.29,0.3,236.13,249.6,249.6,200.13,0.69,215.8,0.72,105.0,0.68,256.13,0.73,452.0,0.67,288.0,0.74,564.0,0.66,288.0,0.75,514.0,0.65,477.0,0.76,544.0,0.28,105.0,0.31,305.8,0.27,452.0,0.32,203.13,0.26,654.0,0.33,288.0,0.25,514.0,0.34,288.0,0.24,544.0,0.35,477.0
2026-01-07 10:31:23.750000+00:00,2026-01-07 10:31:21.302582+00:00,83.75,0.705,0.7,0.71,0.295,0.29,0.3,201.78,249.6,249.6,201.78,0.69,215.8,0.72,105.0,0.68,256.13,0.73,452.0,0.67,288.0,0.74,654.0,0.66,288.0,0.75,514.0,0.65,477.0,0.76,549.0,0.28,105.0,0.31,251.8,0.27,452.0,0.32,256.13,0.26,654.0,0.33,288.0,0.25,514.0,0.34,288.0,0.24,549.0,0.35,477.0
2026-01-07 10:31:24.771000+00:00,2026-01-07 10:31:22.326044+00:00,84.771,0.705,0.7,0.71,0.295,0.29,0.3,206.78,74.0,89.0,216.78,0.69,354.8,0.72,20.0,0.68,349.13,0.73,75.0,0.67,288.0,0.74,489.0,0.66,409.0,0.75,459.0,0.65,389.0,0.76,619.0,0.28,20.0,0.31,318.8,0.27,75.0,0.32,349.13,0.26,519.0,0.33,288.0,0.25,454.0,0.34,409.0,0.24,589.0,0.35,389.0
2026-01-07 10:31:25.778000+00:00,2026-01-07 10:31:23.329872+00:00,85.778,0.715,0.71,0.72,0.28500000000000003,0.28,0.29,91.51,20.0,18.61,111.51,0.7,207.11,0.73,85.0,0.69,338.8,0.74,599.0,0.68,456.13,0.75,509.0,0.67,288.0,0.76,474.0,0.66,374.0,0.77,539.0,0.27,85.0,0.3,207.11,0.26,554.0,0.31,338.8,0.25,554.0,0.32,456.13,0.24,494.0,0.33,288.0,0.23,539.0,0.34,374.0
2026-01-07 10:31:26.758000+00:00,2026-01-07 10:31:24.338234+00:00,86.758,0.715,0.71,0.72,0.28500000000000003,0.28,0.29,156.51,16.5,16.5,190.11,0.7,297.11,0.73,108.3,0.69,374.8,0.74,399.0,0.68,329.13,0.75,574.0,0.67,288.0,0.76,494.0,0.66,374.0,0.77,554.0,0.27,103.3,0.3,293.11,0.26,404.0,0.31,338.8,0.25,589.0,0.32,329.13,0.24,479.0,0.33,288.0,0.23,554.0,0.34,374.0
2026-01-07 10:31:27.783000+00:00,2026-01-07 10:31:25.344668+00:00,87.783,0.725,0.72,0.73,0.275,0.27,0.28,110.0,23.3,23.3,110.0,0.71,265.0,0.74,331.0,0.7,375.11,0.75,361.0,0.69,338.8,0.76,614.0,0.68,553.13,0.77,662.0,0.67,253.0,0.78,504.0,0.26,331.0,0.29,265.0,0.25,361.0,0.3,375.11,0.24,614.0,0.31,338.8,0.23,662.0,0.32,553.13,0.22,504.0,0.33,253.0
2026-01-07 10:31:28.635000+00:00,2026-01-07 10:31:26.349753+00:00,88.635,0.735,0.73,0.74,0.265,0.26,0.27,50.0,84.7,84.7,50.0,0.72,155.0,0.75,496.0,0.71,95.0,0.76,609.0,0.7,445.11,0.77,572.0,0.69,374.8,0.78,514.0,0.68,553.13,0.79,449.0,0.25,496.0,0.28,155.0,0.24,609.0,0.29,95.0,0.23,572.0,0.3,445.11,0.22,514.0,0.31,374.8,0.21,449.0,0.32,553.13
2026-01-07 10:31:29.771000+00:00,2026-01-07 10:31:27.343582+00:00,89.771,0.735,0.73,0.74,0.265,0.26,0.27,41.03,104.7,104.7,41.03,0.72,100.0,0.75,396.0,0.71,160.0,0.76,624.0,0.7,350.11,0.77,547.0,0.69,338.8,0.78,514.0,0.68,590.13,0.79,449.0,0.25,396.0,0.28,100.0,0.24,624.0,0.29,160.0,0.23,547.0,0.3,350.11,0.22,514.0,0.31,338.8,0.21,449.0,0.32,590.13
2026-01-07 10:31:30.783000+00:00,2026-01-07 10:31:28.348878+00:00,90.783,0.725,0.72,0.73,0.275,0.27,0.28,25.0,115.0,112.25,20.0,0.71,165.0,0.74,393.7,0.7,315.11,0.75,361.0,0.69,353.8,0.76,589.0,0.68,680.13,0.77,637.0,0.67,253.0,0.78,514.0,0.26,393.7,0.29,200.0,0.25,361.0,0.3,325.11,0.24,589.0,0.31,353.8,0.23,637.0,0.32,680.13,0.22,514.0,0.33,288.0
2026-01-07 10:31:31.762000+00:00,2026-01-07 10:31:29.370989+00:00,91.762,0.725,0.72,0.73,0.275,0.27,0.28,25.0,112.25,112.25,25.0,0.71,200.0,0.74,393.7,0.7,415.11,0.75,351.0,0.69,353.8,0.76,599.0,0.68,590.13,0.77,547.0,0.67,288.0,0.78,604.0,0.26,393.7,0.29,200.0,0.25,351.0,0.3,415.11,0.24,599.0,0.31,353.8,0.23,547.0,0.32,590.13,0.22,604.0,0.33,288.0
2026-01-07 10:31:32.859000+00:00,2026-01-07 10:31:30.366012+00:00,92.859,0.725,0.72,0.73,0.275,0.27,0.28,20.0,130.25,130.25,10.0,0.71,200.0,0.74,393.7,0.7,415.11,0.75,361.0,0.69,353.8,0.76,589.0,0.68,590.13,0.77,547.0,0.67,288.0,0.78,604.0,0.26,383.7,0.29,195.0,0.25,361.0,0.3,415.11,0.24,579.0,0.31,353.8,0.23,537.0,0.32,590.13,0.22,594.0,0.33,288.0
2026-01-07 10:31:33.792000+00:00,2026-01-07 10:31:31.375240+00:00,93.792,0.725,0.72,0.73,0.275,0.27,0.28,125.0,143.0,143.0,125.0,0.71,282.0,0.74,89.7,0.7,520.11,0.75,475.0,0.69,389.8,0.76,474.0,0.68,553.13,0.77,467.0,0.67,374.0,0.78,524.0,0.26,159.7,0.29,282.0,0.25,545.0,0.3,520.11,0.24,544.0,0.31,389.8,0.23,537.0,0.32,553.13,0.22,594.0,0.33,374.0
2026-01-07 10:31:34.828000+00:00,2026-01-07 10:31:32.381541+00:00,94.828,0.725,0.72,0.73,0.275,0.27,0.28,214.86,33.0,18.0,197.86,0.71,343.0,0.74,254.7,0.7,491.11,0.75,500.0,0.69,338.8,0.76,609.0,0.68,553.13,0.77,557.0,0.67,374.0,0.78,604.0,0.26,264.7,0.29,343.0,0.25,500.0,0.3,455.11,0.24,579.0,0.31,374.8,0.23,537.0,0.32,553.13,0.22,504.0,0.33,374.0
2026-01-07 10:31:35.857000+00:00,2026-01-07 10:31:33.404925+00:00,95.857,0.725,0.72,0.73,0.275,0.27,0.28,321.86,18.0,18.0,356.14,0.71,387.0,0.74,20.0,0.7,350.11,0.75,468.5,0.69,374.8,0.76,569.0,0.68,329.13,0.77,507.0,0.67,374.0,0.78,499.0,0.26,150.0,0.29,422.0,0.25,433.5,0.3,350.11,0.24,569.0,0.31,338.8,0.23,507.0,0.32,329.13,0.22,499.0,0.33,374.0
2026-01-07 10:31:36.869000+00:00,2026-01-07 10:31:34.412719+00:00,96.869,0.725,0.72,0.73,0.27,0.26,0.28,478.0,8.0,20.0,468.0,0.71,323.0,0.74,20.0,0.7,574.11,0.75,10.0,0.69,338.8,0.76,361.7,0.68,415.13,0.77,513.0,0.67,374.0,0.78,474.0,0.25,10.0,0.29,323.0,0.24,140.7,0.3,350.11,0.23,428.0,0.31,338.8,0.22,310.99,0.32,415.13,0.21,394.0,0.33,374.0
2026-01-07 10:31:37.844000+00:00,2026-01-07 10:31:35.432241+00:00,97.844,0.755,0.75,0.76,0.245,0.24,0.25,245.0,45.7,45.7,250.0,0.74,187.0,0.77,353.0,0.73,258.0,0.78,385.99,0.72,388.0,0.79,414.0,0.71,333.0,0.8,638.58,0.7,315.11,0.81,435.06,0.23,129.0,0.26,187.0,0.22,236.0,0.27,258.0,0.21,489.0,0.28,388.0,0.2,618.58,0.29,333.0,0.19,400.06,0.3,315.11
2026-01-07 10:31:38.870000+00:00,2026-01-07 10:31:36.422371+00:00,98.87,0.755,0.75,0.76,0.245,0.24,0.25,440.84,24.4,24.4,450.84,0.74,253.0,0.77,8.0,0.73,292.0,0.78,258.0,0.72,557.0,0.79,271.0,0.71,333.0,0.8,450.58,0.7,436.11,0.81,420.06,0.23,8.0,0.26,253.0,0.22,258.0,0.27,292.0,0.21,271.0,0.28,557.0,0.2,450.58,0.29,333.0,0.19,420.06,0.3,436.11
2026-01-07 10:31:39.881000+00:00,2026-01-07 10:31:37.428764+00:00,99.881,0.755,0.75,0.76,0.245,0.24,0.25,145.0,10.0,10.0,105.0,0.74,268.0,0.77,598.11,0.73,293.0,0.78,677.0,0.72,373.0,0.79,539.0,0.71,263.0,0.8,568.58,0.7,663.0,0.81,505.06,0.23,578.11,0.26,288.0,0.22,572.0,0.27,298.0,0.21,544.0,0.28,388.0,0.2,568.58,0.29,263.0,0.19,505.06,0.3,663.0
2026-01-07 10:31:40.930000+00:00,2026-01-07 10:31:38.434105+00:00,100.93,0.755,0.75,0.76,0.24,0.23,0.25,125.0,79.99,134.11,347.0,0.74,105.0,0.77,438.11,0.73,338.0,0.78,462.0,0.72,333.0,0.79,514.0,0.71,522.0,0.8,533.58,0.7,318.0,0.81,617.06,0.22,511.26,0.26,236.0,0.21,479.0,0.27,343.0,0.2,518.58,0.28,557.0,0.19,450.06,0.29,333.0,0.18,421.23,0.3,404.0
2026-01-07 10:31:41.864000+00:00,2026-01-07 10:31:39.441182+00:00,101.864,0.755,0.75,0.76,0.245,0.24,0.25,208.0,97.27,97.27,5.0,0.74,357.86,0.77,337.99,0.73,288.0,0.78,363.0,0.72,298.0,0.79,497.4,0.71,263.0,0.8,643.58,0.7,663.0,0.81,535.06,0.23,413.99,0.26,120.0,0.22,449.0,0.27,160.0,0.21,557.4,0.28,313.0,0.2,613.58,0.29,263.0,0.19,535.06,0.3,542.0
2026-01-07 10:31:42.896000+00:00,2026-01-07 10:31:40.448239+00:00,102.896,0.755,0.75,0.76,0.235,0.23,0.24,120.0,5.0,135.99,65.0,0.74,224.99,0.77,318.99,0.73,227.0,0.78,708.0,0.72,298.0,0.79,602.4,0.71,263.0,0.8,598.58,0.7,283.0,0.81,535.06,0.22,658.0,0.25,85.0,0.21,602.4,0.26,204.99,0.2,588.58,0.27,328.0,0.19,535.06,0.28,333.0,0.18,665.23,0.29,298.0
2026-01-07 10:31:43.908000+00:00,2026-01-07 10:31:41.456234+00:00,103.908,0.765,0.76,0.77,0.235,0.23,0.24,135.81,14.99,14.99,125.81,0.75,279.86,0.78,465.0,0.74,297.0,0.79,504.3,0.73,328.0,0.8,653.58,0.72,333.0,0.81,545.06,0.71,298.0,0.82,536.23,0.22,465.0,0.25,274.86,0.21,504.3,0.26,297.0,0.2,653.58,0.27,328.0,0.19,635.06,0.28,333.0,0.18,536.23,0.29,298.0
2026-01-07 10:31:44.923000+00:00,2026-01-07 10:31:42.459753+00:00,104.923,0.775,0.77,0.78,0.225,0.22,0.23,105.0,365.0,365.0,120.0,0.76,142.06,0.79,494.3,0.75,249.86,0.8,543.58,0.74,333.0,0.81,535.06,0.73,328.0,0.82,421.23,0.72,522.0,0.83,402.53,0.21,524.3,0.24,237.06,0.2,543.58,0.25,218.0,0.19,610.06,0.26,333.0,0.18,431.23,0.27,328.0,0.17,447.53,0.28,522.0
2026-01-07 10:31:45.930000+00:00,2026-01-07 10:31:43.481460+00:00,105.93,0.775,0.77,0.78,0.235,0.23,0.24,100.3,259.0,120.29,110.0,0.76,207.06,0.79,330.1,0.75,195.0,0.8,593.58,0.74,367.0,0.81,570.06,0.73,328.0,0.82,456.23,0.72,522.0,0.83,517.53,0.22,540.0,0.25,100.0,0.21,412.1,0.26,408.0,0.2,553.58,0.27,372.0,0.19,555.06,0.28,557.0,0.18,456.23,0.29,404.0
2026-01-07 10:31:46.788000+00:00,2026-01-07 10:31:44.488207+00:00,106.788,0.765,0.76,0.77,0.235,0.23,0.24,95.78,23.75,8.75,95.78,0.75,85.0,0.78,560.0,0.74,255.0,0.79,473.1,0.73,372.0,0.8,713.58,0.72,557.0,0.81,535.06,0.71,283.0,0.82,526.23,0.22,565.0,0.25,85.0,0.21,483.1,0.26,260.0,0.2,713.58,0.27,372.0,0.19,535.06,0.28,557.0,0.18,526.23,0.29,283.0
2026-01-07 10:31:47.867000+00:00,2026-01-07 10:31:45.512736+00:00,107.867,0.765,0.76,0.77,0.235,0.23,0.24,100.78,8.7,8.7,100.78,0.75,235.0,0.78,550.0,0.74,115.0,0.79,503.0,0.73,292.0,0.8,703.58,0.72,557.0,0.81,545.06,0.71,283.0,0.82,526.23,0.22,550.0,0.25,205.0,0.21,503.0,0.26,145.0,0.2,703.58,0.27,292.0,0.19,545.06,0.28,557.0,0.18,526.23,0.29,283.0
2026-01-07 10:31:48.911000+00:00,2026-01-07 10:31:46.517622+00:00,108.911,0.765,0.76,0.77,0.235,0.23,0.24,100.78,0.59,0.59,95.78,0.75,215.0,0.78,550.0,0.74,135.0,0.79,573.0,0.73,292.0,0.8,703.58,0.72,557.0,0.81,545.06,0.71,283.0,0.82,526.23,0.22,550.0,0.25,215.0,0.21,573.0,0.26,135.0,0.2,703.58,0.27,292.0,0.19,545.06,0.28,557.0,0.18,526.23,0.29,283.0
2026-01-07 10:31:49.942000+00:00,2026-01-07 10:31:47.525605+00:00,109.942,0.775,0.77,0.78,0.225,0.22,0.23,10.0,525.0,525.0,10.0,0.76,115.78,0.79,553.0,0.75,225.0,0.8,758.58,0.74,150.0,0.81,535.06,0.73,362.0,0.82,536.23,0.72,557.0,0.83,472.53,0.21,553.0,0.24,140.78,0.2,748.58,0.25,215.0,0.19,535.06,0.26,150.0,0.18,536.23,0.27,362.0,0.17,472.53,0.28,557.0
2026-01-07 10:31:50.846000+00:00,2026-01-07 10:31:48.531858+00:00,110.846,0.77,0.76,0.78,0.225,0.22,0.23,130.78,512.71,426.04,60.0,0.75,300.0,0.79,538.0,0.74,150.0,0.8,768.58,0.73,362.0,0.81,545.06,0.72,557.0,0.82,536.23,0.71,283.0,0.83,472.53,0.21,578.0,0.24,100.78,0.2,768.58,0.25,270.0,0.19,545.06,0.26,150.0,0.18,536.23,0.27,362.0,0.17,472.53,0.28,557.0
2026-01-07 10:31:52.835000+00:00,2026-01-07 10:31:50.542749+00:00,112.835,0.775,0.77,0.78,0.225,0.22,0.23,155.0,226.26,226.26,155.0,0.76,280.0,0.79,335.0,0.75,353.0,0.8,390.58,0.74,333.0,0.81,585.06,0.73,362.0,0.82,526.23,0.72,522.0,0.83,517.53,0.21,335.0,0.24,280.0,0.2,390.58,0.25,353.0,0.19,585.06,0.26,333.0,0.18,526.23,0.27,362.0,0.17,517.53,0.28,522.0
2026-01-07 10:31:54.004000+00:00,2026-01-07 10:31:51.563606+00:00,114.004,0.775,0.77,0.78,0.225,0.22,0.23,115.0,0.97,0.97,115.0,0.76,432.0,0.79,335.0,0.75,353.0,0.8,375.58,0.74,333.0,0.81,590.06,0.73,328.0,0.82,441.23,0.72,298.0,0.83,437.53,0.21,335.0,0.24,417.0,0.2,390.58,0.25,368.0,0.19,575.06,0.26,333.0,0.18,441.23,0.27,362.0,0.17,437.53,0.28,298.0
2026-01-07 10:31:55.001000+00:00,2026-01-07 10:31:52.567823+00:00,115.001,0.775,0.77,0.78,0.225,0.22,0.23,140.0,0.97,0.97,160.0,0.76,493.0,0.79,335.0,0.75,353.0,0.8,375.58,0.74,333.0,0.81,555.06,0.73,586.0,0.82,431.23,0.72,298.0,0.83,437.53,0.21,335.0,0.24,473.0,0.2,390.58,0.25,353.0,0.19,585.06,0.26,333.0,0.18,456.23,0.27,586.0,0.17,447.53,0.28,298.0
2026-01-07 10:31:56.026000+00:00,2026-01-07 10:31:53.588241+00:00,116.026,0.775,0.77,0.78,0.225,0.22,0.23,100.0,5.97,5.97,95.0,0.76,478.0,0.79,350.0,0.75,368.0,0.8,495.58,0.74,333.0,0.81,620.06,0.73,552.0,0.82,675.23,0.72,333.0,0.83,507.53,0.21,345.0,0.24,468.0,0.2,505.58,0.25,368.0,0.19,610.06,0.26,333.0,0.18,675.23,0.27,552.0,0.17,507.53,0.28,333.0
2026-01-07 10:31:57.069000+00:00,2026-01-07 10:31:54.609602+00:00,117.069,0.775,0.77,0.78,0.225,0.22,0.23,140.0,5.97,5.97,180.0,0.76,463.0,0.79,220.0,0.75,353.0,0.8,530.58,0.74,333.0,0.81,655.06,0.73,586.0,0.82,526.23,0.72,298.0,0.83,517.53,0.21,220.0,0.24,453.0,0.2,530.58,0.25,353.0,0.19,655.06,0.26,333.0,0.18,526.23,0.27,586.0,0.17,517.53,0.28,298.0
2026-01-07 10:31:58.013000+00:00,2026-01-07 10:31:55.616119+00:00,118.013,0.785,0.78,0.79,0.215,0.21,0.22,170.0,14.0,14.0,170.0,0.77,215.0,0.8,624.58,0.76,333.0,0.81,367.06,0.75,333.0,0.82,656.23,0.74,333.0,0.83,517.53,0.73,551.0,0.84,691.2,0.2,624.58,0.23,215.0,0.19,367.06,0.24,333.0,0.18,656.23,0.25,333.0,0.17,517.53,0.26,333.0,0.16,691.2,0.27,551.0
2026-01-07 10:31:59.056000+00:00,2026-01-07 10:31:56.607678+00:00,119.056,0.785,0.78,0.79,0.215,0.21,0.22,173.0,14.0,14.0,173.0,0.77,210.0,0.8,624.58,0.76,333.0,0.81,297.06,0.75,333.0,0.82,656.23,0.74,333.0,0.83,517.53,0.73,551.0,0.84,691.2,0.2,624.58,0.23,210.0,0.19,297.06,0.24,333.0,0.18,656.23,0.25,333.0,0.17,517.53,0.26,333.0,0.16,691.2,0.27,551.0
2026-01-07 10:32:00.066000+00:00,2026-01-07 10:31:57.613116+00:00,120.066,0.795,0.79,0.8,0.20500000000000002,0.2,0.21,183.0,205.58,84.58,273.0,0.78,285.0,0.81,142.06,0.77,262.0,0.82,476.23,0.76,333.0,0.83,552.53,0.75,333.0,0.84,455.2,0.74,332.0,0.85,723.99,0.19,142.06,0.22,195.0,0.18,273.23,0.23,323.0,0.17,587.53,0.24,333.0,0.16,455.2,0.25,333.0,0.15,723.99,0.26,298.0
2026-01-07 10:32:01.098000+00:00,2026-01-07 10:31:58.635165+00:00,121.098,0.805,0.8,0.81,0.195,0.19,0.2,337.0,17.44,5.44,462.0,0.79,382.0,0.82,163.23,0.78,353.0,0.83,144.53,0.77,323.0,0.84,474.0,0.76,585.0,0.85,519.79,0.75,298.0,0.86,737.56,0.18,163.23,0.21,392.0,0.17,144.53,0.22,358.0,0.16,419.0,0.23,323.0,0.15,773.79,0.24,326.0,0.14,702.56,0.25,419.0
2026-01-07 10:32:02.065000+00:00,2026-01-07 10:31:59.642374+00:00,122.065,0.825,0.82,0.83,0.175,0.17,0.18,167.0,23.53,23.53,292.0,0.81,353.0,0.84,40.0,0.8,416.63,0.85,45.79,0.79,624.0,0.86,180.57,0.78,353.0,0.87,313.76,0.77,444.0,0.88,508.08,0.16,40.0,0.19,238.0,0.15,45.79,0.2,451.63,0.14,195.57,0.21,624.0,0.13,288.76,0.22,353.0,0.12,518.08,0.23,409.0
2026-01-07 10:32:03.073000+00:00,2026-01-07 10:32:00.648886+00:00,123.073,0.825,0.82,0.83,0.175,0.17,0.18,383.22,51.53,76.53,533.22,0.81,462.0,0.84,40.0,0.8,387.63,0.85,45.79,0.79,368.0,0.86,84.57,0.78,454.0,0.87,283.76,0.77,409.0,0.88,765.18,0.16,40.0,0.19,462.0,0.15,45.79,0.2,356.63,0.14,84.57,0.21,489.0,0.13,293.76,0.22,454.0,0.12,757.08,0.23,458.0
2026-01-07 10:32:04.098000+00:00,2026-01-07 10:32:01.653007+00:00,124.098,0.825,0.82,0.83,0.175,0.17,0.18,90.0,306.64,188.43,90.0,0.81,70.0,0.84,115.0,0.8,421.63,0.85,175.79,0.79,532.0,0.86,448.56,0.78,295.0,0.87,411.76,0.77,458.0,0.88,593.09,0.16,45.0,0.19,60.0,0.15,413.79,0.2,381.63,0.14,483.56,0.21,562.0,0.13,428.46,0.22,273.0,0.12,746.09,0.23,441.0
2026-01-07 10:32:05.097000+00:00,2026-01-07 10:32:02.650548+00:00,125.097,0.825,0.82,0.83,0.175,0.17,0.18,85.0,477.17,608.17,55.0,0.81,60.0,0.84,498.0,0.8,98.63,0.85,514.79,0.79,120.0,0.86,692.57,0.78,367.0,0.87,506.76,0.77,484.0,0.88,608.09,0.16,479.0,0.19,60.0,0.15,504.79,0.2,188.63,0.14,692.57,0.21,115.0,0.13,506.76,0.22,317.0,0.12,608.09,0.23,484.0
2026-01-07 10:32:06.089000+00:00,2026-01-07 10:32:03.656587+00:00,126.089,0.815,0.81,0.82,0.185,0.18,0.19,35.0,410.0,393.41,35.0,0.8,63.63,0.83,509.0,0.79,205.0,0.84,518.99,0.78,105.0,0.85,666.79,0.77,110.0,0.86,603.57,0.76,248.0,0.87,471.76,0.17,509.0,0.2,63.63,0.16,518.99,0.21,205.0,0.15,499.79,0.22,105.0,0.14,782.57,0.23,110.0,0.13,471.76,0.24,281.0
2026-01-07 10:32:07.110000+00:00,2026-01-07 10:32:04.664171+00:00,127.11,0.815,0.81,0.82,0.185,0.18,0.19,64.74,595.82,570.82,69.21,0.8,163.63,0.83,444.0,0.79,160.0,0.84,444.0,0.78,95.0,0.85,557.19,0.77,192.0,0.86,692.57,0.76,505.0,0.87,546.76,0.17,314.0,0.2,178.63,0.16,519.0,0.21,185.0,0.15,557.19,0.22,55.0,0.14,702.57,0.23,192.0,0.13,546.76,0.24,505.0
2026-01-07 10:32:08.004000+00:00,2026-01-07 10:32:05.673550+00:00,128.004,0.815,0.81,0.82,0.185,0.18,0.19,129.47,575.82,575.82,129.47,0.8,183.63,0.83,354.0,0.79,235.0,0.84,509.0,0.78,125.0,0.85,567.19,0.77,323.0,0.86,694.57,0.76,575.0,0.87,538.76,0.17,354.0,0.2,183.63,0.16,509.0,0.21,225.0,0.15,497.19,0.22,125.0,0.14,694.57,0.23,323.0,0.13,538.76,0.24,575.0
2026-01-07 10:32:09.138000+00:00,2026-01-07 10:32:06.680578+00:00,129.138,0.825,0.82,0.83,0.175,0.17,0.18,110.0,304.0,304.0,285.0,0.81,349.47,0.84,329.0,0.8,340.63,0.85,427.79,0.79,531.0,0.86,440.57,0.78,272.0,0.87,528.76,0.77,479.9,0.88,821.09,0.16,329.0,0.19,324.47,0.15,412.79,0.2,295.63,0.14,714.57,0.21,531.0,0.13,563.76,0.22,269.0,0.12,533.09,0.23,447.9
2026-01-07 10:32:10.129000+00:00,2026-01-07 10:32:07.684597+00:00,130.129,0.835,0.83,0.84,0.165,0.16,0.17,70.0,344.24,344.24,185.0,0.82,246.09,0.85,367.79,0.81,234.47,0.86,754.57,0.8,382.63,0.87,563.76,0.79,592.0,0.88,543.09,0.78,298.0,0.89,429.13,0.15,382.79,0.18,156.09,0.14,739.57,0.19,234.47,0.13,563.76,0.2,382.63,0.12,543.09,0.21,641.0,0.11,429.13,0.22,298.0
2026-01-07 10:32:11.040000+00:00,2026-01-07 10:32:08.687889+00:00,131.04,0.835,0.83,0.84,0.165,0.16,0.17,50.0,3.69,3.69,50.0,0.82,291.09,0.85,387.79,0.81,134.47,0.86,724.57,0.8,382.63,0.87,533.76,0.79,641.0,0.88,573.08,0.78,298.0,0.89,564.13,0.15,387.79,0.18,291.09,0.14,724.57,0.19,134.47,0.13,533.76,0.2,382.63,0.12,573.08,0.21,641.0,0.11,564.13,0.22,298.0
2026-01-07 10:32:12.145000+00:00,2026-01-07 10:32:09.691579+00:00,132.145,0.835,0.83,0.84,0.165,0.16,0.17,61.06,3.69,3.69,141.06,0.82,271.09,0.85,256.79,0.81,134.47,0.86,629.57,0.8,382.63,0.87,673.76,0.79,641.0,0.88,573.08,0.78,298.0,0.89,464.13,0.15,256.79,0.18,191.09,0.14,654.57,0.19,134.47,0.13,683.76,0.2,382.63,0.12,573.08,0.21,641.0,0.11,464.13,0.22,298.0
2026-01-07 10:32:13.139000+00:00,2026-01-07 10:32:10.709492+00:00,133.139,0.835,0.83,0.84,0.165,0.16,0.17,141.59,3.69,3.69,181.59,0.82,271.09,0.85,256.79,0.81,134.47,0.86,614.57,0.8,382.63,0.87,593.76,0.79,641.0,0.88,643.08,0.78,298.0,0.89,534.13,0.15,221.79,0.18,256.09,0.14,629.57,0.19,261.47,0.13,568.76,0.2,575.63,0.12,613.09,0.21,382.0,0.11,564.13,0.22,419.0
2026-01-07 10:32:14.167000+00:00,2026-01-07 10:32:11.712465+00:00,134.167,0.845,0.84,0.85,0.155,0.15,0.16,355.0,27.43,27.43,392.23,0.83,296.59,0.86,86.57,0.82,258.09,0.87,443.76,0.81,546.47,0.88,648.09,0.8,351.63,0.89,574.13,0.79,503.0,0.9,668.18,0.14,86.57,0.17,296.59,0.13,368.76,0.18,258.09,0.12,648.09,0.19,546.47,0.11,584.13,0.2,351.63,0.1,668.18,0.21,503.0
2026-01-07 10:32:15.173000+00:00,2026-01-07 10:32:12.712981+00:00,135.173,0.855,0.85,0.86,0.14500000000000002,0.14,0.15,67.99,164.26,164.26,146.69,0.84,139.46,0.87,382.76,0.83,231.59,0.88,548.09,0.82,334.09,0.89,574.13,0.81,587.97,0.9,648.18,0.8,351.63,0.91,481.2,0.13,382.76,0.16,144.46,0.12,548.09,0.17,231.59,0.11,574.13,0.18,334.09,0.1,648.18,0.19,587.97,0.09,481.2,0.2,351.63
2026-01-07 10:32:16.174000+00:00,2026-01-07 10:32:13.720105+00:00,136.174,0.855,0.85,0.86,0.14500000000000002,0.14,0.15,65.94,116.14,116.14,65.94,0.84,49.46,0.87,362.76,0.83,191.59,0.88,802.08,0.82,334.09,0.89,624.13,0.81,521.47,0.9,648.18,0.8,351.63,0.91,481.2,0.13,483.76,0.16,49.46,0.12,792.08,0.17,201.59,0.11,624.13,0.18,499.09,0.1,648.18,0.19,521.47,0.09,481.2,0.2,371.63
2026-01-07 10:32:17.083000+00:00,2026-01-07 10:32:14.726050+00:00,137.083,0.845,0.84,0.85,0.155,0.15,0.16,50.0,85.0,85.0,80.0,0.83,160.49,0.86,86.14,0.82,499.09,0.87,598.76,0.81,541.47,0.88,952.08,0.8,351.63,0.89,534.13,0.79,353.0,0.9,613.18,0.14,86.14,0.17,160.49,0.13,598.76,0.18,469.09,0.12,952.08,0.19,541.47,0.11,534.13,0.2,351.63,0.1,613.18,0.21,353.0
2026-01-07 10:32:18.129000+00:00,2026-01-07 10:32:15.741920+00:00,138.129,0.845,0.84,0.85,0.155,0.15,0.16,80.0,70.0,70.0,80.0,0.83,261.59,0.86,106.14,0.82,379.09,0.87,598.76,0.81,531.47,0.88,972.08,0.8,351.63,0.89,534.13,0.79,353.0,0.9,613.18,0.14,106.14,0.17,261.59,0.13,598.76,0.18,379.09,0.12,972.08,0.19,531.47,0.11,534.13,0.2,351.63,0.1,613.18,0.21,353.0
2026-01-07 10:32:19.188000+00:00,2026-01-07 10:32:16.747001+00:00,139.188,0.845,0.84,0.85,0.155,0.15,0.16,235.0,40.0,10.0,235.0,0.83,378.0,0.86,76.14,0.82,359.09,0.87,772.76,0.81,346.47,0.88,578.09,0.8,351.63,0.89,514.13,0.79,474.0,0.9,543.18,0.14,76.14,0.17,228.0,0.13,772.76,0.18,439.09,0.12,578.09,0.19,346.47,0.11,604.13,0.2,351.63,0.1,543.18,0.21,474.0
2026-01-07 10:32:20.209000+00:00,2026-01-07 10:32:17.753998+00:00,140.209,0.845,0.84,0.85,0.155,0.15,0.16,70.0,45.0,55.0,70.0,0.83,150.0,0.86,121.14,0.82,289.09,0.87,588.76,0.81,317.47,0.88,758.08,0.8,575.63,0.89,534.13,0.79,353.0,0.9,613.18,0.14,121.14,0.17,150.0,0.13,603.76,0.18,289.09,0.12,758.08,0.19,268.47,0.11,534.13,0.2,655.63,0.1,613.18,0.21,353.0
2026-01-07 10:32:21.233000+00:00,2026-01-07 10:32:18.778868+00:00,141.233,0.845,0.84,0.85,0.155,0.15,0.16,70.0,45.0,100.0,65.0,0.83,160.0,0.86,236.14,0.82,279.09,0.87,533.76,0.81,268.47,0.88,758.08,0.8,655.63,0.89,534.13,0.79,353.0,0.9,613.18,0.14,546.14,0.17,5.0,0.13,553.76,0.18,279.09,0.12,718.09,0.19,287.47,0.11,534.13,0.2,556.63,0.1,613.18,0.21,353.0
2026-01-07 10:32:22.231000+00:00,2026-01-07 10:32:19.786347+00:00,142.231,0.845,0.84,0.85,0.155,0.15,0.16,55.0,84.09,84.09,55.0,0.83,5.0,0.86,322.14,0.82,186.09,0.87,643.76,0.81,287.47,0.88,628.09,0.8,556.63,0.89,534.13,0.79,283.0,0.9,613.18,0.14,322.14,0.17,5.0,0.13,643.76,0.18,186.09,0.12,628.09,0.19,367.47,0.11,534.13,0.2,605.63,0.1,613.18,0.21,283.0
2026-01-07 10:32:23.237000+00:00,2026-01-07 10:32:20.810192+00:00,143.237,0.845,0.84,0.85,0.155,0.15,0.16,55.0,74.09,74.09,55.0,0.83,5.0,0.86,322.14,0.82,146.09,0.87,643.76,0.81,372.47,0.88,628.09,0.8,619.63,0.89,534.13,0.79,385.0,0.9,613.18,0.14,322.14,0.17,5.0,0.13,643.76,0.18,146.09,0.12,628.09,0.19,372.47,0.11,534.13,0.2,619.63,0.1,613.18,0.21,385.0
2026-01-07 10:32:24.261000+00:00,2026-01-07 10:32:21.820221+00:00,144.261,0.845,0.84,0.85,0.155,0.15,0.16,25.0,300.09,325.09,15.0,0.83,75.0,0.86,764.14,0.82,181.09,0.87,563.76,0.81,149.47,0.88,666.09,0.8,416.63,0.89,534.13,0.79,395.8,0.9,613.18,0.14,764.14,0.17,75.0,0.13,563.76,0.18,181.09,0.12,666.09,0.19,149.47,0.11,534.13,0.2,416.63,0.1,613.18,0.21,395.8
2026-01-07 10:32:25.260000+00:00,2026-01-07 10:32:22.828761+00:00,145.26,0.845,0.84,0.85,0.155,0.15,0.16,15.0,311.09,316.09,15.0,0.83,155.0,0.86,764.14,0.82,101.09,0.87,563.76,0.81,149.47,0.88,666.09,0.8,416.63,0.89,534.13,0.79,395.8,0.9,613.18,0.14,764.14,0.17,155.0,0.13,563.76,0.18,111.09,0.12,666.09,0.19,139.47,0.11,534.13,0.2,416.63,0.1,613.18,0.21,395.8
2026-01-07 10:32:26.285000+00:00,2026-01-07 10:32:23.833922+00:00,146.285,0.835,0.83,0.84,0.165,0.16,0.17,5.0,386.0,386.0,25.0,0.82,56.09,0.85,718.0,0.81,89.47,0.86,530.14,0.8,163.63,0.87,542.76,0.79,353.0,0.88,836.09,0.78,617.0,0.89,524.23,0.15,678.0,0.18,61.09,0.14,570.13,0.19,94.47,0.13,542.76,0.2,83.63,0.12,836.09,0.21,443.0,0.11,524.23,0.22,527.0
2026-01-07 10:32:27.265000+00:00,2026-01-07 10:32:24.823329+00:00,147.265,0.835,0.83,0.84,0.175,0.17,0.18,5.0,604.0,117.0,61.09,0.82,61.09,0.85,643.0,0.81,94.47,0.86,530.14,0.8,163.63,0.87,542.76,0.79,340.0,0.88,836.09,0.78,527.0,0.89,524.23,0.16,539.0,0.19,94.47,0.15,633.0,0.2,163.63,0.14,495.14,0.21,170.0,0.13,507.76,0.22,527.0,0.12,801.09,0.23,308.0
2026-01-07 10:32:28.261000+00:00,2026-01-07 10:32:25.830292+00:00,148.261,0.825,0.82,0.83,0.175,0.17,0.18,61.09,146.0,146.0,61.09,0.81,94.47,0.84,449.0,0.8,83.63,0.85,444.0,0.79,250.0,0.86,530.14,0.78,393.0,0.87,542.76,0.77,308.0,0.88,822.09,0.16,539.0,0.19,94.47,0.15,444.0,0.2,83.63,0.14,530.14,0.21,250.0,0.13,542.76,0.22,303.0,0.12,822.09,0.23,308.0
2026-01-07 10:32:29.264000+00:00,2026-01-07 10:32:26.838348+00:00,149.264,0.825,0.82,0.83,0.175,0.17,0.18,11.09,559.0,454.0,41.09,0.81,179.47,0.84,379.0,0.8,83.63,0.85,454.0,0.79,170.0,0.86,540.14,0.78,393.0,0.87,527.76,0.77,308.0,0.88,822.09,0.16,464.0,0.19,179.47,0.15,454.0,0.2,83.63,0.14,540.14,0.21,170.0,0.13,527.76,0.22,393.0,0.12,822.09,0.23,308.0
2026-01-07 10:32:30.294000+00:00,2026-01-07 10:32:27.843949+00:00,150.294,0.825,0.82,0.83,0.175,0.17,0.18,11.09,526.55,526.55,1.09,0.81,145.0,0.84,379.0,0.8,108.63,0.85,524.0,0.79,140.0,0.86,569.14,0.78,408.0,0.87,690.76,0.77,308.0,0.88,614.09,0.16,379.0,0.19,145.0,0.15,524.0,0.2,108.63,0.14,569.14,0.21,140.0,0.13,690.76,0.22,408.0,0.12,614.09,0.23,308.0
2026-01-07 10:32:31.083000+00:00,2026-01-07 10:32:28.848750+00:00,151.083,0.815,0.81,0.82,0.185,0.18,0.19,80.0,206.22,201.22,100.0,0.8,153.63,0.83,433.14,0.79,145.0,0.84,414.0,0.78,408.0,0.85,474.0,0.77,308.0,0.86,549.14,0.76,375.77,0.87,685.76,0.17,433.14,0.2,153.63,0.16,414.0,0.21,145.0,0.15,474.0,0.22,408.0,0.14,549.14,0.23,323.0,0.13,670.76,0.24,367.0
2026-01-07 10:32:32.260000+00:00,2026-01-07 10:32:29.855730+00:00,152.26,0.815,0.81,0.82,0.185,0.18,0.19,20.0,191.22,197.22,20.0,0.8,233.63,0.83,433.14,0.79,145.0,0.84,484.0,0.78,408.0,0.85,474.0,0.77,308.0,0.86,549.14,0.76,599.77,0.87,685.76,0.17,433.14,0.2,233.63,0.16,484.0,0.21,145.0,0.15,503.0,0.22,408.0,0.14,699.14,0.23,308.0,0.13,493.76,0.24,599.77
2026-01-07 10:32:33.193000+00:00,2026-01-07 10:32:30.862073+00:00,153.193,0.815,0.81,0.82,0.185,0.18,0.19,25.0,351.04,336.04,25.0,0.8,88.63,0.83,657.14,0.79,225.0,0.84,484.0,0.78,408.0,0.85,474.0,0.77,308.0,0.86,549.14,0.76,599.77,0.87,760.76,0.17,657.14,0.2,88.63,0.16,484.0,0.21,225.0,0.15,474.0,0.22,408.0,0.14,549.14,0.23,308.0,0.13,760.76,0.24,599.77
2026-01-07 10:32:34.331000+00:00,2026-01-07 10:32:31.887984+00:00,154.331,0.805,0.8,0.81,0.195,0.19,0.2,63.63,170.0,155.0,58.63,0.79,140.0,0.82,256.04,0.78,270.0,0.83,473.14,0.77,298.0,0.84,464.0,0.76,599.77,0.85,483.0,0.75,318.0,0.86,664.14,0.18,271.04,0.21,140.0,0.17,453.14,0.22,280.0,0.16,464.0,0.23,313.0,0.15,483.0,0.24,591.0,0.14,664.14,0.25,318.0
2026-01-07 10:32:35.342000+00:00,2026-01-07 10:32:32.894393+00:00,155.342,0.805,0.8,0.81,0.195,0.19,0.2,127.63,146.75,146.75,127.63,0.79,347.0,0.82,266.04,0.78,317.0,0.83,343.14,0.77,313.0,0.84,584.0,0.76,591.0,0.85,631.0,0.75,318.0,0.86,485.14,0.18,266.04,0.21,392.0,0.17,567.14,0.22,317.0,0.16,584.0,0.23,313.0,0.15,631.0,0.24,591.0,0.14,485.14,0.25,318.0
2026-01-07 10:32:36.329000+00:00,2026-01-07 10:32:33.923926+00:00,156.329,0.805,0.8,0.81,0.195,0.19,0.2,443.13,112.02,112.02,463.13,0.79,458.0,0.82,149.48,0.78,357.99,0.83,394.14,0.77,323.0,0.84,331.0,0.76,367.0,0.85,561.0,0.75,283.0,0.86,595.14,0.18,144.48,0.21,458.0,0.17,394.14,0.22,357.99,0.16,331.0,0.23,323.0,0.15,561.0,0.24,367.0,0.14,595.14,0.25,283.0
2026-01-07 10:32:37.476000+00:00,2026-01-07 10:32:34.945655+00:00,157.476,0.805,0.8,0.81,0.185,0.18,0.19,595.13,12.02,76.99,109.98,0.79,328.0,0.82,76.99,0.78,567.0,0.83,100.0,0.77,323.0,0.84,125.0,0.76,439.0,0.85,186.0,0.75,485.3,0.86,501.14,0.17,100.0,0.2,595.13,0.16,125.0,0.21,328.0,0.15,186.0,0.22,567.0,0.14,501.14,0.23,323.0,0.13,716.06,0.24,439.0
2026-01-07 10:32:38.366000+00:00,2026-01-07 10:32:35.938569+00:00,158.366,0.835,0.83,0.84,0.165,0.16,0.17,25.0,94.99,99.99,147.0,0.82,85.2,0.85,90.0,0.81,318.4,0.86,277.14,0.8,494.12,0.87,503.76,0.79,534.0,0.88,671.09,0.78,429.0,0.89,691.13,0.15,90.0,0.18,85.2,0.14,277.14,0.19,318.4,0.13,503.76,0.2,494.12,0.12,671.09,0.21,534.0,0.11,691.13,0.22,429.0
2026-01-07 10:32:39.412000+00:00,2026-01-07 10:32:36.962821+00:00,159.412,0.825,0.82,0.83,0.175,0.17,0.18,10.0,123.0,125.0,5.0,0.81,139.0,0.84,125.0,0.8,405.13,0.85,216.0,0.79,263.0,0.86,694.14,0.78,288.0,0.87,677.76,0.77,374.0,0.88,821.09,0.16,135.0,0.19,84.0,0.15,186.0,0.2,435.13,0.14,674.14,0.21,308.0,0.13,587.76,0.22,273.0,0.12,821.09,0.23,374.0
2026-01-07 10:32:40.415000+00:00,2026-01-07 10:32:37.970458+00:00,160.415,0.805,0.8,0.81,0.195,0.19,0.2,106.13,90.77,97.77,106.13,0.79,230.0,0.82,128.0,0.78,537.0,0.83,120.0,0.77,268.0,0.84,603.0,0.76,248.0,0.85,544.0,0.75,367.0,0.86,549.14,0.18,120.0,0.21,235.0,0.17,120.0,0.22,537.0,0.16,603.0,0.23,268.0,0.15,544.0,0.24,248.0,0.14,549.14,0.25,367.0
2026-01-07 10:32:41.280000+00:00,2026-01-07 10:32:38.978324+00:00,161.28,0.805,0.8,0.81,0.195,0.19,0.2,57.13,157.77,162.77,22.13,0.79,70.0,0.82,140.0,0.78,672.0,0.83,185.0,0.77,348.0,0.84,628.0,0.76,328.0,0.85,483.0,0.75,334.0,0.86,705.74,0.18,140.0,0.21,45.0,0.17,185.0,0.22,637.0,0.16,698.0,0.23,348.0,0.15,489.3,0.24,398.0,0.14,705.74,0.25,404.0
2026-01-07 10:32:42.372000+00:00,2026-01-07 10:32:39.986564+00:00,162.372,0.805,0.8,0.81,0.195,0.19,0.2,22.13,182.77,172.77,2.13,0.79,20.0,0.82,100.0,0.78,383.0,0.83,424.0,0.77,308.0,0.84,464.0,0.76,503.0,0.85,627.3,0.75,439.0,0.86,491.74,0.18,100.0,0.21,5.0,0.17,454.0,0.22,203.0,0.16,544.0,0.23,253.0,0.15,627.3,0.24,228.0,0.14,491.74,0.25,439.0
2026-01-07 10:32:43.403000+00:00,2026-01-07 10:32:40.990364+00:00,163.403,0.795,0.79,0.8,0.20500000000000002,0.2,0.21,20.0,134.99,134.99,65.0,0.78,165.0,0.81,87.77,0.77,253.0,0.82,273.0,0.76,601.0,0.83,584.0,0.75,398.0,0.84,464.0,0.74,489.0,0.85,592.3,0.19,72.77,0.22,165.0,0.18,288.0,0.23,268.0,0.17,584.0,0.24,586.0,0.16,464.0,0.25,398.0,0.15,454.3,0.26,523.0
2026-01-07 10:32:44.342000+00:00,2026-01-07 10:32:41.990102+00:00,164.342,0.795,0.79,0.8,0.20500000000000002,0.2,0.21,145.0,126.69,126.69,145.0,0.78,245.0,0.81,72.77,0.77,268.0,0.82,288.0,0.76,496.0,0.83,494.0,0.75,318.0,0.84,554.0,0.74,443.0,0.85,454.3,0.19,72.77,0.22,315.0,0.18,288.0,0.23,428.0,0.17,494.0,0.24,517.0,0.16,554.0,0.25,367.0,0.15,454.3,0.26,443.0
2026-01-07 10:32:45.454000+00:00,2026-01-07 10:32:42.998496+00:00,165.454,0.8,0.79,0.81,0.20500000000000002,0.2,0.21,135.0,124.64,104.99,115.0,0.78,300.0,0.82,90.0,0.77,313.0,0.83,708.0,0.76,632.0,0.84,554.0,0.75,367.0,0.85,489.3,0.74,443.0,0.86,655.74,0.19,109.64,0.22,325.0,0.18,80.0,0.23,313.0,0.17,718.0,0.24,632.0,0.16,554.0,0.25,367.0,0.15,489.3,0.26,443.0
2026-01-07 10:32:46.451000+00:00,2026-01-07 10:32:44.005665+00:00,166.451,0.825,0.82,0.83,0.175,0.17,0.18,85.0,114.99,129.99,85.0,0.81,195.0,0.84,55.0,0.8,573.0,0.85,425.3,0.79,438.0,0.86,451.74,0.78,375.0,0.87,535.86,0.77,444.0,0.88,645.89,0.16,55.0,0.19,115.0,0.15,425.3,0.2,493.0,0.14,451.74,0.21,438.0,0.13,535.86,0.22,375.0,0.12,645.89,0.23,444.0
2026-01-07 10:32:47.461000+00:00,2026-01-07 10:32:45.012162+00:00,167.461,0.835,0.83,0.84,0.165,0.16,0.17,100.0,92.27,107.27,90.0,0.82,130.0,0.85,222.3,0.81,135.0,0.86,640.74,0.8,428.0,0.87,495.86,0.79,385.0,0.88,640.69,0.78,343.0,0.89,491.02,0.15,222.3,0.18,140.0,0.14,640.74,0.19,145.0,0.13,495.86,0.2,428.0,0.12,640.69,0.21,385.0,0.11,491.02,0.22,343.0
2026-01-07 10:32:48.346000+00:00,2026-01-07 10:32:46.018754+00:00,168.346,0.835,0.83,0.84,0.165,0.16,0.17,5.0,92.27,92.27,5.0,0.82,285.0,0.85,252.3,0.81,145.0,0.86,650.74,0.8,428.0,0.87,545.86,0.79,385.0,0.88,640.69,0.78,343.0,0.89,491.02,0.15,252.3,0.18,285.0,0.14,650.74,0.19,145.0,0.13,545.86,0.2,428.0,0.12,640.69,0.21,385.0,0.11,491.02,0.22,343.0
2026-01-07 10:32:49.490000+00:00,2026-01-07 10:32:47.038805+00:00,169.49,0.835,0.83,0.84,0.165,0.16,0.17,85.0,127.27,127.27,85.0,0.82,435.0,0.85,242.3,0.81,65.0,0.86,670.74,0.8,348.0,0.87,515.86,0.79,353.0,0.88,640.69,0.78,343.0,0.89,491.02,0.15,242.3,0.18,435.0,0.14,670.74,0.19,135.0,0.13,515.86,0.2,348.0,0.12,710.69,0.21,353.0,0.11,589.02,0.22,375.0
2026-01-07 10:32:50.490000+00:00,2026-01-07 10:32:48.060666+00:00,170.49,0.835,0.83,0.84,0.165,0.16,0.17,74.3,117.27,117.27,74.3,0.82,435.0,0.85,247.3,0.81,135.0,0.86,750.74,0.8,348.0,0.87,585.86,0.79,353.0,0.88,738.69,0.78,343.0,0.89,788.02,0.15,247.3,0.18,435.0,0.14,750.74,0.19,135.0,0.13,585.86,0.2,348.0,0.12,738.69,0.21,353.0,0.11,788.02,0.22,343.0
2026-01-07 10:32:51.446000+00:00,2026-01-07 10:32:49.063690+00:00,171.446,0.835,0.83,0.84,0.165,0.16,0.17,139.3,100.27,100.27,134.47,0.82,400.0,0.85,237.3,0.81,140.0,0.86,735.74,0.8,557.0,0.87,615.86,0.79,333.0,0.88,710.69,0.78,375.0,0.89,589.02,0.15,237.3,0.18,400.0,0.14,735.74,0.19,140.0,0.13,615.86,0.2,557.0,0.12,738.69,0.21,333.0,0.11,788.02,0.22,343.0
2026-01-07 10:32:52.510000+00:00,2026-01-07 10:32:50.071100+00:00,172.51,0.835,0.83,0.84,0.165,0.16,0.17,94.47,110.27,110.27,94.47,0.82,435.0,0.85,247.3,0.81,125.0,0.86,750.74,0.8,572.0,0.87,585.86,0.79,333.0,0.88,738.69,0.78,343.0,0.89,788.02,0.15,247.3,0.18,445.0,0.14,750.74,0.19,125.0,0.13,585.86,0.2,572.0,0.12,738.69,0.21,333.0,0.11,788.02,0.22,343.0
2026-01-07 10:32:53.331000+00:00,2026-01-07 10:32:51.073523+00:00,173.331,0.835,0.83,0.84,0.165,0.16,0.17,94.47,105.27,105.27,94.47,0.82,445.0,0.85,111.3,0.81,140.0,0.86,765.74,0.8,557.0,0.87,585.86,0.79,333.0,0.88,738.69,0.78,392.0,0.89,769.32,0.15,111.3,0.18,445.0,0.14,765.74,0.19,140.0,0.13,585.86,0.2,557.0,0.12,738.69,0.21,333.0,0.11,769.32,0.22,392.0
2026-01-07 10:32:54.335000+00:00,2026-01-07 10:32:52.078084+00:00,174.335,0.835,0.83,0.84,0.165,0.16,0.17,109.47,105.27,105.27,109.47,0.82,435.0,0.85,111.3,0.81,140.0,0.86,735.74,0.8,557.0,0.87,615.86,0.79,333.0,0.88,738.69,0.78,392.0,0.89,769.32,0.15,111.3,0.18,435.0,0.14,735.74,0.19,140.0,0.13,615.86,0.2,557.0,0.12,738.69,0.21,333.0,0.11,769.32,0.22,392.0
2026-01-07 10:32:55.355000+00:00,2026-01-07 10:32:53.080895+00:00,175.355,0.835,0.83,0.84,0.165,0.16,0.17,62.7,124.07,124.07,62.7,0.82,390.0,0.85,116.3,0.81,185.0,0.86,750.74,0.8,572.0,0.87,575.86,0.79,333.0,0.88,738.69,0.78,392.0,0.89,769.32,0.15,116.3,0.18,390.0,0.14,750.74,0.19,185.0,0.13,575.86,0.2,572.0,0.12,738.69,0.21,333.0,0.11,769.32,0.22,392.0
2026-01-07 10:32:56.532000+00:00,2026-01-07 10:32:54.088018+00:00,176.532,0.835,0.83,0.84,0.165,0.16,0.17,87.7,86.67,86.67,102.7,0.82,410.0,0.85,111.3,0.81,323.0,0.86,552.74,0.8,557.0,0.87,615.86,0.79,333.0,0.88,738.69,0.78,392.0,0.89,769.32,0.15,116.3,0.18,410.0,0.14,552.74,0.19,323.0,0.13,615.86,0.2,557.0,0.12,738.69,0.21,333.0,0.11,769.32,0.22,392.0
2026-01-07 10:32:57.536000+00:00,2026-01-07 10:32:55.099430+00:00,177.536,0.835,0.83,0.84,0.155,0.15,0.16,442.7,10.0,79.87,55.0,0.82,328.0,0.85,101.29,0.81,382.0,0.86,152.74,0.8,364.0,0.87,307.86,0.79,333.0,0.88,645.69,0.78,429.0,0.89,582.32,0.14,152.74,0.17,442.7,0.13,307.86,0.18,343.0,0.12,630.69,0.19,382.0,0.11,672.32,0.2,333.0,0.1,705.08,0.21,365.0
2026-01-07 10:32:58.566000+00:00,2026-01-07 10:32:56.120229+00:00,178.566,0.845,0.84,0.85,0.155,0.15,0.16,250.0,84.87,84.87,250.0,0.83,267.7,0.86,152.74,0.82,343.0,0.87,327.86,0.81,382.0,0.88,650.69,0.8,364.0,0.89,562.32,0.79,333.0,0.9,757.08,0.14,157.74,0.17,267.7,0.13,327.86,0.18,343.0,0.12,650.69,0.19,382.0,0.11,562.32,0.2,364.0,0.1,757.08,0.21,333.0
2026-01-07 10:32:59.475000+00:00,2026-01-07 10:32:57.125415+00:00,179.475,0.845,0.84,0.85,0.155,0.15,0.16,280.0,79.99,79.99,280.0,0.83,262.7,0.86,157.74,0.82,343.0,0.87,226.86,0.81,413.0,0.88,640.69,0.8,333.0,0.89,562.32,0.79,454.0,0.9,747.08,0.14,157.74,0.17,262.7,0.13,226.86,0.18,343.0,0.12,640.69,0.19,413.0,0.11,562.32,0.2,333.0,0.1,747.08,0.21,454.0
2026-01-07 10:33:00.562000+00:00,2026-01-07 10:32:58.135311+00:00,180.562,0.845,0.84,0.85,0.155,0.15,0.16,230.0,99.99,99.99,230.0,0.83,332.7,0.86,212.74,0.82,552.0,0.87,176.86,0.81,428.0,0.88,640.69,0.8,333.0,0.89,552.32,0.79,454.0,0.9,747.08,0.14,212.74,0.17,332.7,0.13,176.86,0.18,552.0,0.12,640.69,0.19,428.0,0.11,552.32,0.2,333.0,0.1,742.08,0.21,454.0
2026-01-07 10:33:01.596000+00:00,2026-01-07 10:32:59.143630+00:00,181.596,0.855,0.85,0.86,0.14500000000000002,0.14,0.15,327.0,166.14,166.14,432.0,0.84,706.0,0.87,96.86,0.83,462.0,0.88,401.09,0.82,338.0,0.89,443.72,0.81,454.0,0.9,566.08,0.8,419.0,0.91,573.22,0.13,96.86,0.16,607.0,0.12,280.09,0.17,417.0,0.11,260.72,0.18,338.0,0.1,566.08,0.19,454.0,0.09,573.22,0.2,419.0
2026-01-07 10:33:02.618000+00:00,2026-01-07 10:33:00.164054+00:00,182.618,0.855,0.85,0.86,0.14500000000000002,0.14,0.15,573.0,6.14,6.14,573.0,0.84,488.0,0.87,139.75,0.83,477.0,0.88,170.09,0.82,454.0,0.89,164.72,0.81,454.0,0.9,582.08,0.8,419.0,0.91,483.22,0.13,139.75,0.16,518.0,0.12,170.09,0.17,477.0,0.11,164.72,0.18,454.0,0.1,582.08,0.19,454.0,0.09,483.22,0.2,419.0
2026-01-07 10:33:03.616000+00:00,2026-01-07 10:33:01.172560+00:00,183.616,0.855,0.85,0.86,0.14500000000000002,0.14,0.15,155.0,111.14,96.14,210.0,0.84,646.0,0.87,134.76,0.83,428.0,0.88,175.09,0.82,564.0,0.89,139.72,0.81,454.0,0.9,607.08,0.8,419.0,0.91,463.22,0.13,134.76,0.16,646.0,0.12,175.09,0.17,428.0,0.11,139.72,0.18,564.0,0.1,729.08,0.19,454.0,0.09,463.22,0.2,419.0
2026-01-07 10:33:04.624000+00:00,2026-01-07 10:33:02.177843+00:00,184.624,0.855,0.85,0.86,0.14500000000000002,0.14,0.15,200.0,111.14,11.14,215.0,0.84,666.0,0.87,134.76,0.83,428.0,0.88,140.09,0.82,484.0,0.89,154.72,0.81,454.0,0.9,765.08,0.8,419.0,0.91,553.22,0.13,184.75,0.16,621.0,0.12,140.09,0.17,428.0,0.11,154.72,0.18,484.0,0.1,765.08,0.19,454.0,0.09,553.22,0.2,419.0
2026-01-07 10:33:05.629000+00:00,2026-01-07 10:33:03.198044+00:00,185.629,0.855,0.85,0.86,0.14500000000000002,0.14,0.15,771.0,3.81,3.81,820.8,0.84,457.0,0.87,139.75,0.83,458.0,0.88,170.09,0.82,454.0,0.89,164.72,0.81,454.0,0.9,765.08,0.8,419.0,0.91,643.22,0.13,139.75,0.16,408.0,0.12,170.09,0.17,507.0,0.11,164.72,0.18,454.0,0.1,765.08,0.19,454.0,0.09,643.22,0.2,427.1
2026-01-07 10:33:06.563000+00:00,2026-01-07 10:33:04.203530+00:00,186.563,0.855,0.85,0.86,0.14500000000000002,0.14,0.15,730.8,3.81,3.81,730.8,0.84,457.0,0.87,159.75,0.83,378.0,0.88,175.09,0.82,454.0,0.89,154.72,0.81,454.0,0.9,865.08,0.8,427.1,0.91,543.22,0.13,159.75,0.16,457.0,0.12,175.09,0.17,378.0,0.11,154.72,0.18,454.0,0.1,865.08,0.19,454.0,0.09,543.22,0.2,427.1
2026-01-07 10:33:07.657000+00:00,2026-01-07 10:33:05.209899+00:00,187.657,0.865,0.86,0.87,0.135,0.13,0.14,185.0,44.76,144.75,120.0,0.85,426.8,0.88,168.49,0.84,527.0,0.89,136.53,0.83,454.0,0.9,567.18,0.82,454.0,0.91,528.22,0.81,419.0,0.92,836.01,0.12,113.49,0.15,461.8,0.11,61.53,0.16,527.0,0.1,263.18,0.17,454.0,0.09,528.22,0.18,454.0,0.08,836.01,0.19,419.0
2026-01-07 10:33:08.524000+00:00,2026-01-07 10:33:06.200381+00:00,188.524,0.865,0.86,0.87,0.135,0.13,0.14,324.0,173.75,127.37,324.0,0.85,533.0,0.88,143.49,0.84,522.0,0.89,86.53,0.83,454.0,0.9,308.18,0.82,462.8,0.91,867.22,0.81,427.4,0.92,816.01,0.12,143.49,0.15,533.0,0.11,86.53,0.16,522.0,0.1,308.18,0.17,454.0,0.09,867.22,0.18,462.8,0.08,816.01,0.19,427.4
2026-01-07 10:33:09.653000+00:00,2026-01-07 10:33:07.206876+00:00,189.653,0.865,0.86,0.87,0.14500000000000002,0.14,0.15,314.0,125.37,50.0,208.0,0.85,408.0,0.88,183.49,0.84,497.0,0.89,121.53,0.83,543.19,0.9,333.18,0.82,462.8,0.91,867.22,0.81,462.4,0.92,816.01,0.13,230.37,0.16,357.0,0.12,123.49,0.17,368.19,0.11,121.53,0.18,477.79,0.1,435.18,0.19,462.4,0.09,623.22,0.2,436.1
2026-01-07 10:33:10.665000+00:00,2026-01-07 10:33:08.213963+00:00,190.665,0.855,0.85,0.86,0.14500000000000002,0.14,0.15,153.0,205.0,180.0,153.0,0.84,582.0,0.87,92.38,0.83,379.0,0.88,203.49,0.82,393.99,0.89,343.53,0.81,415.0,0.9,617.18,0.8,519.0,0.91,498.22,0.13,97.38,0.16,582.0,0.12,228.49,0.17,369.0,0.11,343.53,0.18,383.99,0.1,617.18,0.19,415.0,0.09,498.22,0.2,519.0
2026-01-07 10:33:11.668000+00:00,2026-01-07 10:33:09.222016+00:00,191.668,0.845,0.84,0.85,0.16,0.15,0.17,5.0,139.99,140.69,444.0,0.83,494.0,0.86,295.0,0.82,492.0,0.87,152.38,0.81,263.0,0.88,328.49,0.8,550.0,0.89,659.53,0.79,519.0,0.9,567.18,0.14,90.0,0.18,557.0,0.13,167.38,0.19,263.0,0.12,328.49,0.2,550.0,0.11,649.53,0.21,519.0,0.1,567.18,0.22,486.6
2026-01-07 10:33:12.641000+00:00,2026-01-07 10:33:10.240132+00:00,192.641,0.84,0.83,0.85,0.16,0.15,0.17,444.0,171.7,161.7,454.0,0.82,557.0,0.86,90.0,0.81,263.0,0.87,167.38,0.8,550.0,0.88,328.49,0.79,519.0,0.89,649.53,0.78,486.6,0.9,567.18,0.14,90.0,0.18,532.0,0.13,167.38,0.19,263.0,0.12,328.49,0.2,550.0,0.11,649.53,0.21,519.0,0.1,567.18,0.22,486.6
2026-01-07 10:33:13.691000+00:00,2026-01-07 10:33:11.243237+00:00,193.691,0.845,0.84,0.85,0.155,0.15,0.16,15.0,193.0,167.0,15.0,0.83,464.0,0.86,170.0,0.82,667.0,0.87,192.38,0.81,298.0,0.88,328.49,0.8,470.0,0.89,659.53,0.79,439.0,0.9,546.58,0.14,170.0,0.17,499.0,0.13,192.38,0.18,642.0,0.12,328.49,0.19,413.0,0.11,659.53,0.2,470.0,0.1,546.58,0.21,439.0
2026-01-07 10:33:14.293000+00:00,2026-01-07 10:33:12.248383+00:00,194.293,0.845,0.84,0.85,0.155,0.15,0.16,45.0,167.0,167.0,45.0,0.83,579.0,0.86,170.0,0.82,672.0,0.87,192.38,0.81,333.0,0.88,328.49,0.8,439.0,0.89,672.83,0.79,439.0,0.9,546.58,0.14,170.0,0.17,579.0,0.13,192.38,0.18,672.0,0.12,328.49,0.19,333.0,0.11,672.83,0.2,439.0,0.1,546.58,0.21,439.0
2026-01-07 10:33:15.696000+00:00,2026-01-07 10:33:13.254126+00:00,195.696,0.845,0.84,0.85,0.155,0.15,0.16,45.0,112.0,112.0,45.0,0.83,579.0,0.86,195.0,0.82,672.0,0.87,167.38,0.81,333.0,0.88,328.49,0.8,439.0,0.89,672.83,0.79,439.0,0.9,581.58,0.14,195.0,0.17,579.0,0.13,167.38,0.18,667.0,0.12,328.49,0.19,333.0,0.11,672.83,0.2,439.0,0.1,581.58,0.21,439.0
2026-01-07 10:33:16.723000+00:00,2026-01-07 10:33:14.274115+00:00,196.723,0.845,0.84,0.85,0.155,0.15,0.16,135.0,135.5,140.5,130.0,0.83,654.0,0.86,190.0,0.82,587.0,0.87,167.38,0.81,333.0,0.88,318.49,0.8,439.0,0.89,662.83,0.79,439.0,0.9,581.58,0.14,190.0,0.17,669.0,0.13,177.38,0.18,587.0,0.12,328.49,0.19,333.0,0.11,662.83,0.2,439.0,0.1,581.58,0.21,439.0
2026-01-07 10:33:17.645000+00:00,2026-01-07 10:33:15.279702+00:00,197.645,0.845,0.84,0.85,0.155,0.15,0.16,119.5,107.52,107.52,119.5,0.83,669.0,0.86,190.0,0.82,587.0,0.87,177.38,0.81,333.0,0.88,328.49,0.8,439.0,0.89,649.53,0.79,446.8,0.9,581.58,0.14,190.0,0.17,669.0,0.13,177.38,0.18,587.0,0.12,328.49,0.19,333.0,0.11,649.53,0.2,439.0,0.1,581.58,0.21,446.8
2026-01-07 10:33:18.391000+00:00,2026-01-07 10:33:16.287860+00:00,198.391,0.845,0.84,0.85,0.155,0.15,0.16,234.5,32.0,32.0,234.5,0.83,599.0,0.86,230.0,0.82,587.0,0.87,167.38,0.81,333.0,0.88,328.49,0.8,439.0,0.89,659.53,0.79,446.8,0.9,581.58,0.14,230.0,0.17,599.0,0.13,167.38,0.18,587.0,0.12,328.49,0.19,333.0,0.11,659.53,0.2,439.0,0.1,581.58,0.21,446.8
2026-01-07 10:33:19.530000+00:00,2026-01-07 10:33:17.296359+00:00,199.53,0.845,0.84,0.85,0.155,0.15,0.16,152.25,112.0,97.0,149.5,0.83,654.0,0.86,195.0,0.82,587.0,0.87,167.38,0.81,333.0,0.88,338.49,0.8,439.0,0.89,649.53,0.79,446.8,0.9,581.58,0.14,195.0,0.17,654.0,0.13,167.38,0.18,587.0,0.12,338.49,0.19,333.0,0.11,649.53,0.2,439.0,0.1,581.58,0.21,446.8
2026-01-07 10:33:20.701000+00:00,2026-01-07 10:33:18.299641+00:00,200.701,0.845,0.84,0.85,0.155,0.15,0.16,337.5,112.0,97.0,352.5,0.83,634.0,0.86,195.0,0.82,587.0,0.87,167.38,0.81,333.0,0.88,328.49,0.8,439.0,0.89,476.53,0.79,446.8,0.9,581.58,0.14,195.0,0.17,634.0,0.13,167.38,0.18,587.0,0.12,328.49,0.19,333.0,0.11,476.53,0.2,439.0,0.1,581.58,0.21,446.8
2026-01-07 10:33:21.569000+00:00,2026-01-07 10:33:19.305091+00:00,201.569,0.845,0.84,0.85,0.155,0.15,0.16,417.5,32.0,112.0,352.5,0.83,619.0,0.86,210.0,0.82,587.0,0.87,167.38,0.81,333.0,0.88,328.49,0.8,439.0,0.89,476.53,0.79,446.8,0.9,581.58,0.14,195.0,0.17,619.0,0.13,167.38,0.18,587.0,0.12,328.49,0.19,333.0,0.11,476.53,0.2,439.0,0.1,581.58,0.21,446.8
2026-01-07 10:33:22.779000+00:00,2026-01-07 10:33:20.325265+00:00,202.779,0.845,0.84,0.85,0.155,0.15,0.16,183.0,212.0,252.0,183.0,0.83,188.0,0.86,150.0,0.82,532.0,0.87,152.38,0.81,429.0,0.88,429.49,0.8,439.0,0.89,364.53,0.79,446.8,0.9,546.58,0.14,150.0,0.17,188.0,0.13,187.38,0.18,532.0,0.12,429.49,0.19,519.0,0.11,364.53,0.2,439.0,0.1,546.58,0.21,439.0
2026-01-07 10:33:23.745000+00:00,2026-01-07 10:33:21.329610+00:00,203.745,0.835,0.83,0.84,0.165,0.16,0.17,123.0,178.8,153.8,123.0,0.82,502.0,0.85,112.0,0.81,514.0,0.86,175.0,0.8,293.0,0.87,277.38,0.79,439.0,0.88,575.79,0.78,514.0,0.89,403.83,0.15,122.0,0.18,542.0,0.14,185.0,0.19,504.0,0.13,267.38,0.2,293.0,0.12,585.79,0.21,439.0,0.11,403.83,0.22,514.0
2026-01-07 10:33:24.829000+00:00,2026-01-07 10:33:22.337189+00:00,204.829,0.835,0.83,0.84,0.165,0.16,0.17,123.0,115.1,115.1,123.0,0.82,592.0,0.85,132.0,0.81,503.0,0.86,275.0,0.8,364.2,0.87,177.38,0.79,471.0,0.88,585.79,0.78,514.0,0.89,403.83,0.15,132.0,0.18,592.0,0.14,275.0,0.19,493.0,0.13,177.38,0.2,364.2,0.12,585.79,0.21,471.0,0.11,403.83,0.22,514.0
2026-01-07 10:33:25.757000+00:00,2026-01-07 10:33:23.328418+00:00,205.757,0.835,0.83,0.84,0.165,0.16,0.17,143.0,127.12,132.12,143.0,0.82,602.0,0.85,137.0,0.81,403.0,0.86,175.0,0.8,395.2,0.87,177.38,0.79,439.0,0.88,595.79,0.78,514.0,0.89,403.83,0.15,152.0,0.18,682.0,0.14,160.0,0.19,308.0,0.13,177.38,0.2,379.2,0.12,595.79,0.21,471.0,0.11,403.83,0.22,514.0
2026-01-07 10:33:26.743000+00:00,2026-01-07 10:33:24.331168+00:00,206.743,0.835,0.83,0.84,0.165,0.16,0.17,223.0,170.92,160.92,223.0,0.82,672.0,0.85,122.0,0.81,413.0,0.86,265.0,0.8,364.2,0.87,177.38,0.79,439.0,0.88,778.79,0.78,546.0,0.89,431.83,0.15,122.0,0.18,672.0,0.14,265.0,0.19,413.0,0.13,177.38,0.2,364.2,0.12,778.79,0.21,439.0,0.11,431.83,0.22,546.0
2026-01-07 10:33:27.773000+00:00,2026-01-07 10:33:25.322591+00:00,207.773,0.825,0.82,0.83,0.175,0.17,0.18,15.0,130.0,140.0,15.0,0.81,90.0,0.84,285.0,0.8,303.0,0.85,403.0,0.79,262.99,0.86,413.0,0.78,537.0,0.87,482.88,0.77,340.0,0.88,527.79,0.16,285.0,0.19,25.0,0.15,403.0,0.2,338.0,0.14,474.0,0.21,352.99,0.13,482.88,0.22,447.0,0.12,527.79,0.23,420.0
2026-01-07 10:33:28.779000+00:00,2026-01-07 10:33:26.327685+00:00,208.779,0.825,0.82,0.83,0.175,0.17,0.18,4.44,120.0,120.0,4.44,0.81,170.0,0.84,185.0,0.8,228.0,0.85,413.0,0.79,352.99,0.86,484.8,0.78,447.0,0.87,521.88,0.77,388.0,0.88,727.79,0.16,185.0,0.19,170.0,0.15,413.0,0.2,228.0,0.14,484.8,0.21,352.99,0.13,521.88,0.22,447.0,0.12,727.79,0.23,388.0
2026-01-07 10:33:29.779000+00:00,2026-01-07 10:33:27.334001+00:00,209.779,0.815,0.81,0.82,0.19,0.18,0.2,5.0,80.0,115.0,348.0,0.8,348.0,0.83,70.0,0.79,353.0,0.84,280.0,0.78,496.0,0.85,343.19,0.77,388.0,0.86,474.8,0.76,472.0,0.87,476.88,0.17,90.0,0.21,353.0,0.16,280.0,0.22,496.0,0.15,343.19,0.23,388.0,0.14,474.8,0.24,472.0,0.13,476.88,0.25,409.0
2026-01-07 10:33:30.708000+00:00,2026-01-07 10:33:28.341815+00:00,210.708,0.805,0.8,0.81,0.195,0.19,0.2,303.0,80.0,75.0,303.0,0.79,508.0,0.82,110.0,0.78,566.0,0.83,75.0,0.77,323.0,0.84,285.0,0.76,472.0,0.85,547.0,0.75,409.0,0.86,464.8,0.18,110.0,0.21,508.0,0.17,75.0,0.22,566.0,0.16,285.0,0.23,323.0,0.15,547.0,0.24,472.0,0.14,464.8,0.25,409.0
2026-01-07 10:33:31.771000+00:00,2026-01-07 10:33:29.345187+00:00,211.771,0.805,0.8,0.81,0.195,0.19,0.2,313.0,75.0,73.87,313.0,0.79,513.0,0.82,85.0,0.78,581.0,0.83,100.0,0.77,340.0,0.84,285.0,0.76,439.0,0.85,547.0,0.75,409.0,0.86,464.8,0.18,85.0,0.21,513.0,0.17,100.0,0.22,613.0,0.16,285.0,0.23,308.0,0.15,547.0,0.24,439.0,0.14,464.8,0.25,409.0
2026-01-07 10:33:32.679000+00:00,2026-01-07 10:33:30.353297+00:00,212.679,0.805,0.8,0.81,0.195,0.19,0.2,288.0,73.87,66.3,288.0,0.79,523.0,0.82,105.0,0.78,596.0,0.83,100.0,0.77,340.0,0.84,265.0,0.76,439.0,0.85,547.0,0.75,409.0,0.86,464.8,0.18,105.0,0.21,523.0,0.17,100.0,0.22,596.0,0.16,265.0,0.23,340.0,0.15,547.0,0.24,439.0,0.14,464.8,0.25,409.0
2026-01-07 10:33:33.594000+00:00,2026-01-07 10:33:31.359620+00:00,213.594,0.805,0.8,0.81,0.195,0.19,0.2,273.0,121.3,106.3,273.0,0.79,473.0,0.82,115.0,0.78,616.0,0.83,85.0,0.77,355.0,0.84,265.0,0.76,439.0,0.85,547.0,0.75,409.0,0.86,464.8,0.18,115.0,0.21,473.0,0.17,85.0,0.22,616.0,0.16,265.0,0.23,355.0,0.15,547.0,0.24,439.0,0.14,464.8,0.25,409.0
2026-01-07 10:33:34.790000+00:00,2026-01-07 10:33:32.350556+00:00,214.79,0.805,0.8,0.81,0.195,0.19,0.2,288.0,71.3,71.3,288.0,0.79,538.0,0.82,125.0,0.78,581.0,0.83,145.0,0.77,355.0,0.84,265.0,0.76,439.0,0.85,669.0,0.75,409.0,0.86,464.8,0.18,125.0,0.21,538.0,0.17,145.0,0.22,581.0,0.16,265.0,0.23,355.0,0.15,669.0,0.24,439.0,0.14,464.8,0.25,409.0
2026-01-07 10:33:35.656000+00:00,2026-01-07 10:33:33.353909+00:00,215.656,0.805,0.8,0.81,0.195,0.19,0.2,110.0,66.3,66.3,110.0,0.79,513.0,0.82,115.0,0.78,628.0,0.83,160.0,0.77,308.0,0.84,265.0,0.76,439.0,0.85,730.0,0.75,409.0,0.86,464.8,0.18,115.0,0.21,513.0,0.17,160.0,0.22,628.0,0.16,265.0,0.23,308.0,0.15,730.0,0.24,439.0,0.14,464.8,0.25,409.0
2026-01-07 10:33:36.739000+00:00,2026-01-07 10:33:34.361829+00:00,216.739,0.805,0.8,0.81,0.195,0.19,0.2,75.0,111.3,78.73,75.0,0.79,503.0,0.82,125.0,0.78,581.0,0.83,145.0,0.77,355.0,0.84,265.0,0.76,439.0,0.85,710.0,0.75,409.0,0.86,464.8,0.18,125.0,0.21,503.0,0.17,145.0,0.22,581.0,0.16,265.0,0.23,355.0,0.15,710.0,0.24,439.0,0.14,464.8,0.25,409.0
2026-01-07 10:33:37.819000+00:00,2026-01-07 10:33:35.383262+00:00,217.819,0.805,0.8,0.81,0.195,0.19,0.2,55.0,98.73,58.73,55.0,0.79,328.0,0.82,125.0,0.78,756.0,0.83,135.0,0.77,355.0,0.84,185.0,0.76,439.0,0.85,710.0,0.75,409.0,0.86,464.8,0.18,135.0,0.21,383.0,0.17,235.0,0.22,716.0,0.16,185.0,0.23,323.0,0.15,720.19,0.24,439.0,0.14,464.8,0.25,409.0
2026-01-07 10:33:38.849000+00:00,2026-01-07 10:33:36.391416+00:00,218.849,0.805,0.8,0.81,0.195,0.19,0.2,50.0,63.73,58.73,50.0,0.79,433.0,0.82,115.0,0.78,479.0,0.83,235.0,0.77,323.0,0.84,184.69,0.76,439.0,0.85,720.19,0.75,409.0,0.86,464.8,0.18,140.0,0.21,458.0,0.17,125.0,0.22,479.0,0.16,194.69,0.23,323.0,0.15,730.19,0.24,439.0,0.14,464.8,0.25,409.0
2026-01-07 10:33:39.847000+00:00,2026-01-07 10:33:37.399564+00:00,219.847,0.805,0.8,0.81,0.195,0.19,0.2,273.0,58.73,58.73,283.0,0.79,433.0,0.82,95.0,0.78,494.0,0.83,180.0,0.77,308.0,0.84,274.69,0.76,439.0,0.85,557.19,0.75,409.0,0.86,464.8,0.18,80.0,0.21,423.0,0.17,180.0,0.22,494.0,0.16,184.69,0.23,308.0,0.15,547.19,0.24,439.0,0.14,464.8,0.25,409.0
2026-01-07 10:33:40.857000+00:00,2026-01-07 10:33:38.405778+00:00,220.857,0.815,0.81,0.82,0.185,0.18,0.19,85.0,130.0,130.0,100.0,0.8,443.0,0.83,125.0,0.79,353.0,0.84,225.0,0.78,357.0,0.85,627.0,0.77,340.0,0.86,474.8,0.76,439.0,0.87,527.88,0.17,125.0,0.2,428.0,0.16,225.0,0.21,353.0,0.15,627.0,0.22,357.0,0.14,474.8,0.23,340.0,0.13,527.88,0.24,439.0
2026-01-07 10:33:41.816000+00:00,2026-01-07 10:33:39.409337+00:00,221.816,0.815,0.81,0.82,0.175,0.17,0.18,548.0,15.0,80.0,117.0,0.8,343.0,0.83,80.0,0.79,370.0,0.84,95.0,0.78,382.0,0.85,147.0,0.77,429.0,0.86,311.0,0.76,404.0,0.87,472.88,0.16,95.0,0.19,638.0,0.15,147.0,0.2,343.0,0.14,311.0,0.21,370.0,0.13,472.88,0.22,382.0,0.12,614.79,0.23,429.0
2026-01-07 10:33:42.762000+00:00,2026-01-07 10:33:40.412459+00:00,222.762,0.825,0.82,0.83,0.175,0.17,0.18,243.0,75.0,75.0,217.5,0.81,483.0,0.84,100.0,0.8,343.0,0.85,142.0,0.79,365.0,0.86,311.0,0.78,382.0,0.87,492.88,0.77,429.0,0.88,594.79,0.16,100.0,0.19,483.0,0.15,142.0,0.2,343.0,0.14,301.0,0.21,365.0,0.13,492.88,0.22,382.0,0.12,594.79,0.23,429.0
2026-01-07 10:33:43.764000+00:00,2026-01-07 10:33:41.417974+00:00,223.764,0.825,0.82,0.83,0.175,0.17,0.18,287.5,103.0,103.0,287.5,0.81,483.0,0.84,95.0,0.8,374.0,0.85,142.0,0.79,333.0,0.86,301.0,0.78,382.0,0.87,481.38,0.77,429.0,0.88,594.79,0.16,95.0,0.19,483.0,0.15,142.0,0.2,374.0,0.14,301.0,0.21,333.0,0.13,481.38,0.22,382.0,0.12,594.79,0.23,429.0
2026-01-07 10:33:44.615000+00:00,2026-01-07 10:33:42.423548+00:00,224.615,0.825,0.82,0.83,0.175,0.17,0.18,287.5,103.0,28.0,367.5,0.81,483.0,0.84,115.0,0.8,374.0,0.85,192.0,0.79,333.0,0.86,371.0,0.78,503.0,0.87,551.38,0.77,429.0,0.88,594.79,0.16,150.0,0.19,448.0,0.15,192.0,0.2,374.0,0.14,371.0,0.21,333.0,0.13,551.38,0.22,503.0,0.12,594.79,0.23,429.0
2026-01-07 10:33:45.794000+00:00,2026-01-07 10:33:43.449365+00:00,225.794,0.825,0.82,0.83,0.175,0.17,0.18,497.5,28.0,28.0,517.5,0.81,582.0,0.84,140.0,0.8,354.0,0.85,202.0,0.79,333.0,0.86,281.0,0.78,503.0,0.87,641.38,0.77,429.0,0.88,594.79,0.16,130.0,0.19,582.0,0.15,212.0,0.2,354.0,0.14,281.0,0.21,333.0,0.13,641.38,0.22,503.0,0.12,594.79,0.23,429.0
2026-01-07 10:33:46.889000+00:00,2026-01-07 10:33:44.453308+00:00,226.889,0.825,0.82,0.83,0.175,0.17,0.18,517.5,28.0,28.0,517.5,0.81,582.0,0.84,130.0,0.8,403.0,0.85,212.0,0.79,333.0,0.86,281.0,0.78,454.0,0.87,682.38,0.77,453.0,0.88,594.79,0.16,130.0,0.19,613.0,0.15,212.0,0.2,372.0,0.14,281.0,0.21,333.0,0.13,682.38,0.22,454.0,0.12,594.79,0.23,453.0
2026-01-07 10:33:47.875000+00:00,2026-01-07 10:33:45.459683+00:00,227.875,0.825,0.82,0.83,0.175,0.17,0.18,466.5,63.0,63.0,466.5,0.81,597.0,0.84,105.0,0.8,403.0,0.85,237.0,0.79,333.0,0.86,160.0,0.78,454.0,0.87,682.38,0.77,453.0,0.88,559.79,0.16,105.0,0.19,597.0,0.15,237.0,0.2,403.0,0.14,160.0,0.21,333.0,0.13,682.38,0.22,454.0,0.12,559.79,0.23,453.0
2026-01-07 10:33:48.975000+00:00,2026-01-07 10:33:46.482373+00:00,228.975,0.825,0.82,0.83,0.175,0.17,0.18,486.5,28.0,28.0,481.5,0.81,373.0,0.84,120.0,0.8,388.0,0.85,127.0,0.79,333.0,0.86,175.0,0.78,478.0,0.87,582.38,0.77,429.0,0.88,694.79,0.16,120.0,0.19,404.0,0.15,127.0,0.2,357.0,0.14,185.0,0.21,333.0,0.13,582.38,0.22,478.0,0.12,694.79,0.23,429.0
2026-01-07 10:33:49.932000+00:00,2026-01-07 10:33:47.486277+00:00,229.932,0.825,0.82,0.83,0.175,0.17,0.18,730.5,28.0,28.0,810.5,0.81,482.0,0.85,112.0,0.8,503.0,0.86,115.0,0.79,454.0,0.87,298.38,0.78,454.0,0.88,512.49,0.77,401.3,0.89,757.83,0.15,112.0,0.19,482.0,0.14,115.0,0.2,503.0,0.13,177.38,0.21,454.0,0.12,208.49,0.22,454.0,0.11,664.83,0.23,401.3
2026-01-07 10:33:50.926000+00:00,2026-01-07 10:33:48.492949+00:00,230.926,0.845,0.84,0.85,0.155,0.15,0.16,278.0,147.0,187.0,273.0,0.83,365.0,0.86,80.0,0.82,610.5,0.87,202.38,0.81,502.0,0.88,218.49,0.8,503.0,0.89,664.83,0.79,454.0,0.9,546.58,0.14,115.0,0.17,370.0,0.13,177.38,0.18,595.5,0.12,228.49,0.19,517.0,0.11,631.53,0.2,503.0,0.1,546.58,0.21,454.0
2026-01-07 10:33:51.896000+00:00,2026-01-07 10:33:49.496874+00:00,231.896,0.845,0.84,0.85,0.155,0.15,0.16,293.0,142.38,142.38,293.0,0.83,370.0,0.86,100.0,0.82,610.5,0.87,192.38,0.81,502.0,0.88,228.49,0.8,503.0,0.89,631.53,0.79,461.8,0.9,546.58,0.14,100.0,0.17,370.0,0.13,192.38,0.18,605.5,0.12,228.49,0.19,502.0,0.11,631.53,0.2,503.0,0.1,546.58,0.21,461.8
2026-01-07 10:33:52.956000+00:00,2026-01-07 10:33:50.503610+00:00,232.956,0.845,0.84,0.85,0.155,0.15,0.16,203.0,157.38,142.38,208.0,0.83,425.0,0.86,100.0,0.82,600.5,0.87,262.38,0.81,508.0,0.88,298.49,0.8,503.0,0.89,631.53,0.79,461.8,0.9,546.58,0.14,100.0,0.17,425.0,0.13,262.38,0.18,600.5,0.12,298.49,0.19,477.0,0.11,631.53,0.2,503.0,0.1,546.58,0.21,461.8
2026-01-07 10:33:53.802000+00:00,2026-01-07 10:33:51.525780+00:00,233.802,0.845,0.84,0.85,0.155,0.15,0.16,288.0,142.38,142.38,288.0,0.83,495.0,0.86,100.0,0.82,350.5,0.87,252.38,0.81,478.0,0.88,288.49,0.8,454.0,0.89,651.53,0.79,461.8,0.9,546.58,0.14,100.0,0.17,495.0,0.13,252.38,0.18,326.5,0.12,288.49,0.19,478.0,0.11,651.53,0.2,454.0,0.1,546.58,0.21,461.8
2026-01-07 10:33:54.730000+00:00,2026-01-07 10:33:52.545238+00:00,234.73,0.845,0.84,0.85,0.155,0.15,0.16,408.0,142.38,157.38,373.0,0.83,375.0,0.86,80.0,0.82,350.5,0.87,272.38,0.81,478.0,0.88,288.49,0.8,454.0,0.89,561.53,0.79,461.8,0.9,636.58,0.14,100.0,0.17,395.0,0.13,252.38,0.18,320.5,0.12,298.49,0.19,478.0,0.11,541.53,0.2,454.0,0.1,636.58,0.21,461.8
2026-01-07 10:33:56.905000+00:00,2026-01-07 10:33:54.570942+00:00,236.905,0.845,0.84,0.85,0.155,0.15,0.16,101.5,152.72,147.72,101.5,0.83,519.0,0.86,100.0,0.82,375.5,0.87,262.38,0.81,429.0,0.88,288.49,0.8,454.0,0.89,551.53,0.79,461.8,0.9,636.58,0.14,100.0,0.17,519.0,0.13,262.38,0.18,375.5,0.12,288.49,0.19,429.0,0.11,551.53,0.2,454.0,0.1,636.58,0.21,461.8
2026-01-07 10:33:57.882000+00:00,2026-01-07 10:33:55.576563+00:00,237.882,0.845,0.84,0.85,0.155,0.15,0.16,305.5,172.72,172.72,305.5,0.83,519.0,0.86,100.0,0.82,375.5,0.87,262.38,0.81,429.0,0.88,268.49,0.8,454.0,0.89,551.53,0.79,461.8,0.9,636.58,0.14,100.0,0.17,519.0,0.13,262.38,0.18,375.5,0.12,268.49,0.19,429.0,0.11,551.53,0.2,454.0,0.1,636.58,0.21,461.8
2026-01-07 10:33:59.010000+00:00,2026-01-07 10:33:56.580116+00:00,239.01,0.845,0.84,0.85,0.155,0.15,0.16,20.0,187.72,167.72,20.0,0.83,359.0,0.86,90.0,0.82,455.5,0.87,237.38,0.81,500.0,0.88,278.49,0.8,429.0,0.89,663.53,0.79,461.8,0.9,546.58,0.14,160.0,0.17,359.0,0.13,237.38,0.18,455.5,0.12,368.49,0.19,500.0,0.11,724.53,0.2,429.0,0.1,546.58,0.21,461.8
2026-01-07 10:34:00.029000+00:00,2026-01-07 10:33:57.582329+00:00,240.029,0.845,0.84,0.85,0.155,0.15,0.16,180.0,122.94,122.94,180.0,0.83,284.0,0.86,150.0,0.82,390.5,0.87,282.38,0.81,485.0,0.88,258.49,0.8,429.0,0.89,744.53,0.79,461.8,0.9,546.58,0.14,150.0,0.17,304.0,0.13,282.38,0.18,390.5,0.12,258.49,0.19,485.0,0.11,744.53,0.2,429.0,0.1,546.58,0.21,461.8
2026-01-07 10:34:01.693000+00:00,2026-01-07 10:33:59.607980+00:00,241.693,0.845,0.84,0.85,0.155,0.15,0.16,199.0,225.58,225.58,175.0,0.83,345.0,0.86,190.0,0.82,345.5,0.87,237.38,0.81,500.0,0.88,278.49,0.8,429.0,0.89,814.53,0.79,461.8,0.9,546.58,0.14,190.0,0.17,345.0,0.13,237.38,0.18,345.5,0.12,278.49,0.19,500.0,0.11,814.53,0.2,429.0,0.1,546.58,0.21,461.8
2026-01-07 10:34:02.986000+00:00,2026-01-07 10:34:00.627319+00:00,242.986,0.845,0.84,0.85,0.155,0.15,0.16,204.0,219.4,218.22,204.0,0.83,614.0,0.86,170.0,0.82,310.5,0.87,262.38,0.81,485.0,0.88,278.49,0.8,429.0,0.89,827.83,0.79,461.8,0.9,546.58,0.14,170.0,0.17,614.0,0.13,262.38,0.18,310.5,0.12,278.49,0.19,485.0,0.11,827.83,0.2,429.0,0.1,546.58,0.21,461.8
2026-01-07 10:34:03.960000+00:00,2026-01-07 10:34:01.631458+00:00,243.96,0.845,0.84,0.85,0.155,0.15,0.16,204.0,218.22,218.22,204.0,0.83,614.0,0.86,170.0,0.82,310.5,0.87,262.38,0.81,485.0,0.88,268.49,0.8,429.0,0.89,837.83,0.79,461.8,0.9,546.58,0.14,170.0,0.17,614.0,0.13,262.38,0.18,295.5,0.12,268.49,0.19,500.0,0.11,837.83,0.2,429.0,0.1,546.58,0.21,461.8
2026-01-07 10:34:04.951000+00:00,2026-01-07 10:34:02.638514+00:00,244.951,0.845,0.84,0.85,0.155,0.15,0.16,204.0,218.22,218.22,204.0,0.83,614.0,0.86,185.0,0.82,295.5,0.87,247.38,0.81,500.0,0.88,268.49,0.8,429.0,0.89,837.83,0.79,461.8,0.9,546.58,0.14,185.0,0.17,614.0,0.13,247.38,0.18,295.5,0.12,268.49,0.19,500.0,0.11,837.83,0.2,429.0,0.1,546.58,0.21,461.8
2026-01-07 10:34:06.053000+00:00,2026-01-07 10:34:03.641497+00:00,246.053,0.845,0.84,0.85,0.155,0.15,0.16,206.5,211.36,216.36,226.5,0.83,614.0,0.86,170.0,0.82,310.5,0.87,262.38,0.81,485.0,0.88,268.49,0.8,429.0,0.89,837.83,0.79,461.8,0.9,536.58,0.14,185.0,0.17,614.0,0.13,247.38,0.18,325.5,0.12,268.49,0.19,454.0,0.11,837.83,0.2,429.0,0.1,516.58,0.21,461.8
2026-01-07 10:34:07.052000+00:00,2026-01-07 10:34:04.645991+00:00,247.052,0.845,0.84,0.85,0.155,0.15,0.16,129.0,212.83,206.6,129.0,0.83,614.0,0.86,185.0,0.82,325.5,0.87,247.38,0.81,469.0,0.88,268.49,0.8,429.0,0.89,837.83,0.79,461.8,0.9,516.58,0.14,170.0,0.17,614.0,0.13,262.38,0.18,340.5,0.12,268.49,0.19,454.0,0.11,837.83,0.2,429.0,0.1,516.58,0.21,461.8
2026-01-07 10:34:08.002000+00:00,2026-01-07 10:34:05.654577+00:00,248.002,0.845,0.84,0.85,0.155,0.15,0.16,105.0,205.42,205.42,105.0,0.83,704.0,0.86,170.0,0.82,340.5,0.87,262.38,0.81,454.0,0.88,358.49,0.8,429.0,0.89,747.83,0.79,454.0,0.9,516.58,0.14,170.0,0.17,704.0,0.13,262.38,0.18,310.5,0.12,358.49,0.19,454.0,0.11,747.83,0.2,429.0,0.1,516.58,0.21,454.0
2026-01-07 10:34:09.946000+00:00,2026-01-07 10:34:07.663893+00:00,249.946,0.845,0.84,0.85,0.155,0.15,0.16,195.0,204.05,204.05,195.0,0.83,614.0,0.86,170.0,0.82,310.5,0.87,262.38,0.81,485.0,0.88,268.49,0.8,429.0,0.89,734.53,0.79,461.8,0.9,516.58,0.14,170.0,0.17,614.0,0.13,262.38,0.18,310.5,0.12,268.49,0.19,485.0,0.11,824.53,0.2,429.0,0.1,516.58,0.21,461.8
2026-01-07 10:34:11.817000+00:00,2026-01-07 10:34:09.690014+00:00,251.817,0.845,0.84,0.85,0.155,0.15,0.16,186.18,204.05,204.05,186.18,0.83,614.0,0.86,170.0,0.82,310.5,0.87,262.38,0.81,485.0,0.88,268.49,0.8,429.0,0.89,824.53,0.79,461.8,0.9,516.58,0.14,170.0,0.17,614.0,0.13,262.38,0.18,310.5,0.12,268.49,0.19,454.0,0.11,824.53,0.2,460.0,0.1,516.58,0.21,461.8
2026-01-07 10:34:13.125000+00:00,2026-01-07 10:34:10.692795+00:00,253.125,0.845,0.84,0.85,0.155,0.15,0.16,180.0,174.05,139.05,276.0,0.83,599.0,0.86,185.0,0.82,310.5,0.87,262.38,0.81,485.0,0.88,268.49,0.8,429.0,0.89,824.53,0.79,454.0,0.9,516.58,0.14,205.0,0.17,579.0,0.13,262.38,0.18,310.5,0.12,268.49,0.19,485.0,0.11,654.83,0.2,429.0,0.1,516.58,0.21,454.0
2026-01-07 10:34:14.140000+00:00,2026-01-07 10:34:11.715793+00:00,254.14,0.845,0.84,0.85,0.155,0.15,0.16,268.0,139.05,139.05,268.0,0.83,579.0,0.86,205.0,0.82,310.5,0.87,262.38,0.81,485.0,0.88,268.49,0.8,429.0,0.89,654.83,0.79,454.0,0.9,516.58,0.14,205.0,0.17,579.0,0.13,262.38,0.18,310.5,0.12,268.49,0.19,485.0,0.11,654.83,0.2,429.0,0.1,516.58,0.21,454.0
2026-01-07 10:34:15.163000+00:00,2026-01-07 10:34:12.721018+00:00,255.163,0.845,0.84,0.85,0.155,0.15,0.16,268.0,171.05,171.05,268.0,0.83,584.0,0.86,205.0,0.82,310.5,0.87,262.38,0.81,485.0,0.88,268.49,0.8,429.0,0.89,654.83,0.79,454.0,0.9,516.58,0.14,205.0,0.17,584.0,0.13,262.38,0.18,310.5,0.12,268.49,0.19,485.0,0.11,654.83,0.2,429.0,0.1,516.58,0.21,454.0
2026-01-07 10:34:16.174000+00:00,2026-01-07 10:34:13.725314+00:00,256.174,0.855,0.85,0.86,0.14500000000000002,0.14,0.15,74.95,115.0,115.0,123.95,0.84,488.0,0.87,137.38,0.83,325.0,0.88,313.49,0.82,335.5,0.89,530.53,0.81,454.0,0.9,388.58,0.8,454.0,0.91,500.25,0.13,137.38,0.16,468.0,0.12,313.49,0.17,325.0,0.11,530.53,0.18,335.5,0.1,388.58,0.19,454.0,0.09,500.25,0.2,454.0
2026-01-07 10:34:17.057000+00:00,2026-01-07 10:34:14.747238+00:00,257.057,0.855,0.85,0.86,0.14500000000000002,0.14,0.15,209.03,115.0,115.0,179.03,0.84,717.0,0.87,137.38,0.83,320.0,0.88,313.49,0.82,456.5,0.89,540.53,0.81,454.0,0.9,257.58,0.8,462.1,0.91,500.25,0.13,137.38,0.16,702.0,0.12,313.49,0.17,320.0,0.11,540.53,0.18,456.5,0.1,257.58,0.19,454.0,0.09,500.25,0.2,462.1
2026-01-07 10:34:18.079000+00:00,2026-01-07 10:34:15.752213+00:00,258.079,0.855,0.85,0.86,0.14500000000000002,0.14,0.15,202.03,115.0,115.0,202.03,0.84,717.0,0.87,177.38,0.83,320.0,0.88,283.49,0.82,456.5,0.89,530.53,0.81,454.0,0.9,257.58,0.8,462.1,0.91,500.25,0.13,177.38,0.16,717.0,0.12,283.49,0.17,320.0,0.11,530.53,0.18,456.5,0.1,257.58,0.19,454.0,0.09,500.25,0.2,462.1
2026-01-07 10:34:19.194000+00:00,2026-01-07 10:34:16.757138+00:00,259.194,0.855,0.85,0.86,0.14500000000000002,0.14,0.15,71.0,135.0,135.0,71.0,0.84,772.0,0.87,172.38,0.83,350.0,0.88,293.49,0.82,426.5,0.89,520.53,0.81,454.0,0.9,257.58,0.8,462.1,0.91,500.25,0.13,172.38,0.16,772.0,0.12,293.49,0.17,350.0,0.11,520.53,0.18,426.5,0.1,257.58,0.19,454.0,0.09,500.25,0.2,462.1
2026-01-07 10:34:20.051000+00:00,2026-01-07 10:34:17.778415+00:00,260.051,0.855,0.85,0.86,0.14500000000000002,0.14,0.15,71.0,172.0,157.0,71.0,0.84,597.0,0.87,157.38,0.83,510.0,0.88,368.49,0.82,441.5,0.89,430.53,0.81,454.0,0.9,247.58,0.8,462.1,0.91,500.25,0.13,157.38,0.16,597.0,0.12,368.49,0.17,510.0,0.11,430.53,0.18,441.5,0.1,247.58,0.19,454.0,0.09,500.25,0.2,454.0
2026-01-07 10:34:21.197000+00:00,2026-01-07 10:34:18.786994+00:00,261.197,0.855,0.85,0.86,0.14500000000000002,0.14,0.15,71.0,55.37,55.37,71.0,0.84,772.0,0.87,162.38,0.83,315.0,0.88,258.49,0.82,451.5,0.89,520.53,0.81,419.0,0.9,257.58,0.8,419.0,0.91,535.25,0.13,162.38,0.16,772.0,0.12,258.49,0.17,315.0,0.11,520.53,0.18,451.5,0.1,257.58,0.19,419.0,0.09,535.25,0.2,419.0
2026-01-07 10:34:22.242000+00:00,2026-01-07 10:34:19.806070+00:00,262.242,0.855,0.85,0.86,0.14500000000000002,0.14,0.15,92.66,61.37,61.37,92.66,0.84,772.0,0.87,197.38,0.83,325.0,0.88,268.49,0.82,451.5,0.89,520.53,0.81,454.0,0.9,257.58,0.8,454.0,0.91,535.25,0.13,197.38,0.16,772.0,0.12,268.49,0.17,325.0,0.11,520.53,0.18,451.5,0.1,257.58,0.19,454.0,0.09,535.25,0.2,454.0
2026-01-07 10:34:23.170000+00:00,2026-01-07 10:34:20.797515+00:00,263.17,0.855,0.85,0.86,0.14500000000000002,0.14,0.15,85.99,67.37,61.37,85.99,0.84,772.0,0.87,202.38,0.83,325.0,0.88,268.49,0.82,451.5,0.89,520.53,0.81,454.0,0.9,257.58,0.8,454.0,0.91,535.25,0.13,192.38,0.16,772.0,0.12,268.49,0.17,325.0,0.11,520.53,0.18,451.5,0.1,257.58,0.19,454.0,0.09,535.25,0.2,454.0
2026-01-07 10:34:24.010000+00:00,2026-01-07 10:34:21.803909+00:00,264.01,0.855,0.85,0.86,0.14500000000000002,0.14,0.15,94.32,60.27,60.27,89.32,0.84,762.0,0.87,182.38,0.83,325.0,0.88,288.49,0.82,451.5,0.89,520.53,0.81,454.0,0.9,257.58,0.8,454.0,0.91,535.25,0.13,182.38,0.16,762.0,0.12,288.49,0.17,325.0,0.11,520.53,0.18,451.5,0.1,257.58,0.19,454.0,0.09,535.25,0.2,454.0
2026-01-07 10:34:25.183000+00:00,2026-01-07 10:34:22.825700+00:00,265.183,0.855,0.85,0.86,0.14500000000000002,0.14,0.15,31.65,49.59,49.59,15.78,0.84,742.0,0.87,162.38,0.83,295.0,0.88,288.49,0.82,481.5,0.89,540.53,0.81,454.0,0.9,257.58,0.8,454.0,0.91,535.25,0.13,162.38,0.16,742.0,0.12,288.49,0.17,295.0,0.11,540.53,0.18,481.5,0.1,257.58,0.19,454.0,0.09,535.25,0.2,454.0
2026-01-07 10:34:26.227000+00:00,2026-01-07 10:34:23.830390+00:00,266.227,0.85,0.84,0.86,0.15000000000000002,0.14,0.16,752.0,78.59,78.59,752.0,0.83,305.0,0.87,222.38,0.82,481.5,0.88,248.49,0.81,454.0,0.89,520.53,0.8,454.0,0.9,257.58,0.79,426.8,0.91,535.25,0.13,222.38,0.17,305.0,0.12,248.49,0.18,481.5,0.11,520.53,0.19,454.0,0.1,257.58,0.2,454.0,0.09,535.25,0.21,426.8
2026-01-07 10:34:27.143000+00:00,2026-01-07 10:34:24.834198+00:00,267.143,0.85,0.84,0.86,0.15000000000000002,0.14,0.16,752.0,60.59,45.59,752.0,0.83,310.0,0.87,222.38,0.82,451.5,0.88,248.49,0.81,485.0,0.89,520.53,0.8,454.0,0.9,257.58,0.79,426.8,0.91,535.25,0.13,222.38,0.17,310.0,0.12,248.49,0.18,451.5,0.11,520.53,0.19,485.0,0.1,257.58,0.2,454.0,0.09,535.25,0.21,426.8
2026-01-07 10:34:28.241000+00:00,2026-01-07 10:34:25.855677+00:00,268.241,0.855,0.85,0.86,0.14500000000000002,0.14,0.15,50.0,43.26,42.08,50.0,0.84,806.0,0.87,172.38,0.83,320.0,0.88,298.49,0.82,432.5,0.89,520.53,0.81,454.0,0.9,257.58,0.8,454.0,0.91,535.25,0.13,172.38,0.16,806.0,0.12,298.49,0.17,320.0,0.11,520.53,0.18,432.5,0.1,257.58,0.19,454.0,0.09,535.25,0.2,454.0
2026-01-07 10:34:29.140000+00:00,2026-01-07 10:34:26.858780+00:00,269.14,0.855,0.85,0.86,0.14500000000000002,0.14,0.15,25.0,33.08,44.08,25.0,0.84,721.0,0.87,162.38,0.83,315.0,0.88,308.49,0.82,432.5,0.89,430.53,0.81,454.0,0.9,243.18,0.8,462.1,0.91,535.25,0.13,162.38,0.16,721.0,0.12,308.49,0.17,315.0,0.11,430.53,0.18,432.5,0.1,243.18,0.19,454.0,0.09,535.25,0.2,462.1
2026-01-07 10:34:30.244000+00:00,2026-01-07 10:34:27.866131+00:00,270.244,0.855,0.85,0.86,0.14500000000000002,0.14,0.15,37.0,34.12,25.12,43.0,0.84,736.57,0.87,162.38,0.83,345.0,0.88,308.49,0.82,402.5,0.89,430.53,0.81,515.34,0.9,243.18,0.8,462.1,0.91,535.25,0.13,172.38,0.16,736.57,0.12,298.49,0.17,315.0,0.11,430.53,0.18,432.5,0.1,243.18,0.19,515.34,0.09,535.25,0.2,462.1
2026-01-07 10:34:31.281000+00:00,2026-01-07 10:34:28.872083+00:00,271.281,0.855,0.85,0.86,0.14500000000000002,0.14,0.15,45.0,75.92,69.89,45.0,0.84,721.0,0.87,197.38,0.83,435.0,0.88,288.49,0.82,402.5,0.89,430.53,0.81,515.34,0.9,333.18,0.8,462.1,0.91,535.25,0.13,197.38,0.16,721.0,0.12,288.49,0.17,435.0,0.11,430.53,0.18,402.5,0.1,333.18,0.19,515.34,0.09,535.25,0.2,462.1
2026-01-07 10:34:32.936000+00:00,2026-01-07 10:34:30.902080+00:00,272.936,0.855,0.85,0.86,0.14500000000000002,0.14,0.15,25.0,50.25,49.15,25.0,0.84,747.97,0.87,103.27,0.83,435.0,0.88,288.49,0.82,402.5,0.89,430.53,0.81,523.74,0.9,333.18,0.8,462.1,0.91,535.25,0.13,103.27,0.16,747.97,0.12,288.49,0.17,435.0,0.11,430.53,0.18,402.5,0.1,333.18,0.19,523.74,0.09,535.25,0.2,462.1
2026-01-07 10:34:34.452000+00:00,2026-01-07 10:34:31.908727+00:00,274.452,0.855,0.85,0.86,0.15000000000000002,0.14,0.16,37.0,80.0,91.0,762.97,0.84,837.97,0.87,103.27,0.83,345.0,0.88,288.49,0.82,402.5,0.89,430.53,0.81,523.74,0.9,333.18,0.8,462.1,0.91,535.25,0.13,138.27,0.17,355.0,0.12,248.49,0.18,402.5,0.11,430.53,0.19,523.74,0.1,333.18,0.2,462.1,0.09,535.25,0.21,411.8
2026-01-07 10:34:35.330000+00:00,2026-01-07 10:34:32.918828+00:00,275.33,0.85,0.84,0.86,0.15000000000000002,0.14,0.16,752.97,89.72,89.72,752.97,0.83,435.0,0.87,138.27,0.82,402.5,0.88,233.34,0.81,523.74,0.89,504.0,0.8,462.1,0.9,225.0,0.79,411.8,0.91,535.25,0.13,138.27,0.17,435.0,0.12,233.34,0.18,402.5,0.11,414.0,0.19,523.74,0.1,225.0,0.2,462.1,0.09,535.25,0.21,411.8
2026-01-07 10:34:36.372000+00:00,2026-01-07 10:34:33.922816+00:00,276.372,0.85,0.84,0.86,0.15000000000000002,0.14,0.16,852.97,110.0,95.0,852.97,0.83,335.0,0.87,128.27,0.82,422.5,0.88,243.34,0.81,523.74,0.89,504.0,0.8,462.1,0.9,215.0,0.79,411.8,0.91,535.25,0.13,128.27,0.17,335.0,0.12,243.34,0.18,422.5,0.11,504.0,0.19,523.74,0.1,215.0,0.2,462.1,0.09,535.25,0.21,411.8
2026-01-07 10:34:37.341000+00:00,2026-01-07 10:34:34.930793+00:00,277.341,0.855,0.85,0.86,0.14500000000000002,0.14,0.15,50.0,55.02,55.02,50.0,0.84,852.97,0.87,123.27,0.83,320.0,0.88,253.34,0.82,402.5,0.89,504.0,0.81,523.74,0.9,225.0,0.8,462.1,0.91,535.25,0.13,123.27,0.16,852.97,0.12,253.34,0.17,320.0,0.11,504.0,0.18,402.5,0.1,225.0,0.19,523.74,0.09,535.25,0.2,462.1
2026-01-07 10:34:38.398000+00:00,2026-01-07 10:34:35.949967+00:00,278.398,0.85,0.84,0.86,0.15000000000000002,0.14,0.16,881.0,109.85,108.68,881.0,0.83,325.0,0.87,103.27,0.82,412.5,0.88,268.34,0.81,523.74,0.89,504.0,0.8,462.1,0.9,215.0,0.79,411.8,0.91,500.25,0.13,103.27,0.17,325.0,0.12,268.34,0.18,412.5,0.11,504.0,0.19,523.74,0.1,215.0,0.2,462.1,0.09,500.25,0.21,411.8
2026-01-07 10:34:39.403000+00:00,2026-01-07 10:34:36.955370+00:00,279.403,0.85,0.84,0.86,0.14500000000000002,0.14,0.15,756.0,63.0,75.0,35.0,0.83,315.0,0.87,142.95,0.82,367.5,0.88,268.34,0.81,488.74,0.89,469.0,0.8,427.1,0.9,215.0,0.79,411.8,0.91,500.25,0.13,109.95,0.16,771.0,0.12,268.34,0.17,330.0,0.11,479.0,0.18,402.5,0.1,215.0,0.19,523.74,0.09,535.25,0.2,427.1
2026-01-07 10:34:40.411000+00:00,2026-01-07 10:34:37.962708+00:00,280.411,0.855,0.85,0.86,0.14500000000000002,0.14,0.15,35.0,49.24,49.24,35.0,0.84,726.0,0.87,159.95,0.83,415.0,0.88,233.34,0.82,402.5,0.89,504.0,0.81,523.74,0.9,225.0,0.8,427.1,0.91,535.25,0.13,159.95,0.16,726.0,0.12,233.34,0.17,415.0,0.11,504.0,0.18,402.5,0.1,225.0,0.19,523.74,0.09,535.25,0.2,427.1
2026-01-07 10:34:41.167000+00:00,2026-01-07 10:34:38.969960+00:00,281.167,0.855,0.85,0.86,0.14500000000000002,0.14,0.15,35.0,68.24,83.24,35.0,0.84,836.0,0.87,164.95,0.83,320.0,0.88,233.34,0.82,402.5,0.89,504.0,0.81,515.34,0.9,225.0,0.8,427.1,0.91,515.05,0.13,184.95,0.16,836.0,0.12,253.34,0.17,320.0,0.11,504.0,0.18,402.5,0.1,225.0,0.19,515.34,0.09,515.05,0.2,427.1
2026-01-07 10:34:42.378000+00:00,2026-01-07 10:34:39.977253+00:00,282.378,0.85,0.84,0.86,0.15000000000000002,0.14,0.16,812.0,51.24,51.24,807.0,0.83,337.9,0.87,184.95,0.82,402.5,0.88,253.34,0.81,523.74,0.89,504.0,0.8,462.1,0.9,225.0,0.79,411.8,0.91,515.05,0.13,184.95,0.17,337.9,0.12,253.34,0.18,402.5,0.11,504.0,0.19,523.74,0.1,225.0,0.2,462.1,0.09,515.05,0.21,411.8
2026-01-07 10:34:43.423000+00:00,2026-01-07 10:34:40.983315+00:00,283.423,0.85,0.84,0.86,0.15000000000000002,0.14,0.16,807.0,34.24,34.24,807.0,0.83,342.9,0.87,184.95,0.82,402.5,0.88,253.34,0.81,523.74,0.89,504.0,0.8,462.1,0.9,225.0,0.79,411.8,0.91,515.05,0.13,184.95,0.17,342.9,0.12,253.34,0.18,402.5,0.11,504.0,0.19,523.74,0.1,225.0,0.2,462.1,0.09,515.05,0.21,411.8
2026-01-07 10:34:44.441000+00:00,2026-01-07 10:34:41.991876+00:00,284.441,0.845,0.84,0.85,0.155,0.15,0.16,71.45,30.0,45.0,30.45,0.83,420.0,0.86,184.24,0.82,367.5,0.87,64.95,0.81,470.34,0.88,314.34,0.8,409.0,0.89,597.0,0.79,454.0,0.9,533.4,0.14,99.24,0.17,420.0,0.13,54.95,0.18,367.5,0.12,394.34,0.19,470.34,0.11,610.3,0.2,409.0,0.1,533.4,0.21,454.0
2026-01-07 10:34:45.351000+00:00,2026-01-07 10:34:42.996515+00:00,285.351,0.845,0.84,0.85,0.155,0.15,0.16,260.45,13.0,13.0,245.45,0.83,250.0,0.86,94.24,0.82,367.5,0.87,74.95,0.81,470.34,0.88,414.34,0.8,409.0,0.89,610.3,0.79,454.0,0.9,533.4,0.14,94.24,0.17,250.0,0.13,74.95,0.18,367.5,0.12,414.34,0.19,470.34,0.11,610.3,0.2,409.0,0.1,533.4,0.21,454.0
2026-01-07 10:34:46.451000+00:00,2026-01-07 10:34:44.005550+00:00,286.451,0.845,0.84,0.85,0.155,0.15,0.16,180.51,38.0,53.0,119.0,0.83,280.0,0.86,94.24,0.82,416.5,0.87,74.95,0.81,470.34,0.88,414.34,0.8,409.0,0.89,610.3,0.79,454.0,0.9,533.4,0.14,94.24,0.17,320.0,0.13,74.95,0.18,416.5,0.12,414.34,0.19,470.34,0.11,610.3,0.2,409.0,0.1,533.4,0.21,454.0
2026-01-07 10:34:47.446000+00:00,2026-01-07 10:34:45.008931+00:00,287.446,0.845,0.84,0.85,0.155,0.15,0.16,54.0,58.0,58.0,54.0,0.83,404.0,0.86,119.24,0.82,407.5,0.87,64.95,0.81,470.34,0.88,404.34,0.8,409.0,0.89,600.3,0.79,454.0,0.9,533.4,0.14,119.24,0.17,474.0,0.13,134.95,0.18,407.5,0.12,404.34,0.19,470.34,0.11,600.3,0.2,409.0,0.1,533.4,0.21,454.0
2026-01-07 10:34:48.439000+00:00,2026-01-07 10:34:46.014174+00:00,288.439,0.845,0.84,0.85,0.155,0.15,0.16,54.0,53.0,53.0,24.0,0.83,689.0,0.86,124.24,0.82,437.5,0.87,134.95,0.81,470.34,0.88,394.34,0.8,409.0,0.89,610.3,0.79,454.0,0.9,533.4,0.14,114.24,0.17,689.0,0.13,134.95,0.18,437.5,0.12,394.34,0.19,470.34,0.11,610.3,0.2,409.0,0.1,533.4,0.21,454.0
2026-01-07 10:34:49.438000+00:00,2026-01-07 10:34:47.021299+00:00,289.438,0.845,0.84,0.85,0.155,0.15,0.16,214.87,8.0,8.0,214.87,0.83,584.0,0.86,109.24,0.82,437.5,0.87,144.95,0.81,470.34,0.88,414.34,0.8,409.0,0.89,610.3,0.79,454.0,0.9,533.4,0.14,109.24,0.17,584.0,0.13,144.95,0.18,437.5,0.12,414.34,0.19,470.34,0.11,610.3,0.2,409.0,0.1,533.4,0.21,454.0
2026-01-07 10:34:50.441000+00:00,2026-01-07 10:34:48.028019+00:00,290.441,0.845,0.84,0.85,0.155,0.15,0.16,119.0,83.9,83.9,99.0,0.83,643.99,0.86,99.24,0.82,486.5,0.87,154.95,0.81,470.34,0.88,353.34,0.8,409.0,0.89,597.0,0.79,461.8,0.9,533.4,0.14,109.24,0.17,643.99,0.13,154.95,0.18,486.5,0.12,343.34,0.19,470.34,0.11,597.0,0.2,409.0,0.1,533.4,0.21,461.8
2026-01-07 10:34:51.474000+00:00,2026-01-07 10:34:49.034686+00:00,291.474,0.865,0.86,0.87,0.135,0.13,0.14,15.0,34.95,34.95,80.0,0.85,329.85,0.88,178.34,0.84,538.0,0.89,150.0,0.83,480.0,0.9,329.4,0.82,357.5,0.91,404.05,0.81,470.34,0.92,760.98,0.12,178.34,0.15,265.85,0.11,150.0,0.16,343.0,0.1,329.4,0.17,480.0,0.09,404.05,0.18,357.5,0.08,760.98,0.19,470.34
