timestamp,collected_at,seconds,mid,bid,ask,asset
2026-01-06 17:30:00+00:00,,0.0,ETH,3247.251,3247.23,17:30:00
2026-01-06 17:30:01+00:00,,1.0,ETH,3247.481,3247.45,17:30:01
2026-01-06 17:30:02+00:00,,2.0,ETH,3247.821,3247.65,17:30:02
2026-01-06 17:30:03+00:00,,3.0,ETH,3247.831,3247.48,17:30:03
2026-01-06 17:30:04+00:00,,4.0,ETH,3247.731,3247.45,17:30:04
2026-01-06 17:30:05+00:00,,5.0,ETH,3247.701,3247.6,17:30:05
2026-01-06 17:30:06+00:00,,6.0,ETH,3247.761,3247.72,17:30:06
2026-01-06 17:30:07+00:00,,7.0,ETH,3247.751,3247.72,17:30:07
2026-01-06 17:30:08+00:00,,8.0,ETH,3247.651,3247.6,17:30:08
2026-01-06 17:30:09+00:00,,9.0,ETH,3247.621,3247.56,17:30:09
2026-01-06 17:30:10+00:00,,10.0,ETH,3247.661,3247.61,17:30:10
2026-01-06 17:30:11+00:00,,11.0,ETH,3247.651,3247.58,17:30:11
2026-01-06 17:30:12+00:00,,12.0,ETH,3247.721,3247.6,17:30:12
2026-01-06 17:30:13+00:00,,13.0,ETH,3247.691,3247.58,17:30:13
2026-01-06 17:30:14+00:00,,14.0,ETH,3247.571,3247.46,17:30:14
2026-01-06 17:30:15+00:00,,15.0,ETH,3247.571,3247.44,17:30:15
2026-01-06 17:30:16+00:00,,16.0,ETH,3247.491,3247.48,17:30:16
2026-01-06 17:30:17+00:00,,17.0,ETH,3247.581,3247.53,17:30:17
2026-01-06 17:30:18+00:00,,18.0,ETH,3247.541,3247.5,17:30:18
2026-01-06 17:30:19+00:00,,19.0,ETH,3247.261,3247.21,17:30:19
2026-01-06 17:30:20+00:00,,20.0,ETH,3246.911,3246.8,17:30:20
2026-01-06 17:30:21+00:00,,21.0,ETH,3246.911,3246.76,17:30:21
2026-01-06 17:30:22+00:00,,22.0,ETH,3246.781,3246.76,17:30:22
2026-01-06 17:30:23+00:00,,23.0,ETH,3246.791,3246.76,17:30:23
2026-01-06 17:30:24+00:00,,24.0,ETH,3246.711,3246.66,17:30:24
2026-01-06 17:30:25+00:00,,25.0,ETH,3246.641,3246.58,17:30:25
2026-01-06 17:30:26+00:00,,26.0,ETH,3246.771,3246.69,17:30:26
2026-01-06 17:30:27+00:00,,27.0,ETH,3246.951,3246.86,17:30:27
2026-01-06 17:30:28+00:00,,28.0,ETH,3247.001,3246.93,17:30:28
2026-01-06 17:30:29+00:00,,29.0,ETH,3246.971,3246.91,17:30:29
2026-01-06 17:30:30+00:00,,30.0,ETH,3246.941,3246.89,17:30:30
2026-01-06 17:30:31+00:00,,31.0,ETH,3246.911,3246.86,17:30:31
2026-01-06 17:30:32+00:00,,32.0,ETH,3247.321,3247.24,17:30:32
2026-01-06 17:30:33+00:00,,33.0,ETH,3247.921,3247.73,17:30:33
2026-01-06 17:30:34+00:00,,34.0,ETH,3248.141,3247.92,17:30:34
2026-01-06 17:30:35+00:00,,35.0,ETH,3248.131,3247.98,17:30:35
2026-01-06 17:30:36+00:00,,36.0,ETH,3247.991,3247.94,17:30:36
2026-01-06 17:30:37+00:00,,37.0,ETH,3247.891,3247.88,17:30:37
2026-01-06 17:30:38+00:00,,38.0,ETH,3247.891,3247.88,17:30:38
2026-01-06 17:30:39+00:00,,39.0,ETH,3247.891,3247.88,17:30:39
2026-01-06 17:30:40+00:00,,40.0,ETH,3247.871,3247.86,17:30:40
2026-01-06 17:30:41+00:00,,41.0,ETH,3247.731,3247.6,17:30:41
2026-01-06 17:30:42+00:00,,42.0,ETH,3247.541,3247.48,17:30:42
2026-01-06 17:30:43+00:00,,43.0,ETH,3247.201,3247.19,17:30:43
2026-01-06 17:30:44+00:00,,44.0,ETH,3247.021,3246.98,17:30:44
2026-01-06 17:30:45+00:00,,45.0,ETH,3246.981,3246.97,17:30:45
2026-01-06 17:30:00+00:00,,0.0,ETH,3247.251,3247.23,17:30:00
2026-01-06 17:30:46+00:00,,46.0,ETH,3246.891,3246.88,17:30:46
2026-01-06 17:30:01+00:00,,1.0,ETH,3247.481,3247.45,17:30:01
2026-01-06 17:30:47+00:00,,47.0,ETH,3246.831,3246.82,17:30:47
2026-01-06 17:30:02+00:00,,2.0,ETH,3247.821,3247.65,17:30:02
2026-01-06 17:30:48+00:00,,48.0,ETH,3246.891,3246.87,17:30:48
2026-01-06 17:30:03+00:00,,3.0,ETH,3247.831,3247.48,17:30:03
2026-01-06 17:30:49+00:00,,49.0,ETH,3246.861,3246.85,17:30:49
2026-01-06 17:30:04+00:00,,4.0,ETH,3247.731,3247.45,17:30:04
2026-01-06 17:30:50+00:00,,50.0,ETH,3246.861,3246.85,17:30:50
2026-01-06 17:30:05+00:00,,5.0,ETH,3247.701,3247.6,17:30:05
2026-01-06 17:30:51+00:00,,51.0,ETH,3246.861,3246.85,17:30:51
2026-01-06 17:30:06+00:00,,6.0,ETH,3247.761,3247.72,17:30:06
2026-01-06 17:30:52+00:00,,52.0,ETH,3246.711,3246.67,17:30:52
2026-01-06 17:30:07+00:00,,7.0,ETH,3247.751,3247.72,17:30:07
2026-01-06 17:30:53+00:00,,53.0,ETH,3246.601,3246.6,17:30:53
2026-01-06 17:30:08+00:00,,8.0,ETH,3247.651,3247.6,17:30:08
2026-01-06 17:30:54+00:00,,54.0,ETH,3246.291,3246.17,17:30:54
2026-01-06 17:30:09+00:00,,9.0,ETH,3247.621,3247.56,17:30:09
2026-01-06 17:30:55+00:00,,55.0,ETH,3246.291,3246.17,17:30:55
2026-01-06 17:30:10+00:00,,10.0,ETH,3247.661,3247.61,17:30:10
2026-01-06 17:30:56+00:00,,56.0,ETH,3246.411,3246.31,17:30:56
2026-01-06 17:30:11+00:00,,11.0,ETH,3247.651,3247.58,17:30:11
2026-01-06 17:30:57+00:00,,57.0,ETH,3246.501,3246.48,17:30:57
2026-01-06 17:30:12+00:00,,12.0,ETH,3247.721,3247.6,17:30:12
2026-01-06 17:30:58+00:00,,58.0,ETH,3246.531,3246.53,17:30:58
2026-01-06 17:30:13+00:00,,13.0,ETH,3247.691,3247.58,17:30:13
2026-01-06 17:30:59+00:00,,59.0,ETH,3246.531,3246.51,17:30:59
2026-01-06 17:30:14+00:00,,14.0,ETH,3247.571,3247.46,17:30:14
2026-01-06 17:31:00+00:00,,60.0,ETH,3246.521,3246.49,17:31:00
2026-01-06 17:30:15+00:00,,15.0,ETH,3247.531,3247.46,17:30:15
2026-01-06 17:31:01+00:00,,61.0,ETH,3246.491,3246.39,17:31:01
2026-01-06 17:30:16+00:00,,16.0,ETH,3247.531,3247.51,17:30:16
2026-01-06 17:31:02+00:00,,62.0,ETH,3246.541,3246.53,17:31:02
2026-01-06 17:30:17+00:00,,17.0,ETH,3247.561,3247.52,17:30:17
2026-01-06 17:30:18+00:00,,18.0,ETH,3247.541,3247.5,17:30:18
2026-01-06 17:31:03+00:00,,63.0,ETH,3246.471,3246.42,17:31:03
2026-01-06 17:30:19+00:00,,19.0,ETH,3247.621,3247.57,17:30:19
2026-01-06 17:31:04+00:00,,64.0,ETH,3246.201,3246.17,17:31:04
2026-01-06 17:30:20+00:00,,20.0,ETH,3246.911,3246.84,17:30:20
2026-01-06 17:31:05+00:00,,65.0,ETH,3246.021,3245.99,17:31:05
2026-01-06 17:30:21+00:00,,21.0,ETH,3246.911,3246.76,17:30:21
2026-01-06 17:31:06+00:00,,66.0,ETH,3246.351,3246.31,17:31:06
2026-01-06 17:30:22+00:00,,22.0,ETH,3246.771,3246.76,17:30:22
2026-01-06 17:31:07+00:00,,67.0,ETH,3246.791,3246.76,17:31:07
2026-01-06 17:30:23+00:00,,23.0,ETH,3246.791,3246.76,17:30:23
2026-01-06 17:31:08+00:00,,68.0,ETH,3247.661,3247.59,17:31:08
2026-01-06 17:30:24+00:00,,24.0,ETH,3246.781,3246.76,17:30:24
2026-01-06 17:31:09+00:00,,69.0,ETH,3248.471,3248.33,17:31:09
2026-01-06 17:30:25+00:00,,25.0,ETH,3246.631,3246.55,17:30:25
2026-01-06 17:31:10+00:00,,70.0,ETH,3248.511,3248.31,17:31:10
2026-01-06 17:30:26+00:00,,26.0,ETH,3246.661,3246.61,17:30:26
2026-01-06 17:31:11+00:00,,71.0,ETH,3248.361,3248.22,17:31:11
2026-01-06 17:30:27+00:00,,27.0,ETH,3246.881,3246.78,17:30:27
2026-01-06 17:31:12+00:00,,72.0,ETH,3248.181,3248.1,17:31:12
2026-01-06 17:30:28+00:00,,28.0,ETH,3247.031,3246.93,17:30:28
2026-01-06 17:31:13+00:00,,73.0,ETH,3248.121,3248.05,17:31:13
2026-01-06 17:30:29+00:00,,29.0,ETH,3246.971,3246.92,17:30:29
2026-01-06 17:31:14+00:00,,74.0,ETH,3248.121,3248.03,17:31:14
2026-01-06 17:30:30+00:00,,30.0,ETH,3246.971,3246.91,17:30:30
2026-01-06 17:31:15+00:00,,75.0,ETH,3248.031,3247.94,17:31:15
2026-01-06 17:30:31+00:00,,31.0,ETH,3246.921,3246.87,17:30:31
2026-01-06 17:31:17+00:00,,77.0,ETH,3247.951,3247.91,17:31:17
2026-01-06 17:30:32+00:00,,32.0,ETH,3246.901,3246.86,17:30:32
2026-01-06 17:31:18+00:00,,78.0,ETH,3247.911,3247.67,17:31:18
2026-01-06 17:30:33+00:00,,33.0,ETH,3247.751,3247.61,17:30:33
2026-01-06 17:31:19+00:00,,79.0,ETH,3247.771,3247.76,17:31:19
2026-01-06 17:30:34+00:00,,34.0,ETH,3248.091,3247.85,17:30:34
2026-01-06 17:31:20+00:00,,80.0,ETH,3247.731,3247.69,17:31:20
2026-01-06 17:30:35+00:00,,35.0,ETH,3248.131,3247.98,17:30:35
2026-01-06 17:31:21+00:00,,81.0,ETH,3247.771,3247.76,17:31:21
2026-01-06 17:30:36+00:00,,36.0,ETH,3247.991,3247.94,17:30:36
2026-01-06 17:31:22+00:00,,82.0,ETH,3248.191,3248.13,17:31:22
2026-01-06 17:30:37+00:00,,37.0,ETH,3247.891,3247.88,17:30:37
2026-01-06 17:31:23+00:00,,83.0,ETH,3248.191,3248.16,17:31:23
2026-01-06 17:30:38+00:00,,38.0,ETH,3247.891,3247.88,17:30:38
2026-01-06 17:31:24+00:00,,84.0,ETH,3248.241,3248.15,17:31:24
2026-01-06 17:30:39+00:00,,39.0,ETH,3247.881,3247.87,17:30:39
2026-01-06 17:31:25+00:00,,85.0,ETH,3248.251,3248.13,17:31:25
2026-01-06 17:30:40+00:00,,40.0,ETH,3247.801,3247.73,17:30:40
2026-01-06 17:31:26+00:00,,86.0,ETH,3248.371,3248.2,17:31:26
2026-01-06 17:30:41+00:00,,41.0,ETH,3247.631,3247.54,17:30:41
2026-01-06 17:31:27+00:00,,87.0,ETH,3248.381,3248.22,17:31:27
2026-01-06 17:30:42+00:00,,42.0,ETH,3247.541,3247.48,17:30:42
2026-01-06 17:31:28+00:00,,88.0,ETH,3248.091,3248.01,17:31:28
2026-01-06 17:30:43+00:00,,43.0,ETH,3247.201,3247.19,17:30:43
2026-01-06 17:31:29+00:00,,89.0,ETH,3247.911,3247.81,17:31:29
2026-01-06 17:30:44+00:00,,44.0,ETH,3247.021,3246.98,17:30:44
2026-01-06 17:31:30+00:00,,90.0,ETH,3247.841,3247.77,17:31:30
2026-01-06 17:30:45+00:00,,45.0,ETH,3246.981,3246.97,17:30:45
2026-01-06 17:31:31+00:00,,91.0,ETH,3247.861,3247.79,17:31:31
2026-01-06 17:30:46+00:00,,46.0,ETH,3246.891,3246.88,17:30:46
2026-01-06 17:31:32+00:00,,92.0,ETH,3247.821,3247.76,17:31:32
2026-01-06 17:30:47+00:00,,47.0,ETH,3246.831,3246.82,17:30:47
2026-01-06 17:31:33+00:00,,93.0,ETH,3248.181,3248.16,17:31:33
2026-01-06 17:30:48+00:00,,48.0,ETH,3246.891,3246.87,17:30:48
2026-01-06 17:31:34+00:00,,94.0,ETH,3248.611,3248.52,17:31:34
2026-01-06 17:30:49+00:00,,49.0,ETH,3246.861,3246.85,17:30:49
2026-01-06 17:31:35+00:00,,95.0,ETH,3248.921,3248.9,17:31:35
2026-01-06 17:30:50+00:00,,50.0,ETH,3246.861,3246.85,17:30:50
2026-01-06 17:31:36+00:00,,96.0,ETH,3249.091,3248.86,17:31:36
2026-01-06 17:30:51+00:00,,51.0,ETH,3246.861,3246.85,17:30:51
2026-01-06 17:31:37+00:00,,97.0,ETH,3249.091,3248.85,17:31:37
2026-01-06 17:30:52+00:00,,52.0,ETH,3246.711,3246.67,17:30:52
2026-01-06 17:31:38+00:00,,98.0,ETH,3248.841,3248.68,17:31:38
2026-01-06 17:30:53+00:00,,53.0,ETH,3246.601,3246.6,17:30:53
2026-01-06 17:31:39+00:00,,99.0,ETH,3248.851,3248.81,17:31:39
2026-01-06 17:30:54+00:00,,54.0,ETH,3246.291,3246.17,17:30:54
2026-01-06 17:31:40+00:00,,100.0,ETH,3248.991,3248.81,17:31:40
2026-01-06 17:30:55+00:00,,55.0,ETH,3246.291,3246.17,17:30:55
2026-01-06 17:31:41+00:00,,101.0,ETH,3248.871,3248.62,17:31:41
2026-01-06 17:30:56+00:00,,56.0,ETH,3246.411,3246.31,17:30:56
2026-01-06 17:31:42+00:00,,102.0,ETH,3248.731,3248.63,17:31:42
2026-01-06 17:30:57+00:00,,57.0,ETH,3246.501,3246.48,17:30:57
2026-01-06 17:31:43+00:00,,103.0,ETH,3248.731,3248.66,17:31:43
2026-01-06 17:30:58+00:00,,58.0,ETH,3246.531,3246.53,17:30:58
2026-01-06 17:31:44+00:00,,104.0,ETH,3248.731,3248.64,17:31:44
2026-01-06 17:30:59+00:00,,59.0,ETH,3246.531,3246.51,17:30:59
2026-01-06 17:31:45+00:00,,105.0,ETH,3248.731,3248.67,17:31:45
2026-01-06 17:31:00+00:00,,60.0,ETH,3246.521,3246.49,17:31:00
2026-01-06 17:31:46+00:00,,106.0,ETH,3248.981,3248.96,17:31:46
2026-01-06 17:31:01+00:00,,61.0,ETH,3246.491,3246.39,17:31:01
2026-01-06 17:31:47+00:00,,107.0,ETH,3249.211,3249.17,17:31:47
2026-01-06 17:31:02+00:00,,62.0,ETH,3246.541,3246.53,17:31:02
2026-01-06 17:31:48+00:00,,108.0,ETH,3249.191,3249.01,17:31:48
2026-01-06 17:31:03+00:00,,63.0,ETH,3246.541,3246.49,17:31:03
2026-01-06 17:31:49+00:00,,109.0,ETH,3248.901,3248.81,17:31:49
2026-01-06 17:31:04+00:00,,64.0,ETH,3246.401,3246.36,17:31:04
2026-01-06 17:31:50+00:00,,110.0,ETH,3248.971,3248.76,17:31:50
2026-01-06 17:31:05+00:00,,65.0,ETH,3246.021,3245.99,17:31:05
2026-01-06 17:31:51+00:00,,111.0,ETH,3249.061,3248.97,17:31:51
2026-01-06 17:31:06+00:00,,66.0,ETH,3246.351,3246.31,17:31:06
2026-01-06 17:31:52+00:00,,112.0,ETH,3249.061,3248.97,17:31:52
2026-01-06 17:31:07+00:00,,67.0,ETH,3246.791,3246.76,17:31:07
2026-01-06 17:31:53+00:00,,113.0,ETH,3249.111,3249.0,17:31:53
2026-01-06 17:31:08+00:00,,68.0,ETH,3247.661,3247.59,17:31:08
2026-01-06 17:31:54+00:00,,114.0,ETH,3249.111,3248.95,17:31:54
2026-01-06 17:31:09+00:00,,69.0,ETH,3248.471,3248.33,17:31:09
2026-01-06 17:31:55+00:00,,115.0,ETH,3248.981,3248.87,17:31:55
2026-01-06 17:31:10+00:00,,70.0,ETH,3248.511,3248.31,17:31:10
2026-01-06 17:31:56+00:00,,116.0,ETH,3248.961,3248.87,17:31:56
2026-01-06 17:31:11+00:00,,71.0,ETH,3248.361,3248.22,17:31:11
2026-01-06 17:31:57+00:00,,117.0,ETH,3249.051,3248.89,17:31:57
2026-01-06 17:31:12+00:00,,72.0,ETH,3248.181,3248.1,17:31:12
2026-01-06 17:31:58+00:00,,118.0,ETH,3249.061,3248.91,17:31:58
2026-01-06 17:31:13+00:00,,73.0,ETH,3248.121,3248.05,17:31:13
2026-01-06 17:31:59+00:00,,119.0,ETH,3249.041,3248.91,17:31:59
2026-01-06 17:31:14+00:00,,74.0,ETH,3248.121,3248.03,17:31:14
2026-01-06 17:32:00+00:00,,120.0,ETH,3249.031,3248.9,17:32:00
2026-01-06 17:31:15+00:00,,75.0,ETH,3248.031,3247.94,17:31:15
2026-01-06 17:32:01+00:00,,121.0,ETH,3249.211,3249.02,17:32:01
2026-01-06 17:31:16+00:00,,76.0,ETH,3247.951,3247.91,17:31:16
2026-01-06 17:32:02+00:00,,122.0,ETH,3249.411,3249.23,17:32:02
2026-01-06 17:31:17+00:00,,77.0,ETH,3247.931,3247.79,17:31:17
2026-01-06 17:32:04+00:00,,124.0,ETH,3249.411,3249.32,17:32:04
2026-01-06 17:31:18+00:00,,78.0,ETH,3247.841,3247.72,17:31:18
2026-01-06 17:32:05+00:00,,125.0,ETH,3249.301,3249.28,17:32:05
2026-01-06 17:31:19+00:00,,79.0,ETH,3247.751,3247.73,17:31:19
2026-01-06 17:32:06+00:00,,126.0,ETH,3249.671,3249.56,17:32:06
2026-01-06 17:31:20+00:00,,80.0,ETH,3247.751,3247.73,17:31:20
2026-01-06 17:32:07+00:00,,127.0,ETH,3249.661,3249.58,17:32:07
2026-01-06 17:31:21+00:00,,81.0,ETH,3247.981,3247.95,17:31:21
2026-01-06 17:32:08+00:00,,128.0,ETH,3250.411,3250.22,17:32:08
2026-01-06 17:31:22+00:00,,82.0,ETH,3248.191,3248.15,17:31:22
2026-01-06 17:32:09+00:00,,129.0,ETH,3250.541,3250.44,17:32:09
2026-01-06 17:31:23+00:00,,83.0,ETH,3248.211,3248.16,17:31:23
2026-01-06 17:32:10+00:00,,130.0,ETH,3250.411,3250.23,17:32:10
2026-01-06 17:31:24+00:00,,84.0,ETH,3248.251,3248.14,17:31:24
2026-01-06 17:32:11+00:00,,131.0,ETH,3250.041,3250.04,17:32:11
2026-01-06 17:31:25+00:00,,85.0,ETH,3248.311,3248.17,17:31:25
2026-01-06 17:32:12+00:00,,132.0,ETH,3249.901,3249.89,17:32:12
2026-01-06 17:31:26+00:00,,86.0,ETH,3248.381,3248.21,17:31:26
2026-01-06 17:32:13+00:00,,133.0,ETH,3249.751,3249.74,17:32:13
2026-01-06 17:31:27+00:00,,87.0,ETH,3248.231,3248.12,17:31:27
2026-01-06 17:32:14+00:00,,134.0,ETH,3249.601,3249.59,17:32:14
2026-01-06 17:31:28+00:00,,88.0,ETH,3248.001,3247.91,17:31:28
2026-01-06 17:31:29+00:00,,89.0,ETH,3247.911,3247.81,17:31:29
2026-01-06 17:32:15+00:00,,135.0,ETH,3249.481,3249.47,17:32:15
2026-01-06 17:31:30+00:00,,90.0,ETH,3247.841,3247.77,17:31:30
2026-01-06 17:32:16+00:00,,136.0,ETH,3249.391,3249.37,17:32:16
2026-01-06 17:31:31+00:00,,91.0,ETH,3247.861,3247.79,17:31:31
2026-01-06 17:32:17+00:00,,137.0,ETH,3249.311,3249.29,17:32:17
2026-01-06 17:31:32+00:00,,92.0,ETH,3247.821,3247.76,17:31:32
2026-01-06 17:32:18+00:00,,138.0,ETH,3249.221,3249.21,17:32:18
2026-01-06 17:31:33+00:00,,93.0,ETH,3248.181,3248.16,17:31:33
2026-01-06 17:32:19+00:00,,139.0,ETH,3249.151,3249.15,17:32:19
2026-01-06 17:31:34+00:00,,94.0,ETH,3248.611,3248.52,17:31:34
2026-01-06 17:32:20+00:00,,140.0,ETH,3249.181,3249.17,17:32:20
2026-01-06 17:31:35+00:00,,95.0,ETH,3249.011,3248.88,17:31:35
2026-01-06 17:32:21+00:00,,141.0,ETH,3249.191,3249.18,17:32:21
2026-01-06 17:31:36+00:00,,96.0,ETH,3249.091,3248.85,17:31:36
2026-01-06 17:32:22+00:00,,142.0,ETH,3249.211,3249.19,17:32:22
2026-01-06 17:31:37+00:00,,97.0,ETH,3249.091,3248.85,17:31:37
2026-01-06 17:32:23+00:00,,143.0,ETH,3249.221,3249.21,17:32:23
2026-01-06 17:31:38+00:00,,98.0,ETH,3248.841,3248.74,17:31:38
2026-01-06 17:32:24+00:00,,144.0,ETH,3249.221,3249.21,17:32:24
2026-01-06 17:31:39+00:00,,99.0,ETH,3248.921,3248.81,17:31:39
2026-01-06 17:32:25+00:00,,145.0,ETH,3249.231,3249.22,17:32:25
2026-01-06 17:31:40+00:00,,100.0,ETH,3248.931,3248.71,17:31:40
2026-01-06 17:32:26+00:00,,146.0,ETH,3249.301,3249.24,17:32:26
2026-01-06 17:31:41+00:00,,101.0,ETH,3248.801,3248.63,17:31:41
2026-01-06 17:32:27+00:00,,147.0,ETH,3249.331,3249.25,17:32:27
2026-01-06 17:31:42+00:00,,102.0,ETH,3248.731,3248.64,17:31:42
2026-01-06 17:32:28+00:00,,148.0,ETH,3249.261,3249.23,17:32:28
2026-01-06 17:31:43+00:00,,103.0,ETH,3248.731,3248.65,17:31:43
2026-01-06 17:32:29+00:00,,149.0,ETH,3249.121,3249.11,17:32:29
2026-01-06 17:31:44+00:00,,104.0,ETH,3248.731,3248.66,17:31:44
2026-01-06 17:32:30+00:00,,150.0,ETH,3249.031,3248.95,17:32:30
2026-01-06 17:31:45+00:00,,105.0,ETH,3248.851,3248.82,17:31:45
2026-01-06 17:32:31+00:00,,151.0,ETH,3249.121,3249.0,17:32:31
2026-01-06 17:31:46+00:00,,106.0,ETH,3249.091,3249.07,17:31:46
2026-01-06 17:32:32+00:00,,152.0,ETH,3249.241,3249.2,17:32:32
2026-01-06 17:31:47+00:00,,107.0,ETH,3249.201,3249.09,17:31:47
2026-01-06 17:32:33+00:00,,153.0,ETH,3249.361,3249.3,17:32:33
2026-01-06 17:31:48+00:00,,108.0,ETH,3249.041,3248.91,17:31:48
2026-01-06 17:32:34+00:00,,154.0,ETH,3249.411,3249.31,17:32:34
2026-01-06 17:31:49+00:00,,109.0,ETH,3248.941,3248.79,17:31:49
2026-01-06 17:32:35+00:00,,155.0,ETH,3249.411,3249.31,17:32:35
2026-01-06 17:31:50+00:00,,110.0,ETH,3249.021,3248.87,17:31:50
2026-01-06 17:32:36+00:00,,156.0,ETH,3249.411,3249.31,17:32:36
2026-01-06 17:31:51+00:00,,111.0,ETH,3249.061,3248.97,17:31:51
2026-01-06 17:32:37+00:00,,157.0,ETH,3249.371,3249.21,17:32:37
2026-01-06 17:31:52+00:00,,112.0,ETH,3249.061,3248.97,17:31:52
2026-01-06 17:32:38+00:00,,158.0,ETH,3249.331,3249.11,17:32:38
2026-01-06 17:31:53+00:00,,113.0,ETH,3249.061,3248.97,17:31:53
2026-01-06 17:32:39+00:00,,159.0,ETH,3249.161,3249.09,17:32:39
2026-01-06 17:31:54+00:00,,114.0,ETH,3249.151,3249.03,17:31:54
2026-01-06 17:32:40+00:00,,160.0,ETH,3249.161,3249.06,17:32:40
2026-01-06 17:31:55+00:00,,115.0,ETH,3249.061,3248.87,17:31:55
2026-01-06 17:32:41+00:00,,161.0,ETH,3249.211,3249.16,17:32:41
2026-01-06 17:31:56+00:00,,116.0,ETH,3248.891,3248.86,17:31:56
2026-01-06 17:32:42+00:00,,162.0,ETH,3249.351,3249.22,17:32:42
2026-01-06 17:31:57+00:00,,117.0,ETH,3249.041,3248.88,17:31:57
2026-01-06 17:32:43+00:00,,163.0,ETH,3249.421,3249.22,17:32:43
2026-01-06 17:31:58+00:00,,118.0,ETH,3249.061,3248.9,17:31:58
2026-01-06 17:32:44+00:00,,164.0,ETH,3249.541,3249.41,17:32:44
2026-01-06 17:31:59+00:00,,119.0,ETH,3249.051,3248.91,17:31:59
2026-01-06 17:32:45+00:00,,165.0,ETH,3249.541,3249.46,17:32:45
2026-01-06 17:32:00+00:00,,120.0,ETH,3249.021,3248.9,17:32:00
2026-01-06 17:32:46+00:00,,166.0,ETH,3249.921,3249.78,17:32:46
2026-01-06 17:32:01+00:00,,121.0,ETH,3249.051,3248.91,17:32:01
2026-01-06 17:32:47+00:00,,167.0,ETH,3250.031,3249.97,17:32:47
2026-01-06 17:32:02+00:00,,122.0,ETH,3249.381,3249.12,17:32:02
2026-01-06 17:32:48+00:00,,168.0,ETH,3250.611,3250.35,17:32:48
2026-01-06 17:32:03+00:00,,123.0,ETH,3249.441,3249.33,17:32:03
2026-01-06 17:32:49+00:00,,169.0,ETH,3250.521,3250.24,17:32:49
2026-01-06 17:32:04+00:00,,124.0,ETH,3249.411,3249.32,17:32:04
2026-01-06 17:32:50+00:00,,170.0,ETH,3250.291,3250.2,17:32:50
2026-01-06 17:32:05+00:00,,125.0,ETH,3249.301,3249.28,17:32:05
2026-01-06 17:32:51+00:00,,171.0,ETH,3250.211,3250.15,17:32:51
2026-01-06 17:32:06+00:00,,126.0,ETH,3249.671,3249.56,17:32:06
2026-01-06 17:32:52+00:00,,172.0,ETH,3250.091,3250.04,17:32:52
2026-01-06 17:32:07+00:00,,127.0,ETH,3249.661,3249.58,17:32:07
2026-01-06 17:32:53+00:00,,173.0,ETH,3250.051,3249.98,17:32:53
2026-01-06 17:32:08+00:00,,128.0,ETH,3250.411,3250.22,17:32:08
2026-01-06 17:32:54+00:00,,174.0,ETH,3250.141,3250.08,17:32:54
2026-01-06 17:32:09+00:00,,129.0,ETH,3250.541,3250.44,17:32:09
2026-01-06 17:32:55+00:00,,175.0,ETH,3250.111,3250.02,17:32:55
2026-01-06 17:32:10+00:00,,130.0,ETH,3250.411,3250.23,17:32:10
2026-01-06 17:32:56+00:00,,176.0,ETH,3250.111,3250.06,17:32:56
2026-01-06 17:32:11+00:00,,131.0,ETH,3250.041,3250.04,17:32:11
2026-01-06 17:32:57+00:00,,177.0,ETH,3249.941,3249.83,17:32:57
2026-01-06 17:32:12+00:00,,132.0,ETH,3249.901,3249.89,17:32:12
2026-01-06 17:32:58+00:00,,178.0,ETH,3249.921,3249.83,17:32:58
2026-01-06 17:32:13+00:00,,133.0,ETH,3249.751,3249.74,17:32:13
2026-01-06 17:32:59+00:00,,179.0,ETH,3249.901,3249.83,17:32:59
2026-01-06 17:32:14+00:00,,134.0,ETH,3249.601,3249.59,17:32:14
2026-01-06 17:33:00+00:00,,180.0,ETH,3249.511,3249.47,17:33:00
2026-01-06 17:32:15+00:00,,135.0,ETH,3249.521,3249.51,17:32:15
2026-01-06 17:33:01+00:00,,181.0,ETH,3249.531,3249.37,17:33:01
2026-01-06 17:32:16+00:00,,136.0,ETH,3249.451,3249.44,17:32:16
2026-01-06 17:33:02+00:00,,182.0,ETH,3249.431,3249.27,17:33:02
2026-01-06 17:32:17+00:00,,137.0,ETH,3249.331,3249.29,17:32:17
2026-01-06 17:33:03+00:00,,183.0,ETH,3249.311,3249.24,17:33:03
2026-01-06 17:32:18+00:00,,138.0,ETH,3249.301,3249.28,17:32:18
2026-01-06 17:33:04+00:00,,184.0,ETH,3249.211,3249.2,17:33:04
2026-01-06 17:32:19+00:00,,139.0,ETH,3249.151,3249.14,17:32:19
2026-01-06 17:33:05+00:00,,185.0,ETH,3249.211,3249.2,17:33:05
2026-01-06 17:32:20+00:00,,140.0,ETH,3249.161,3249.15,17:32:20
2026-01-06 17:33:06+00:00,,186.0,ETH,3249.301,3249.23,17:33:06
2026-01-06 17:32:21+00:00,,141.0,ETH,3249.201,3249.19,17:32:21
2026-01-06 17:33:07+00:00,,187.0,ETH,3249.361,3249.32,17:33:07
2026-01-06 17:32:22+00:00,,142.0,ETH,3249.191,3249.18,17:32:22
2026-01-06 17:33:08+00:00,,188.0,ETH,3249.391,3249.37,17:33:08
2026-01-06 17:32:23+00:00,,143.0,ETH,3249.221,3249.21,17:32:23
2026-01-06 17:33:09+00:00,,189.0,ETH,3249.531,3249.38,17:33:09
2026-01-06 17:32:24+00:00,,144.0,ETH,3249.221,3249.21,17:32:24
2026-01-06 17:33:10+00:00,,190.0,ETH,3249.641,3249.63,17:33:10
2026-01-06 17:32:25+00:00,,145.0,ETH,3249.221,3249.21,17:32:25
2026-01-06 17:33:11+00:00,,191.0,ETH,3250.111,3250.02,17:33:11
2026-01-06 17:32:26+00:00,,146.0,ETH,3249.231,3249.22,17:32:26
2026-01-06 17:33:12+00:00,,192.0,ETH,3250.151,3250.13,17:33:12
2026-01-06 17:32:27+00:00,,147.0,ETH,3249.381,3249.26,17:32:27
2026-01-06 17:33:13+00:00,,193.0,ETH,3250.191,3250.08,17:33:13
2026-01-06 17:32:28+00:00,,148.0,ETH,3249.281,3249.25,17:32:28
2026-01-06 17:33:14+00:00,,194.0,ETH,3250.161,3249.99,17:33:14
2026-01-06 17:32:29+00:00,,149.0,ETH,3249.241,3249.22,17:32:29
2026-01-06 17:33:15+00:00,,195.0,ETH,3250.181,3250.01,17:33:15
2026-01-06 17:32:30+00:00,,150.0,ETH,3249.001,3248.99,17:32:30
2026-01-06 17:33:16+00:00,,196.0,ETH,3250.181,3250.02,17:33:16
2026-01-06 17:32:31+00:00,,151.0,ETH,3249.061,3248.9,17:32:31
2026-01-06 17:33:17+00:00,,197.0,ETH,3250.331,3250.21,17:33:17
2026-01-06 17:32:32+00:00,,152.0,ETH,3249.181,3249.11,17:32:32
2026-01-06 17:33:18+00:00,,198.0,ETH,3250.331,3250.21,17:33:18
2026-01-06 17:32:33+00:00,,153.0,ETH,3249.311,3249.3,17:32:33
2026-01-06 17:33:19+00:00,,199.0,ETH,3250.251,3250.08,17:33:19
2026-01-06 17:32:34+00:00,,154.0,ETH,3249.411,3249.3,17:32:34
2026-01-06 17:33:20+00:00,,200.0,ETH,3250.251,3250.2,17:33:20
2026-01-06 17:32:35+00:00,,155.0,ETH,3249.411,3249.31,17:32:35
2026-01-06 17:33:21+00:00,,201.0,ETH,3250.261,3250.08,17:33:21
2026-01-06 17:32:36+00:00,,156.0,ETH,3249.411,3249.31,17:32:36
2026-01-06 17:33:22+00:00,,202.0,ETH,3250.291,3250.11,17:33:22
2026-01-06 17:32:37+00:00,,157.0,ETH,3249.411,3249.31,17:32:37
2026-01-06 17:33:23+00:00,,203.0,ETH,3250.291,3250.15,17:33:23
2026-01-06 17:32:38+00:00,,158.0,ETH,3249.331,3249.11,17:32:38
2026-01-06 17:33:24+00:00,,204.0,ETH,3250.301,3250.13,17:33:24
2026-01-06 17:32:39+00:00,,159.0,ETH,3249.161,3249.09,17:32:39
2026-01-06 17:33:25+00:00,,205.0,ETH,3250.371,3250.26,17:33:25
2026-01-06 17:32:40+00:00,,160.0,ETH,3249.161,3249.06,17:32:40
2026-01-06 17:33:26+00:00,,206.0,ETH,3250.561,3250.54,17:33:26
2026-01-06 17:32:41+00:00,,161.0,ETH,3249.211,3249.16,17:32:41
2026-01-06 17:33:27+00:00,,207.0,ETH,3250.691,3250.65,17:33:27
2026-01-06 17:32:42+00:00,,162.0,ETH,3249.351,3249.22,17:32:42
2026-01-06 17:33:28+00:00,,208.0,ETH,3250.871,3250.79,17:33:28
2026-01-06 17:32:43+00:00,,163.0,ETH,3249.421,3249.22,17:32:43
2026-01-06 17:33:29+00:00,,209.0,ETH,3250.901,3250.81,17:33:29
2026-01-06 17:32:44+00:00,,164.0,ETH,3249.541,3249.41,17:32:44
2026-01-06 17:33:30+00:00,,210.0,ETH,3250.981,3250.89,17:33:30
2026-01-06 17:32:45+00:00,,165.0,ETH,3249.541,3249.46,17:32:45
2026-01-06 17:33:31+00:00,,211.0,ETH,3250.991,3250.89,17:33:31
2026-01-06 17:32:46+00:00,,166.0,ETH,3249.921,3249.78,17:32:46
2026-01-06 17:33:32+00:00,,212.0,ETH,3250.921,3250.76,17:33:32
2026-01-06 17:32:47+00:00,,167.0,ETH,3250.031,3249.97,17:32:47
2026-01-06 17:33:33+00:00,,213.0,ETH,3250.901,3250.76,17:33:33
2026-01-06 17:32:48+00:00,,168.0,ETH,3250.611,3250.35,17:32:48
2026-01-06 17:33:34+00:00,,214.0,ETH,3250.831,3250.75,17:33:34
2026-01-06 17:32:49+00:00,,169.0,ETH,3250.521,3250.24,17:32:49
2026-01-06 17:33:35+00:00,,215.0,ETH,3250.821,3250.73,17:33:35
2026-01-06 17:32:50+00:00,,170.0,ETH,3250.291,3250.2,17:32:50
2026-01-06 17:33:36+00:00,,216.0,ETH,3250.831,3250.75,17:33:36
2026-01-06 17:32:51+00:00,,171.0,ETH,3250.211,3250.15,17:32:51
2026-01-06 17:33:37+00:00,,217.0,ETH,3250.931,3250.89,17:33:37
2026-01-06 17:32:52+00:00,,172.0,ETH,3250.091,3250.04,17:32:52
2026-01-06 17:33:38+00:00,,218.0,ETH,3250.901,3250.79,17:33:38
2026-01-06 17:32:53+00:00,,173.0,ETH,3250.051,3249.98,17:32:53
2026-01-06 17:33:39+00:00,,219.0,ETH,3250.911,3250.84,17:33:39
2026-01-06 17:32:54+00:00,,174.0,ETH,3250.141,3250.08,17:32:54
2026-01-06 17:33:40+00:00,,220.0,ETH,3250.901,3250.89,17:33:40
2026-01-06 17:32:55+00:00,,175.0,ETH,3250.111,3250.02,17:32:55
2026-01-06 17:33:41+00:00,,221.0,ETH,3250.901,3250.78,17:33:41
2026-01-06 17:32:56+00:00,,176.0,ETH,3250.111,3250.06,17:32:56
2026-01-06 17:33:42+00:00,,222.0,ETH,3250.911,3250.73,17:33:42
2026-01-06 17:32:57+00:00,,177.0,ETH,3249.941,3249.83,17:32:57
2026-01-06 17:33:43+00:00,,223.0,ETH,3250.911,3250.9,17:33:43
2026-01-06 17:32:58+00:00,,178.0,ETH,3249.911,3249.83,17:32:58
2026-01-06 17:33:44+00:00,,224.0,ETH,3250.901,3250.73,17:33:44
2026-01-06 17:32:59+00:00,,179.0,ETH,3249.711,3249.67,17:32:59
2026-01-06 17:33:45+00:00,,225.0,ETH,3250.901,3250.73,17:33:45
2026-01-06 17:33:00+00:00,,180.0,ETH,3249.511,3249.47,17:33:00
2026-01-06 17:33:46+00:00,,226.0,ETH,3250.901,3250.74,17:33:46
2026-01-06 17:33:01+00:00,,181.0,ETH,3249.531,3249.37,17:33:01
2026-01-06 17:33:47+00:00,,227.0,ETH,3250.891,3250.73,17:33:47
2026-01-06 17:33:02+00:00,,182.0,ETH,3249.431,3249.27,17:33:02
2026-01-06 17:33:48+00:00,,228.0,ETH,3250.481,3250.34,17:33:48
2026-01-06 17:33:03+00:00,,183.0,ETH,3249.261,3249.22,17:33:03
2026-01-06 17:33:49+00:00,,229.0,ETH,3250.341,3250.29,17:33:49
2026-01-06 17:33:04+00:00,,184.0,ETH,3249.211,3249.2,17:33:04
2026-01-06 17:33:50+00:00,,230.0,ETH,3250.041,3250.01,17:33:50
2026-01-06 17:33:05+00:00,,185.0,ETH,3249.251,3249.21,17:33:05
2026-01-06 17:33:51+00:00,,231.0,ETH,3249.931,3249.88,17:33:51
2026-01-06 17:33:06+00:00,,186.0,ETH,3249.301,3249.23,17:33:06
2026-01-06 17:33:07+00:00,,187.0,ETH,3249.361,3249.32,17:33:07
2026-01-06 17:33:52+00:00,,232.0,ETH,3249.681,3249.67,17:33:52
2026-01-06 17:33:08+00:00,,188.0,ETH,3249.391,3249.37,17:33:08
2026-01-06 17:33:53+00:00,,233.0,ETH,3249.651,3249.63,17:33:53
2026-01-06 17:33:09+00:00,,189.0,ETH,3249.531,3249.38,17:33:09
2026-01-06 17:33:54+00:00,,234.0,ETH,3249.741,3249.7,17:33:54
2026-01-06 17:33:10+00:00,,190.0,ETH,3249.641,3249.63,17:33:10
2026-01-06 17:33:55+00:00,,235.0,ETH,3249.821,3249.72,17:33:55
2026-01-06 17:33:11+00:00,,191.0,ETH,3250.111,3250.02,17:33:11
2026-01-06 17:33:56+00:00,,236.0,ETH,3249.821,3249.67,17:33:56
2026-01-06 17:33:12+00:00,,192.0,ETH,3250.151,3250.13,17:33:12
2026-01-06 17:33:57+00:00,,237.0,ETH,3249.831,3249.67,17:33:57
2026-01-06 17:33:13+00:00,,193.0,ETH,3250.191,3250.08,17:33:13
2026-01-06 17:33:58+00:00,,238.0,ETH,3249.821,3249.68,17:33:58
2026-01-06 17:33:14+00:00,,194.0,ETH,3250.161,3249.99,17:33:14
2026-01-06 17:33:59+00:00,,239.0,ETH,3249.811,3249.72,17:33:59
2026-01-06 17:33:15+00:00,,195.0,ETH,3250.181,3250.01,17:33:15
2026-01-06 17:34:00+00:00,,240.0,ETH,3249.841,3249.78,17:34:00
2026-01-06 17:33:16+00:00,,196.0,ETH,3250.181,3250.02,17:33:16
2026-01-06 17:34:01+00:00,,241.0,ETH,3249.911,3249.79,17:34:01
2026-01-06 17:33:17+00:00,,197.0,ETH,3250.331,3250.21,17:33:17
2026-01-06 17:34:02+00:00,,242.0,ETH,3249.901,3249.75,17:34:02
2026-01-06 17:33:18+00:00,,198.0,ETH,3250.331,3250.21,17:33:18
2026-01-06 17:34:04+00:00,,244.0,ETH,3249.851,3249.73,17:34:04
2026-01-06 17:33:19+00:00,,199.0,ETH,3250.251,3250.08,17:33:19
2026-01-06 17:34:05+00:00,,245.0,ETH,3249.851,3249.73,17:34:05
2026-01-06 17:33:20+00:00,,200.0,ETH,3250.251,3250.2,17:33:20
2026-01-06 17:34:06+00:00,,246.0,ETH,3249.851,3249.73,17:34:06
2026-01-06 17:33:21+00:00,,201.0,ETH,3250.261,3250.08,17:33:21
2026-01-06 17:34:07+00:00,,247.0,ETH,3249.831,3249.7,17:34:07
2026-01-06 17:33:22+00:00,,202.0,ETH,3250.291,3250.09,17:33:22
2026-01-06 17:34:08+00:00,,248.0,ETH,3249.831,3249.7,17:34:08
2026-01-06 17:33:23+00:00,,203.0,ETH,3250.291,3250.13,17:33:23
2026-01-06 17:34:09+00:00,,249.0,ETH,3249.871,3249.81,17:34:09
2026-01-06 17:33:24+00:00,,204.0,ETH,3250.291,3250.17,17:33:24
2026-01-06 17:34:10+00:00,,250.0,ETH,3250.121,3250.08,17:34:10
2026-01-06 17:33:25+00:00,,205.0,ETH,3250.311,3250.09,17:33:25
2026-01-06 17:34:11+00:00,,251.0,ETH,3250.471,3250.46,17:34:11
2026-01-06 17:33:26+00:00,,206.0,ETH,3250.431,3250.43,17:33:26
2026-01-06 17:34:12+00:00,,252.0,ETH,3251.091,3251.03,17:34:12
2026-01-06 17:33:27+00:00,,207.0,ETH,3250.691,3250.65,17:33:27
2026-01-06 17:34:13+00:00,,253.0,ETH,3251.241,3251.13,17:34:13
2026-01-06 17:33:28+00:00,,208.0,ETH,3250.871,3250.79,17:33:28
2026-01-06 17:33:29+00:00,,209.0,ETH,3250.901,3250.81,17:33:29
2026-01-06 17:34:14+00:00,,254.0,ETH,3251.371,3251.2,17:34:14
2026-01-06 17:33:30+00:00,,210.0,ETH,3250.981,3250.89,17:33:30
2026-01-06 17:34:15+00:00,,255.0,ETH,3251.531,3251.39,17:34:15
2026-01-06 17:33:31+00:00,,211.0,ETH,3250.991,3250.89,17:33:31
2026-01-06 17:34:16+00:00,,256.0,ETH,3251.721,3251.57,17:34:16
2026-01-06 17:33:32+00:00,,212.0,ETH,3250.921,3250.76,17:33:32
2026-01-06 17:34:17+00:00,,257.0,ETH,3251.781,3251.59,17:34:17
2026-01-06 17:33:33+00:00,,213.0,ETH,3250.901,3250.76,17:33:33
2026-01-06 17:34:18+00:00,,258.0,ETH,3251.791,3251.61,17:34:18
2026-01-06 17:33:34+00:00,,214.0,ETH,3250.831,3250.75,17:33:34
2026-01-06 17:34:19+00:00,,259.0,ETH,3252.101,3251.98,17:34:19
2026-01-06 17:33:35+00:00,,215.0,ETH,3250.821,3250.73,17:33:35
2026-01-06 17:34:20+00:00,,260.0,ETH,3252.421,3252.34,17:34:20
2026-01-06 17:33:36+00:00,,216.0,ETH,3250.831,3250.75,17:33:36
2026-01-06 17:34:21+00:00,,261.0,ETH,3252.421,3252.3,17:34:21
2026-01-06 17:33:37+00:00,,217.0,ETH,3250.931,3250.89,17:33:37
2026-01-06 17:34:22+00:00,,262.0,ETH,3252.461,3252.34,17:34:22
2026-01-06 17:33:38+00:00,,218.0,ETH,3250.901,3250.79,17:33:38
2026-01-06 17:34:23+00:00,,263.0,ETH,3252.491,3252.4,17:34:23
2026-01-06 17:33:39+00:00,,219.0,ETH,3250.911,3250.84,17:33:39
2026-01-06 17:34:24+00:00,,264.0,ETH,3252.451,3252.36,17:34:24
2026-01-06 17:33:40+00:00,,220.0,ETH,3250.901,3250.89,17:33:40
2026-01-06 17:34:25+00:00,,265.0,ETH,3252.441,3252.33,17:34:25
2026-01-06 17:33:41+00:00,,221.0,ETH,3250.901,3250.78,17:33:41
2026-01-06 17:34:26+00:00,,266.0,ETH,3252.481,3252.33,17:34:26
2026-01-06 17:33:42+00:00,,222.0,ETH,3250.911,3250.73,17:33:42
2026-01-06 17:34:27+00:00,,267.0,ETH,3252.401,3252.31,17:34:27
2026-01-06 17:33:43+00:00,,223.0,ETH,3250.911,3250.9,17:33:43
2026-01-06 17:34:28+00:00,,268.0,ETH,3252.071,3252.04,17:34:28
2026-01-06 17:33:44+00:00,,224.0,ETH,3250.901,3250.73,17:33:44
2026-01-06 17:34:29+00:00,,269.0,ETH,3251.931,3251.8,17:34:29
2026-01-06 17:33:45+00:00,,225.0,ETH,3250.901,3250.73,17:33:45
2026-01-06 17:34:30+00:00,,270.0,ETH,3252.181,3251.99,17:34:30
2026-01-06 17:33:46+00:00,,226.0,ETH,3250.901,3250.74,17:33:46
2026-01-06 17:34:31+00:00,,271.0,ETH,3252.341,3252.16,17:34:31
2026-01-06 17:33:47+00:00,,227.0,ETH,3250.891,3250.73,17:33:47
2026-01-06 17:34:32+00:00,,272.0,ETH,3252.231,3252.09,17:34:32
2026-01-06 17:33:48+00:00,,228.0,ETH,3250.481,3250.34,17:33:48
2026-01-06 17:34:33+00:00,,273.0,ETH,3252.071,3252.0,17:34:33
2026-01-06 17:33:49+00:00,,229.0,ETH,3250.341,3250.29,17:33:49
2026-01-06 17:34:34+00:00,,274.0,ETH,3251.941,3251.91,17:34:34
2026-01-06 17:33:50+00:00,,230.0,ETH,3250.041,3250.01,17:33:50
2026-01-06 17:34:35+00:00,,275.0,ETH,3251.771,3251.74,17:34:35
2026-01-06 17:33:51+00:00,,231.0,ETH,3249.931,3249.88,17:33:51
2026-01-06 17:34:36+00:00,,276.0,ETH,3251.541,3251.51,17:34:36
2026-01-06 17:33:52+00:00,,232.0,ETH,3249.701,3249.7,17:33:52
2026-01-06 17:34:37+00:00,,277.0,ETH,3251.391,3251.38,17:34:37
2026-01-06 17:34:38+00:00,,278.0,ETH,3251.311,3251.19,17:34:38
2026-01-06 17:33:53+00:00,,233.0,ETH,3249.651,3249.63,17:33:53
2026-01-06 17:34:39+00:00,,279.0,ETH,3250.951,3250.95,17:34:39
2026-01-06 17:33:54+00:00,,234.0,ETH,3249.741,3249.7,17:33:54
2026-01-06 17:34:40+00:00,,280.0,ETH,3250.661,3250.58,17:34:40
2026-01-06 17:33:56+00:00,,236.0,ETH,3249.821,3249.67,17:33:56
2026-01-06 17:34:41+00:00,,281.0,ETH,3250.311,3250.19,17:34:41
2026-01-06 17:33:57+00:00,,237.0,ETH,3249.831,3249.67,17:33:57
2026-01-06 17:34:42+00:00,,282.0,ETH,3250.131,3250.1,17:34:42
2026-01-06 17:33:58+00:00,,238.0,ETH,3249.821,3249.67,17:33:58
2026-01-06 17:34:43+00:00,,283.0,ETH,3250.061,3249.99,17:34:43
2026-01-06 17:33:59+00:00,,239.0,ETH,3249.821,3249.68,17:33:59
2026-01-06 17:34:44+00:00,,284.0,ETH,3250.121,3250.08,17:34:44
2026-01-06 17:34:00+00:00,,240.0,ETH,3249.801,3249.75,17:34:00
2026-01-06 17:34:45+00:00,,285.0,ETH,3250.031,3250.02,17:34:45
2026-01-06 17:34:01+00:00,,241.0,ETH,3249.871,3249.8,17:34:01
2026-01-06 17:34:46+00:00,,286.0,ETH,3250.091,3250.06,17:34:46
2026-01-06 17:34:02+00:00,,242.0,ETH,3249.941,3249.78,17:34:02
2026-01-06 17:34:47+00:00,,287.0,ETH,3250.251,3250.12,17:34:47
2026-01-06 17:34:03+00:00,,243.0,ETH,3249.861,3249.72,17:34:03
2026-01-06 17:34:48+00:00,,288.0,ETH,3250.341,3250.12,17:34:48
2026-01-06 17:34:04+00:00,,244.0,ETH,3249.851,3249.73,17:34:04
2026-01-06 17:34:49+00:00,,289.0,ETH,3250.781,3250.52,17:34:49
2026-01-06 17:34:05+00:00,,245.0,ETH,3249.851,3249.73,17:34:05
2026-01-06 17:34:50+00:00,,290.0,ETH,3251.121,3250.97,17:34:50
2026-01-06 17:34:06+00:00,,246.0,ETH,3249.851,3249.73,17:34:06
2026-01-06 17:34:51+00:00,,291.0,ETH,3251.521,3251.44,17:34:51
2026-01-06 17:34:07+00:00,,247.0,ETH,3249.831,3249.7,17:34:07
2026-01-06 17:34:52+00:00,,292.0,ETH,3251.411,3251.41,17:34:52
2026-01-06 17:34:08+00:00,,248.0,ETH,3249.831,3249.7,17:34:08
2026-01-06 17:34:53+00:00,,293.0,ETH,3251.381,3251.23,17:34:53
2026-01-06 17:34:09+00:00,,249.0,ETH,3249.871,3249.81,17:34:09
2026-01-06 17:34:54+00:00,,294.0,ETH,3251.371,3251.23,17:34:54
2026-01-06 17:34:10+00:00,,250.0,ETH,3250.121,3250.08,17:34:10
2026-01-06 17:34:55+00:00,,295.0,ETH,3251.381,3251.18,17:34:55
2026-01-06 17:34:11+00:00,,251.0,ETH,3250.471,3250.46,17:34:11
2026-01-06 17:34:56+00:00,,296.0,ETH,3251.321,3251.13,17:34:56
2026-01-06 17:34:12+00:00,,252.0,ETH,3251.091,3251.03,17:34:12
2026-01-06 17:34:57+00:00,,297.0,ETH,3251.101,3251.02,17:34:57
2026-01-06 17:34:13+00:00,,253.0,ETH,3251.241,3251.13,17:34:13
2026-01-06 17:34:58+00:00,,298.0,ETH,3251.001,3250.97,17:34:58
2026-01-06 17:34:14+00:00,,254.0,ETH,3251.361,3251.17,17:34:14
2026-01-06 17:34:59+00:00,,299.0,ETH,3251.031,3250.98,17:34:59
2026-01-06 17:34:15+00:00,,255.0,ETH,3251.391,3251.22,17:34:15
2026-01-06 17:35:00+00:00,,300.0,ETH,3251.021,3250.98,17:35:00
2026-01-06 17:34:16+00:00,,256.0,ETH,3251.681,3251.57,17:34:16
2026-01-06 17:35:01+00:00,,301.0,ETH,3251.011,3250.97,17:35:01
2026-01-06 17:34:17+00:00,,257.0,ETH,3251.781,3251.59,17:34:17
2026-01-06 17:35:02+00:00,,302.0,ETH,3251.481,3251.36,17:35:02
2026-01-06 17:34:18+00:00,,258.0,ETH,3251.791,3251.61,17:34:18
2026-01-06 17:35:03+00:00,,303.0,ETH,3251.951,3251.81,17:35:03
2026-01-06 17:34:19+00:00,,259.0,ETH,3252.101,3251.98,17:34:19
2026-01-06 17:35:04+00:00,,304.0,ETH,3252.081,3251.9,17:35:04
2026-01-06 17:34:20+00:00,,260.0,ETH,3252.421,3252.34,17:34:20
2026-01-06 17:35:05+00:00,,305.0,ETH,3252.141,3251.95,17:35:05
2026-01-06 17:34:21+00:00,,261.0,ETH,3252.421,3252.3,17:34:21
2026-01-06 17:35:06+00:00,,306.0,ETH,3252.091,3251.94,17:35:06
2026-01-06 17:34:22+00:00,,262.0,ETH,3252.461,3252.34,17:34:22
2026-01-06 17:35:07+00:00,,307.0,ETH,3252.031,3251.89,17:35:07
2026-01-06 17:34:23+00:00,,263.0,ETH,3252.491,3252.4,17:34:23
2026-01-06 17:35:08+00:00,,308.0,ETH,3251.951,3251.88,17:35:08
2026-01-06 17:34:24+00:00,,264.0,ETH,3252.451,3252.36,17:34:24
2026-01-06 17:35:09+00:00,,309.0,ETH,3252.201,3252.15,17:35:09
2026-01-06 17:34:25+00:00,,265.0,ETH,3252.441,3252.33,17:34:25
2026-01-06 17:35:10+00:00,,310.0,ETH,3252.481,3252.23,17:35:10
2026-01-06 17:34:26+00:00,,266.0,ETH,3252.481,3252.33,17:34:26
2026-01-06 17:35:11+00:00,,311.0,ETH,3252.091,3251.89,17:35:11
2026-01-06 17:34:27+00:00,,267.0,ETH,3252.401,3252.31,17:34:27
2026-01-06 17:35:12+00:00,,312.0,ETH,3251.761,3251.73,17:35:12
2026-01-06 17:34:28+00:00,,268.0,ETH,3252.071,3252.04,17:34:28
2026-01-06 17:35:13+00:00,,313.0,ETH,3251.851,3251.78,17:35:13
2026-01-06 17:34:29+00:00,,269.0,ETH,3251.931,3251.8,17:34:29
2026-01-06 17:35:14+00:00,,314.0,ETH,3252.001,3251.84,17:35:14
2026-01-06 17:34:30+00:00,,270.0,ETH,3252.181,3251.99,17:34:30
2026-01-06 17:35:15+00:00,,315.0,ETH,3252.081,3251.93,17:35:15
2026-01-06 17:34:31+00:00,,271.0,ETH,3252.341,3252.16,17:34:31
2026-01-06 17:35:16+00:00,,316.0,ETH,3252.111,3251.98,17:35:16
2026-01-06 17:34:32+00:00,,272.0,ETH,3252.231,3252.09,17:34:32
2026-01-06 17:35:17+00:00,,317.0,ETH,3252.211,3252.01,17:35:17
2026-01-06 17:34:33+00:00,,273.0,ETH,3252.071,3252.0,17:34:33
2026-01-06 17:35:19+00:00,,319.0,ETH,3252.501,3252.5,17:35:19
2026-01-06 17:34:34+00:00,,274.0,ETH,3251.941,3251.91,17:34:34
2026-01-06 17:35:20+00:00,,320.0,ETH,3252.601,3252.41,17:35:20
2026-01-06 17:34:35+00:00,,275.0,ETH,3251.771,3251.74,17:34:35
2026-01-06 17:35:21+00:00,,321.0,ETH,3252.611,3252.36,17:35:21
2026-01-06 17:34:36+00:00,,276.0,ETH,3251.541,3251.51,17:34:36
2026-01-06 17:35:22+00:00,,322.0,ETH,3252.611,3252.36,17:35:22
2026-01-06 17:34:37+00:00,,277.0,ETH,3251.351,3251.28,17:34:37
2026-01-06 17:35:23+00:00,,323.0,ETH,3252.421,3252.2,17:35:23
2026-01-06 17:34:38+00:00,,278.0,ETH,3251.131,3251.07,17:34:38
2026-01-06 17:35:24+00:00,,324.0,ETH,3252.341,3252.32,17:35:24
2026-01-06 17:34:39+00:00,,279.0,ETH,3250.811,3250.76,17:34:39
2026-01-06 17:35:25+00:00,,325.0,ETH,3252.341,3252.19,17:35:25
2026-01-06 17:34:40+00:00,,280.0,ETH,3250.481,3250.39,17:34:40
2026-01-06 17:35:26+00:00,,326.0,ETH,3252.361,3252.22,17:35:26
2026-01-06 17:34:41+00:00,,281.0,ETH,3250.311,3250.19,17:34:41
2026-01-06 17:34:42+00:00,,282.0,ETH,3250.131,3250.1,17:34:42
2026-01-06 17:35:27+00:00,,327.0,ETH,3252.141,3251.92,17:35:27
2026-01-06 17:34:43+00:00,,283.0,ETH,3250.061,3249.99,17:34:43
2026-01-06 17:35:28+00:00,,328.0,ETH,3251.611,3251.4,17:35:28
2026-01-06 17:34:44+00:00,,284.0,ETH,3250.121,3250.08,17:34:44
2026-01-06 17:35:29+00:00,,329.0,ETH,3250.801,3250.78,17:35:29
2026-01-06 17:34:45+00:00,,285.0,ETH,3250.031,3250.02,17:34:45
2026-01-06 17:35:30+00:00,,330.0,ETH,3250.411,3250.28,17:35:30
2026-01-06 17:34:46+00:00,,286.0,ETH,3250.091,3250.06,17:34:46
2026-01-06 17:35:31+00:00,,331.0,ETH,3250.421,3250.26,17:35:31
2026-01-06 17:34:47+00:00,,287.0,ETH,3250.251,3250.12,17:34:47
2026-01-06 17:35:32+00:00,,332.0,ETH,3250.441,3250.3,17:35:32
2026-01-06 17:34:48+00:00,,288.0,ETH,3250.341,3250.12,17:34:48
2026-01-06 17:35:33+00:00,,333.0,ETH,3250.511,3250.32,17:35:33
2026-01-06 17:34:49+00:00,,289.0,ETH,3250.781,3250.52,17:34:49
2026-01-06 17:35:35+00:00,,335.0,ETH,3250.891,3250.69,17:35:35
2026-01-06 17:34:50+00:00,,290.0,ETH,3251.121,3250.97,17:34:50
2026-01-06 17:35:36+00:00,,336.0,ETH,3250.961,3250.77,17:35:35
2026-01-06 17:34:51+00:00,,291.0,ETH,3251.471,3251.42,17:34:51
2026-01-06 17:35:37+00:00,,337.0,ETH,3251.181,3251.16,17:35:37
2026-01-06 17:34:52+00:00,,292.0,ETH,3251.401,3251.32,17:34:52
2026-01-06 17:35:38+00:00,,338.0,ETH,3251.171,3250.99,17:35:38
2026-01-06 17:34:53+00:00,,293.0,ETH,3251.381,3251.23,17:34:53
2026-01-06 17:35:39+00:00,,339.0,ETH,3250.931,3250.63,17:35:39
2026-01-06 17:34:54+00:00,,294.0,ETH,3251.381,3251.2,17:34:54
2026-01-06 17:35:40+00:00,,340.0,ETH,3250.591,3250.41,17:35:40
2026-01-06 17:34:55+00:00,,295.0,ETH,3251.351,3251.15,17:34:55
2026-01-06 17:35:41+00:00,,341.0,ETH,3250.471,3250.38,17:35:41
2026-01-06 17:34:56+00:00,,296.0,ETH,3251.211,3251.07,17:34:56
2026-01-06 17:35:42+00:00,,342.0,ETH,3250.361,3250.36,17:35:42
2026-01-06 17:34:57+00:00,,297.0,ETH,3251.051,3250.99,17:34:57
2026-01-06 17:35:43+00:00,,343.0,ETH,3249.801,3249.64,17:35:43
2026-01-06 17:34:58+00:00,,298.0,ETH,3251.021,3250.98,17:34:58
2026-01-06 17:35:44+00:00,,344.0,ETH,3249.981,3249.94,17:35:44
2026-01-06 17:34:59+00:00,,299.0,ETH,3251.031,3250.98,17:34:59
2026-01-06 17:35:45+00:00,,345.0,ETH,3250.331,3250.22,17:35:45
2026-01-06 17:35:00+00:00,,300.0,ETH,3251.021,3250.98,17:35:00
2026-01-06 17:35:46+00:00,,346.0,ETH,3250.371,3250.24,17:35:46
2026-01-06 17:35:01+00:00,,301.0,ETH,3251.041,3250.98,17:35:01
2026-01-06 17:35:47+00:00,,347.0,ETH,3250.371,3250.24,17:35:47
2026-01-06 17:35:02+00:00,,302.0,ETH,3251.481,3251.36,17:35:02
2026-01-06 17:35:48+00:00,,348.0,ETH,3250.861,3250.69,17:35:48
2026-01-06 17:35:03+00:00,,303.0,ETH,3251.951,3251.81,17:35:03
2026-01-06 17:35:49+00:00,,349.0,ETH,3251.151,3251.08,17:35:49
2026-01-06 17:35:04+00:00,,304.0,ETH,3252.081,3251.9,17:35:04
2026-01-06 17:35:50+00:00,,350.0,ETH,3251.211,3251.13,17:35:50
2026-01-06 17:35:05+00:00,,305.0,ETH,3252.141,3251.92,17:35:05
2026-01-06 17:35:06+00:00,,306.0,ETH,3252.141,3251.98,17:35:06
2026-01-06 17:35:51+00:00,,351.0,ETH,3251.211,3251.07,17:35:51
2026-01-06 17:35:07+00:00,,307.0,ETH,3252.041,3251.9,17:35:07
2026-01-06 17:35:52+00:00,,352.0,ETH,3251.251,3251.1,17:35:52
2026-01-06 17:35:08+00:00,,308.0,ETH,3252.011,3251.88,17:35:08
2026-01-06 17:35:53+00:00,,353.0,ETH,3251.301,3251.15,17:35:53
2026-01-06 17:35:09+00:00,,309.0,ETH,3251.881,3251.88,17:35:09
2026-01-06 17:35:54+00:00,,354.0,ETH,3251.481,3251.35,17:35:54
2026-01-06 17:35:10+00:00,,310.0,ETH,3252.521,3252.42,17:35:10
2026-01-06 17:35:55+00:00,,355.0,ETH,3251.661,3251.53,17:35:55
2026-01-06 17:35:11+00:00,,311.0,ETH,3252.441,3252.05,17:35:11
2026-01-06 17:35:56+00:00,,356.0,ETH,3251.681,3251.49,17:35:56
2026-01-06 17:35:12+00:00,,312.0,ETH,3251.741,3251.73,17:35:12
2026-01-06 17:35:57+00:00,,357.0,ETH,3251.541,3251.38,17:35:57
2026-01-06 17:35:13+00:00,,313.0,ETH,3251.781,3251.73,17:35:13
2026-01-06 17:35:58+00:00,,358.0,ETH,3251.401,3251.35,17:35:58
2026-01-06 17:35:14+00:00,,314.0,ETH,3251.921,3251.82,17:35:14
2026-01-06 17:35:59+00:00,,359.0,ETH,3251.401,3251.33,17:35:59
2026-01-06 17:35:15+00:00,,315.0,ETH,3252.081,3251.86,17:35:15
2026-01-06 17:36:00+00:00,,360.0,ETH,3251.391,3251.28,17:36:00
2026-01-06 17:35:16+00:00,,316.0,ETH,3252.091,3252.01,17:35:16
2026-01-06 17:36:01+00:00,,361.0,ETH,3251.461,3251.35,17:36:01
2026-01-06 17:35:17+00:00,,317.0,ETH,3252.141,3251.95,17:35:17
2026-01-06 17:36:02+00:00,,362.0,ETH,3251.621,3251.48,17:36:02
2026-01-06 17:35:18+00:00,,318.0,ETH,3252.281,3252.07,17:35:18
2026-01-06 17:36:03+00:00,,363.0,ETH,3251.751,3251.58,17:36:03
2026-01-06 17:35:19+00:00,,319.0,ETH,3252.501,3252.5,17:35:19
2026-01-06 17:36:04+00:00,,364.0,ETH,3251.781,3251.64,17:36:04
2026-01-06 17:35:20+00:00,,320.0,ETH,3252.601,3252.41,17:35:20
2026-01-06 17:36:05+00:00,,365.0,ETH,3251.931,3251.82,17:36:05
2026-01-06 17:35:21+00:00,,321.0,ETH,3252.611,3252.36,17:35:21
2026-01-06 17:36:06+00:00,,366.0,ETH,3252.121,3251.99,17:36:06
2026-01-06 17:36:07+00:00,,367.0,ETH,3252.171,3252.06,17:36:07
2026-01-06 17:35:22+00:00,,322.0,ETH,3252.611,3252.36,17:35:22
2026-01-06 17:36:08+00:00,,368.0,ETH,3252.131,3252.06,17:36:08
2026-01-06 17:35:23+00:00,,323.0,ETH,3252.421,3252.2,17:35:23
2026-01-06 17:36:09+00:00,,369.0,ETH,3252.041,3251.85,17:36:09
2026-01-06 17:35:24+00:00,,324.0,ETH,3252.341,3252.32,17:35:24
2026-01-06 17:36:10+00:00,,370.0,ETH,3251.981,3251.78,17:36:10
2026-01-06 17:35:25+00:00,,325.0,ETH,3252.341,3252.19,17:35:25
2026-01-06 17:35:26+00:00,,326.0,ETH,3252.361,3252.22,17:35:26
2026-01-06 17:36:11+00:00,,371.0,ETH,3251.981,3251.77,17:36:11
2026-01-06 17:35:27+00:00,,327.0,ETH,3252.321,3252.26,17:35:27
2026-01-06 17:36:12+00:00,,372.0,ETH,3251.981,3251.75,17:36:12
2026-01-06 17:35:28+00:00,,328.0,ETH,3251.971,3251.57,17:35:28
2026-01-06 17:36:13+00:00,,373.0,ETH,3251.811,3251.67,17:36:13
2026-01-06 17:35:29+00:00,,329.0,ETH,3251.261,3251.22,17:35:29
2026-01-06 17:36:14+00:00,,374.0,ETH,3251.661,3251.53,17:36:14
2026-01-06 17:35:30+00:00,,330.0,ETH,3250.351,3250.35,17:35:30
2026-01-06 17:36:15+00:00,,375.0,ETH,3251.671,3251.52,17:36:15
2026-01-06 17:36:16+00:00,,376.0,ETH,3251.671,3251.52,17:36:16
2026-01-06 17:35:31+00:00,,331.0,ETH,3250.461,3250.22,17:35:31
2026-01-06 17:35:32+00:00,,332.0,ETH,3250.381,3250.29,17:35:32
2026-01-06 17:36:17+00:00,,377.0,ETH,3252.111,3252.07,17:36:17
2026-01-06 17:36:18+00:00,,378.0,ETH,3252.111,3251.94,17:36:18
2026-01-06 17:35:33+00:00,,333.0,ETH,3250.501,3250.3,17:35:33
2026-01-06 17:36:19+00:00,,379.0,ETH,3250.841,3250.79,17:36:19
2026-01-06 17:35:34+00:00,,334.0,ETH,3250.521,3250.34,17:35:34
2026-01-06 17:36:20+00:00,,380.0,ETH,3250.901,3250.85,17:36:20
2026-01-06 17:35:35+00:00,,335.0,ETH,3250.891,3250.69,17:35:35
2026-01-06 17:35:36+00:00,,336.0,ETH,3251.021,3250.85,17:35:36
2026-01-06 17:36:21+00:00,,381.0,ETH,3251.001,3250.88,17:36:21
2026-01-06 17:35:37+00:00,,337.0,ETH,3251.181,3251.16,17:35:37
2026-01-06 17:36:22+00:00,,382.0,ETH,3250.971,3250.88,17:36:22
2026-01-06 17:35:38+00:00,,338.0,ETH,3251.171,3250.99,17:35:38
2026-01-06 17:36:23+00:00,,383.0,ETH,3250.971,3250.84,17:36:23
2026-01-06 17:35:39+00:00,,339.0,ETH,3250.931,3250.63,17:35:39
2026-01-06 17:36:24+00:00,,384.0,ETH,3250.971,3250.84,17:36:24
2026-01-06 17:35:40+00:00,,340.0,ETH,3250.591,3250.41,17:35:40
2026-01-06 17:36:25+00:00,,385.0,ETH,3250.981,3250.82,17:36:25
2026-01-06 17:35:41+00:00,,341.0,ETH,3250.471,3250.38,17:35:41
2026-01-06 17:36:26+00:00,,386.0,ETH,3251.931,3251.84,17:36:26
2026-01-06 17:36:27+00:00,,387.0,ETH,3252.901,3252.89,17:36:27
2026-01-06 17:35:42+00:00,,342.0,ETH,3250.361,3250.36,17:35:42
2026-01-06 17:36:28+00:00,,388.0,ETH,3252.951,3252.94,17:36:28
2026-01-06 17:35:43+00:00,,343.0,ETH,3249.801,3249.64,17:35:43
2026-01-06 17:36:29+00:00,,389.0,ETH,3253.061,3252.97,17:36:29
2026-01-06 17:35:44+00:00,,344.0,ETH,3249.981,3249.94,17:35:44
2026-01-06 17:36:30+00:00,,390.0,ETH,3253.191,3253.09,17:36:30
2026-01-06 17:35:45+00:00,,345.0,ETH,3250.331,3250.22,17:35:45
2026-01-06 17:36:31+00:00,,391.0,ETH,3253.401,3253.3,17:36:31
2026-01-06 17:35:46+00:00,,346.0,ETH,3250.371,3250.24,17:35:46
2026-01-06 17:36:32+00:00,,392.0,ETH,3253.601,3253.41,17:36:32
2026-01-06 17:35:47+00:00,,347.0,ETH,3250.371,3250.24,17:35:47
2026-01-06 17:36:33+00:00,,393.0,ETH,3253.601,3253.46,17:36:33
2026-01-06 17:35:48+00:00,,348.0,ETH,3250.861,3250.69,17:35:48
2026-01-06 17:36:34+00:00,,394.0,ETH,3253.591,3253.51,17:36:34
2026-01-06 17:35:49+00:00,,349.0,ETH,3251.151,3251.08,17:35:49
2026-01-06 17:36:35+00:00,,395.0,ETH,3253.651,3253.53,17:36:35
2026-01-06 17:35:50+00:00,,350.0,ETH,3251.211,3251.13,17:35:50
2026-01-06 17:36:36+00:00,,396.0,ETH,3253.741,3253.55,17:36:36
2026-01-06 17:35:51+00:00,,351.0,ETH,3251.211,3251.06,17:35:51
2026-01-06 17:36:37+00:00,,397.0,ETH,3253.791,3253.57,17:36:37
2026-01-06 17:35:52+00:00,,352.0,ETH,3251.211,3251.08,17:35:52
2026-01-06 17:36:38+00:00,,398.0,ETH,3253.791,3253.57,17:36:38
2026-01-06 17:35:53+00:00,,353.0,ETH,3251.291,3251.12,17:35:53
2026-01-06 17:36:39+00:00,,399.0,ETH,3253.791,3253.63,17:36:39
2026-01-06 17:35:54+00:00,,354.0,ETH,3251.321,3251.19,17:35:54
2026-01-06 17:36:40+00:00,,400.0,ETH,3253.851,3253.71,17:36:40
2026-01-06 17:35:55+00:00,,355.0,ETH,3251.641,3251.51,17:35:55
2026-01-06 17:36:41+00:00,,401.0,ETH,3254.201,3254.04,17:36:41
2026-01-06 17:35:56+00:00,,356.0,ETH,3251.681,3251.55,17:35:56
2026-01-06 17:36:42+00:00,,402.0,ETH,3254.221,3254.14,17:36:42
2026-01-06 17:35:57+00:00,,357.0,ETH,3251.691,3251.43,17:35:57
2026-01-06 17:36:43+00:00,,403.0,ETH,3254.451,3254.3,17:36:43
2026-01-06 17:35:58+00:00,,358.0,ETH,3251.381,3251.32,17:35:58
2026-01-06 17:36:44+00:00,,404.0,ETH,3254.421,3254.32,17:36:44
2026-01-06 17:35:59+00:00,,359.0,ETH,3251.421,3251.38,17:35:59
2026-01-06 17:36:45+00:00,,405.0,ETH,3254.481,3254.38,17:36:45
2026-01-06 17:36:00+00:00,,360.0,ETH,3251.381,3251.29,17:36:00
2026-01-06 17:36:46+00:00,,406.0,ETH,3254.451,3254.32,17:36:46
2026-01-06 17:36:01+00:00,,361.0,ETH,3251.391,3251.27,17:36:01
2026-01-06 17:36:47+00:00,,407.0,ETH,3254.971,3254.91,17:36:47
2026-01-06 17:36:02+00:00,,362.0,ETH,3251.531,3251.44,17:36:02
2026-01-06 17:36:48+00:00,,408.0,ETH,3255.492,3255.46,17:36:48
2026-01-06 17:36:03+00:00,,363.0,ETH,3251.721,3251.52,17:36:03
2026-01-06 17:36:49+00:00,,409.0,ETH,3256.142,3256.14,17:36:49
2026-01-06 17:36:04+00:00,,364.0,ETH,3251.781,3251.63,17:36:04
2026-01-06 17:36:50+00:00,,410.0,ETH,3256.142,3256.11,17:36:50
2026-01-06 17:36:05+00:00,,365.0,ETH,3251.791,3251.64,17:36:05
2026-01-06 17:36:51+00:00,,411.0,ETH,3257.222,3257.16,17:36:51
2026-01-06 17:36:06+00:00,,366.0,ETH,3252.121,3251.99,17:36:06
2026-01-06 17:36:52+00:00,,412.0,ETH,3257.302,3257.21,17:36:52
2026-01-06 17:36:07+00:00,,367.0,ETH,3252.171,3252.06,17:36:07
2026-01-06 17:36:53+00:00,,413.0,ETH,3257.192,3256.91,17:36:53
2026-01-06 17:36:08+00:00,,368.0,ETH,3252.131,3252.06,17:36:08
2026-01-06 17:36:54+00:00,,414.0,ETH,3256.282,3256.24,17:36:54
2026-01-06 17:36:09+00:00,,369.0,ETH,3252.041,3251.85,17:36:09
2026-01-06 17:36:55+00:00,,415.0,ETH,3256.262,3256.24,17:36:55
2026-01-06 17:36:10+00:00,,370.0,ETH,3251.981,3251.78,17:36:10
2026-01-06 17:36:56+00:00,,416.0,ETH,3256.442,3256.27,17:36:56
2026-01-06 17:36:11+00:00,,371.0,ETH,3251.981,3251.77,17:36:11
2026-01-06 17:36:57+00:00,,417.0,ETH,3256.812,3256.71,17:36:57
2026-01-06 17:36:12+00:00,,372.0,ETH,3251.981,3251.75,17:36:12
2026-01-06 17:36:58+00:00,,418.0,ETH,3256.862,3256.8,17:36:58
2026-01-06 17:36:13+00:00,,373.0,ETH,3251.811,3251.67,17:36:13
2026-01-06 17:36:59+00:00,,419.0,ETH,3257.032,3256.91,17:36:59
2026-01-06 17:36:14+00:00,,374.0,ETH,3251.661,3251.53,17:36:14
2026-01-06 17:37:00+00:00,,420.0,ETH,3256.822,3256.65,17:37:00
2026-01-06 17:36:15+00:00,,375.0,ETH,3251.671,3251.52,17:36:15
2026-01-06 17:37:01+00:00,,421.0,ETH,3256.652,3256.65,17:37:01
2026-01-06 17:36:16+00:00,,376.0,ETH,3251.891,3251.79,17:36:16
2026-01-06 17:37:02+00:00,,422.0,ETH,3256.032,3255.9,17:37:02
2026-01-06 17:36:17+00:00,,377.0,ETH,3252.111,3252.0,17:36:17
2026-01-06 17:36:18+00:00,,378.0,ETH,3252.111,3251.94,17:36:18
2026-01-06 17:37:03+00:00,,423.0,ETH,3255.492,3255.39,17:37:03
2026-01-06 17:36:19+00:00,,379.0,ETH,3250.841,3250.79,17:36:19
2026-01-06 17:37:04+00:00,,424.0,ETH,3255.552,3255.45,17:37:04
2026-01-06 17:36:20+00:00,,380.0,ETH,3250.901,3250.85,17:36:20
2026-01-06 17:37:05+00:00,,425.0,ETH,3255.872,3255.72,17:37:05
2026-01-06 17:36:21+00:00,,381.0,ETH,3251.001,3250.88,17:36:21
2026-01-06 17:37:06+00:00,,426.0,ETH,3255.872,3255.73,17:37:06
2026-01-06 17:36:22+00:00,,382.0,ETH,3250.981,3250.97,17:36:22
2026-01-06 17:37:07+00:00,,427.0,ETH,3255.872,3255.76,17:37:07
2026-01-06 17:36:23+00:00,,383.0,ETH,3250.971,3250.79,17:36:23
2026-01-06 17:37:08+00:00,,428.0,ETH,3256.092,3256.0,17:37:08
2026-01-06 17:36:24+00:00,,384.0,ETH,3250.971,3250.89,17:36:24
2026-01-06 17:37:09+00:00,,429.0,ETH,3256.402,3256.23,17:37:09
2026-01-06 17:36:25+00:00,,385.0,ETH,3250.971,3250.8,17:36:25
2026-01-06 17:37:10+00:00,,430.0,ETH,3256.642,3256.49,17:37:10
2026-01-06 17:36:26+00:00,,386.0,ETH,3251.001,3250.84,17:36:26
2026-01-06 17:37:11+00:00,,431.0,ETH,3257.362,3257.24,17:37:11
2026-01-06 17:36:27+00:00,,387.0,ETH,3252.861,3252.85,17:36:27
2026-01-06 17:37:12+00:00,,432.0,ETH,3257.822,3257.71,17:37:12
2026-01-06 17:36:28+00:00,,388.0,ETH,3252.951,3252.93,17:36:28
2026-01-06 17:37:13+00:00,,433.0,ETH,3257.802,3257.73,17:37:13
2026-01-06 17:36:29+00:00,,389.0,ETH,3252.961,3252.95,17:36:29
2026-01-06 17:37:14+00:00,,434.0,ETH,3257.872,3257.76,17:37:14
2026-01-06 17:36:30+00:00,,390.0,ETH,3253.161,3252.98,17:36:30
2026-01-06 17:37:15+00:00,,435.0,ETH,3257.782,3257.71,17:37:15
2026-01-06 17:36:31+00:00,,391.0,ETH,3253.211,3253.2,17:36:31
2026-01-06 17:37:16+00:00,,436.0,ETH,3257.952,3257.91,17:37:16
2026-01-06 17:36:32+00:00,,392.0,ETH,3253.591,3253.4,17:36:32
2026-01-06 17:37:17+00:00,,437.0,ETH,3258.222,3258.09,17:37:17
2026-01-06 17:36:33+00:00,,393.0,ETH,3253.601,3253.42,17:36:33
2026-01-06 17:37:19+00:00,,439.0,ETH,3257.612,3257.6,17:37:19
2026-01-06 17:36:34+00:00,,394.0,ETH,3253.591,3253.5,17:36:34
2026-01-06 17:37:20+00:00,,440.0,ETH,3257.382,3257.18,17:37:20
2026-01-06 17:36:35+00:00,,395.0,ETH,3253.591,3253.52,17:36:35
2026-01-06 17:37:21+00:00,,441.0,ETH,3256.972,3256.96,17:37:21
2026-01-06 17:36:36+00:00,,396.0,ETH,3253.701,3253.54,17:36:36
2026-01-06 17:37:22+00:00,,442.0,ETH,3256.962,3256.96,17:37:22
2026-01-06 17:36:37+00:00,,397.0,ETH,3253.791,3253.57,17:36:37
2026-01-06 17:37:23+00:00,,443.0,ETH,3257.102,3256.95,17:37:23
2026-01-06 17:36:38+00:00,,398.0,ETH,3253.791,3253.57,17:36:38
2026-01-06 17:37:24+00:00,,444.0,ETH,3256.942,3256.91,17:37:24
2026-01-06 17:36:39+00:00,,399.0,ETH,3253.791,3253.63,17:36:39
2026-01-06 17:37:25+00:00,,445.0,ETH,3257.442,3257.41,17:37:25
2026-01-06 17:36:40+00:00,,400.0,ETH,3253.851,3253.71,17:36:40
2026-01-06 17:37:26+00:00,,446.0,ETH,3257.692,3257.63,17:37:26
2026-01-06 17:36:41+00:00,,401.0,ETH,3254.201,3254.04,17:36:41
2026-01-06 17:37:27+00:00,,447.0,ETH,3257.612,3257.53,17:37:27
2026-01-06 17:36:42+00:00,,402.0,ETH,3254.341,3254.22,17:36:42
2026-01-06 17:37:28+00:00,,448.0,ETH,3257.762,3257.68,17:37:28
2026-01-06 17:36:43+00:00,,403.0,ETH,3254.431,3254.31,17:36:43
2026-01-06 17:37:29+00:00,,449.0,ETH,3257.832,3257.71,17:37:29
2026-01-06 17:36:44+00:00,,404.0,ETH,3254.451,3254.35,17:36:44
2026-01-06 17:37:30+00:00,,450.0,ETH,3257.892,3257.78,17:37:30
2026-01-06 17:36:45+00:00,,405.0,ETH,3254.471,3254.35,17:36:45
2026-01-06 17:37:31+00:00,,451.0,ETH,3258.042,3257.99,17:37:31
2026-01-06 17:36:46+00:00,,406.0,ETH,3254.711,3254.61,17:36:46
2026-01-06 17:37:32+00:00,,452.0,ETH,3258.282,3258.23,17:37:32
2026-01-06 17:36:47+00:00,,407.0,ETH,3255.231,3255.18,17:36:47
2026-01-06 17:37:33+00:00,,453.0,ETH,3258.192,3258.15,17:37:33
2026-01-06 17:36:48+00:00,,408.0,ETH,3255.822,3255.8,17:36:48
2026-01-06 17:37:34+00:00,,454.0,ETH,3258.002,3257.91,17:37:34
2026-01-06 17:36:49+00:00,,409.0,ETH,3256.142,3256.13,17:36:49
2026-01-06 17:37:35+00:00,,455.0,ETH,3257.962,3257.83,17:37:35
2026-01-06 17:36:50+00:00,,410.0,ETH,3256.682,3256.64,17:36:50
2026-01-06 17:37:36+00:00,,456.0,ETH,3257.932,3257.86,17:37:36
2026-01-06 17:36:51+00:00,,411.0,ETH,3257.262,3257.18,17:36:51
2026-01-06 17:37:37+00:00,,457.0,ETH,3257.942,3257.88,17:37:37
2026-01-06 17:36:52+00:00,,412.0,ETH,3257.242,3257.06,17:36:52
2026-01-06 17:37:38+00:00,,458.0,ETH,3257.952,3257.87,17:37:38
2026-01-06 17:36:53+00:00,,413.0,ETH,3256.732,3256.57,17:36:53
2026-01-06 17:37:39+00:00,,459.0,ETH,3257.962,3257.86,17:37:39
2026-01-06 17:36:54+00:00,,414.0,ETH,3256.272,3256.24,17:36:54
2026-01-06 17:37:40+00:00,,460.0,ETH,3257.832,3257.78,17:37:40
2026-01-06 17:36:56+00:00,,416.0,ETH,3256.442,3256.27,17:36:56
2026-01-06 17:37:41+00:00,,461.0,ETH,3257.542,3257.5,17:37:41
2026-01-06 17:36:57+00:00,,417.0,ETH,3256.812,3256.71,17:36:57
2026-01-06 17:37:42+00:00,,462.0,ETH,3257.372,3257.3,17:37:42
2026-01-06 17:36:58+00:00,,418.0,ETH,3256.862,3256.8,17:36:58
2026-01-06 17:37:43+00:00,,463.0,ETH,3257.312,3257.27,17:37:43
2026-01-06 17:36:59+00:00,,419.0,ETH,3257.032,3256.91,17:36:59
2026-01-06 17:37:44+00:00,,464.0,ETH,3257.332,3257.27,17:37:44
2026-01-06 17:37:00+00:00,,420.0,ETH,3256.822,3256.65,17:37:00
2026-01-06 17:37:45+00:00,,465.0,ETH,3257.342,3257.29,17:37:45
2026-01-06 17:37:01+00:00,,421.0,ETH,3256.652,3256.65,17:37:01
2026-01-06 17:37:46+00:00,,466.0,ETH,3257.262,3257.24,17:37:46
2026-01-06 17:37:02+00:00,,422.0,ETH,3256.032,3255.9,17:37:02
2026-01-06 17:37:47+00:00,,467.0,ETH,3257.122,3257.1,17:37:47
2026-01-06 17:37:03+00:00,,423.0,ETH,3255.742,3255.59,17:37:03
2026-01-06 17:37:48+00:00,,468.0,ETH,3257.032,3257.0,17:37:48
2026-01-06 17:37:04+00:00,,424.0,ETH,3255.231,3255.19,17:37:04
2026-01-06 17:37:49+00:00,,469.0,ETH,3257.052,3257.02,17:37:49
2026-01-06 17:37:05+00:00,,425.0,ETH,3255.872,3255.71,17:37:05
2026-01-06 17:37:50+00:00,,470.0,ETH,3257.142,3257.02,17:37:50
2026-01-06 17:37:51+00:00,,471.0,ETH,3257.222,3257.01,17:37:51
2026-01-06 17:37:06+00:00,,426.0,ETH,3255.872,3255.73,17:37:06
2026-01-06 17:37:52+00:00,,472.0,ETH,3257.022,3256.97,17:37:52
2026-01-06 17:37:07+00:00,,427.0,ETH,3255.872,3255.76,17:37:07
2026-01-06 17:37:53+00:00,,473.0,ETH,3257.022,3256.97,17:37:53
2026-01-06 17:37:08+00:00,,428.0,ETH,3256.092,3256.0,17:37:08
2026-01-06 17:37:54+00:00,,474.0,ETH,3256.892,3256.86,17:37:54
2026-01-06 17:37:09+00:00,,429.0,ETH,3256.402,3256.23,17:37:09
2026-01-06 17:37:55+00:00,,475.0,ETH,3256.922,3256.89,17:37:55
2026-01-06 17:37:10+00:00,,430.0,ETH,3256.642,3256.49,17:37:10
2026-01-06 17:37:56+00:00,,476.0,ETH,3256.842,3256.63,17:37:56
2026-01-06 17:37:11+00:00,,431.0,ETH,3257.362,3257.24,17:37:11
2026-01-06 17:37:57+00:00,,477.0,ETH,3256.922,3256.8,17:37:57
2026-01-06 17:37:12+00:00,,432.0,ETH,3257.822,3257.71,17:37:12
2026-01-06 17:37:58+00:00,,478.0,ETH,3256.902,3256.8,17:37:58
2026-01-06 17:37:13+00:00,,433.0,ETH,3257.802,3257.73,17:37:13
2026-01-06 17:37:59+00:00,,479.0,ETH,3256.912,3256.79,17:37:59
2026-01-06 17:37:14+00:00,,434.0,ETH,3257.872,3257.76,17:37:14
2026-01-06 17:38:00+00:00,,480.0,ETH,3256.922,3256.8,17:38:00
2026-01-06 17:37:15+00:00,,435.0,ETH,3257.782,3257.71,17:37:15
2026-01-06 17:38:01+00:00,,481.0,ETH,3256.922,3256.8,17:38:01
2026-01-06 17:37:16+00:00,,436.0,ETH,3257.952,3257.91,17:37:16
2026-01-06 17:38:02+00:00,,482.0,ETH,3256.782,3256.72,17:38:02
2026-01-06 17:37:17+00:00,,437.0,ETH,3258.222,3258.09,17:37:17
2026-01-06 17:38:03+00:00,,483.0,ETH,3256.682,3256.37,17:38:03
2026-01-06 17:37:18+00:00,,438.0,ETH,3257.922,3257.82,17:37:18
2026-01-06 17:38:04+00:00,,484.0,ETH,3256.342,3256.24,17:38:04
2026-01-06 17:37:19+00:00,,439.0,ETH,3257.492,3257.39,17:37:19
2026-01-06 17:38:05+00:00,,485.0,ETH,3256.322,3256.23,17:38:05
2026-01-06 17:37:20+00:00,,440.0,ETH,3257.172,3257.07,17:37:20
2026-01-06 17:38:06+00:00,,486.0,ETH,3256.322,3256.21,17:38:06
2026-01-06 17:37:21+00:00,,441.0,ETH,3256.962,3256.96,17:37:21
2026-01-06 17:38:07+00:00,,487.0,ETH,3256.062,3256.01,17:38:07
2026-01-06 17:37:22+00:00,,442.0,ETH,3257.032,3256.96,17:37:22
2026-01-06 17:38:08+00:00,,488.0,ETH,3256.292,3256.1,17:38:08
2026-01-06 17:37:23+00:00,,443.0,ETH,3257.022,3256.93,17:37:23
2026-01-06 17:38:09+00:00,,489.0,ETH,3256.122,3256.06,17:38:09
2026-01-06 17:37:24+00:00,,444.0,ETH,3257.192,3257.16,17:37:24
2026-01-06 17:38:10+00:00,,490.0,ETH,3256.102,3256.05,17:38:10
2026-01-06 17:37:25+00:00,,445.0,ETH,3257.572,3257.52,17:37:25
2026-01-06 17:38:11+00:00,,491.0,ETH,3256.162,3256.07,17:38:11
2026-01-06 17:37:26+00:00,,446.0,ETH,3257.592,3257.53,17:37:26
2026-01-06 17:38:12+00:00,,492.0,ETH,3256.472,3256.26,17:38:12
2026-01-06 17:37:27+00:00,,447.0,ETH,3257.612,3257.53,17:37:27
2026-01-06 17:38:13+00:00,,493.0,ETH,3256.482,3256.31,17:38:13
2026-01-06 17:37:28+00:00,,448.0,ETH,3257.762,3257.68,17:37:28
2026-01-06 17:38:14+00:00,,494.0,ETH,3256.882,3256.8,17:38:14
2026-01-06 17:37:29+00:00,,449.0,ETH,3257.832,3257.71,17:37:29
2026-01-06 17:38:15+00:00,,495.0,ETH,3257.012,3256.89,17:38:15
2026-01-06 17:37:30+00:00,,450.0,ETH,3257.872,3257.72,17:37:30
2026-01-06 17:37:31+00:00,,451.0,ETH,3257.912,3257.84,17:37:31
2026-01-06 17:38:16+00:00,,496.0,ETH,3256.862,3256.59,17:38:16
2026-01-06 17:37:32+00:00,,452.0,ETH,3258.182,3258.14,17:37:32
2026-01-06 17:38:17+00:00,,497.0,ETH,3256.822,3256.56,17:38:17
2026-01-06 17:37:33+00:00,,453.0,ETH,3258.382,3258.31,17:37:33
2026-01-06 17:38:18+00:00,,498.0,ETH,3256.792,3256.55,17:38:18
2026-01-06 17:37:34+00:00,,454.0,ETH,3258.002,3257.99,17:37:34
2026-01-06 17:38:19+00:00,,499.0,ETH,3256.702,3256.54,17:38:19
2026-01-06 17:37:35+00:00,,455.0,ETH,3258.002,3257.83,17:37:35
2026-01-06 17:38:21+00:00,,501.0,ETH,3256.392,3256.3,17:38:21
2026-01-06 17:37:36+00:00,,456.0,ETH,3257.922,3257.83,17:37:36
2026-01-06 17:38:22+00:00,,502.0,ETH,3255.982,3255.76,17:38:22
2026-01-06 17:37:37+00:00,,457.0,ETH,3257.942,3257.88,17:37:37
2026-01-06 17:38:23+00:00,,503.0,ETH,3256.022,3255.83,17:38:23
2026-01-06 17:37:38+00:00,,458.0,ETH,3257.942,3257.87,17:37:38
2026-01-06 17:38:24+00:00,,504.0,ETH,3256.182,3255.89,17:38:24
2026-01-06 17:37:39+00:00,,459.0,ETH,3257.952,3257.86,17:37:39
2026-01-06 17:38:25+00:00,,505.0,ETH,3256.092,3255.89,17:38:25
2026-01-06 17:37:40+00:00,,460.0,ETH,3257.962,3257.86,17:37:40
2026-01-06 17:38:26+00:00,,506.0,ETH,3255.832,3255.7,17:38:26
2026-01-06 17:37:41+00:00,,461.0,ETH,3257.702,3257.69,17:37:41
2026-01-06 17:38:27+00:00,,507.0,ETH,3255.111,3255.08,17:38:27
2026-01-06 17:37:42+00:00,,462.0,ETH,3257.392,3257.31,17:37:42
2026-01-06 17:38:28+00:00,,508.0,ETH,3255.091,3254.96,17:38:28
2026-01-06 17:37:43+00:00,,463.0,ETH,3257.342,3257.29,17:37:43
2026-01-06 17:38:29+00:00,,509.0,ETH,3255.061,3254.84,17:38:29
2026-01-06 17:37:44+00:00,,464.0,ETH,3257.272,3257.25,17:37:44
2026-01-06 17:38:30+00:00,,510.0,ETH,3255.171,3255.01,17:38:30
2026-01-06 17:37:45+00:00,,465.0,ETH,3257.392,3257.3,17:37:45
2026-01-06 17:38:31+00:00,,511.0,ETH,3254.981,3254.89,17:38:31
2026-01-06 17:37:46+00:00,,466.0,ETH,3257.292,3257.27,17:37:46
2026-01-06 17:38:32+00:00,,512.0,ETH,3254.801,3254.76,17:38:32
2026-01-06 17:37:47+00:00,,467.0,ETH,3257.222,3257.2,17:37:47
2026-01-06 17:38:33+00:00,,513.0,ETH,3254.851,3254.79,17:38:33
2026-01-06 17:37:48+00:00,,468.0,ETH,3257.022,3257.0,17:37:48
2026-01-06 17:38:34+00:00,,514.0,ETH,3254.841,3254.82,17:38:34
2026-01-06 17:37:49+00:00,,469.0,ETH,3257.042,3257.01,17:37:49
2026-01-06 17:38:35+00:00,,515.0,ETH,3254.811,3254.77,17:38:35
2026-01-06 17:37:50+00:00,,470.0,ETH,3257.052,3257.03,17:37:50
2026-01-06 17:38:36+00:00,,516.0,ETH,3254.691,3254.64,17:38:36
2026-01-06 17:37:51+00:00,,471.0,ETH,3257.222,3257.01,17:37:51
2026-01-06 17:38:37+00:00,,517.0,ETH,3254.401,3254.38,17:38:37
2026-01-06 17:37:52+00:00,,472.0,ETH,3257.022,3256.97,17:37:52
2026-01-06 17:38:38+00:00,,518.0,ETH,3253.801,3253.67,17:38:38
2026-01-06 17:37:53+00:00,,473.0,ETH,3257.022,3256.97,17:37:53
2026-01-06 17:38:39+00:00,,519.0,ETH,3253.721,3253.66,17:38:39
2026-01-06 17:38:40+00:00,,520.0,ETH,3253.801,3253.69,17:38:40
2026-01-06 17:37:54+00:00,,474.0,ETH,3256.912,3256.88,17:37:54
2026-01-06 17:38:41+00:00,,521.0,ETH,3254.121,3254.08,17:38:41
2026-01-06 17:37:56+00:00,,476.0,ETH,3256.842,3256.63,17:37:56
2026-01-06 17:38:42+00:00,,522.0,ETH,3254.271,3254.23,17:38:42
2026-01-06 17:38:43+00:00,,523.0,ETH,3254.291,3254.14,17:38:43
2026-01-06 17:37:57+00:00,,477.0,ETH,3256.912,3256.8,17:37:57
2026-01-06 17:38:44+00:00,,524.0,ETH,3254.341,3254.23,17:38:44
2026-01-06 17:37:59+00:00,,479.0,ETH,3256.912,3256.79,17:37:59
2026-01-06 17:38:45+00:00,,525.0,ETH,3254.471,3254.32,17:38:45
2026-01-06 17:38:00+00:00,,480.0,ETH,3256.922,3256.8,17:38:00
2026-01-06 17:38:46+00:00,,526.0,ETH,3255.451,3255.15,17:38:46
2026-01-06 17:38:01+00:00,,481.0,ETH,3256.922,3256.8,17:38:01
2026-01-06 17:38:47+00:00,,527.0,ETH,3255.662,3255.48,17:38:47
2026-01-06 17:38:02+00:00,,482.0,ETH,3256.782,3256.72,17:38:02
2026-01-06 17:38:48+00:00,,528.0,ETH,3255.632,3255.48,17:38:48
2026-01-06 17:38:03+00:00,,483.0,ETH,3256.682,3256.37,17:38:03
2026-01-06 17:38:49+00:00,,529.0,ETH,3255.512,3255.41,17:38:49
2026-01-06 17:38:04+00:00,,484.0,ETH,3256.342,3256.24,17:38:04
2026-01-06 17:38:50+00:00,,530.0,ETH,3255.542,3255.43,17:38:50
2026-01-06 17:38:05+00:00,,485.0,ETH,3256.322,3256.23,17:38:05
2026-01-06 17:38:51+00:00,,531.0,ETH,3255.572,3255.43,17:38:51
2026-01-06 17:38:06+00:00,,486.0,ETH,3256.322,3256.21,17:38:06
2026-01-06 17:38:52+00:00,,532.0,ETH,3255.572,3255.43,17:38:52
2026-01-06 17:38:07+00:00,,487.0,ETH,3256.062,3256.01,17:38:07
2026-01-06 17:38:53+00:00,,533.0,ETH,3255.582,3255.44,17:38:53
2026-01-06 17:38:08+00:00,,488.0,ETH,3256.292,3256.1,17:38:08
2026-01-06 17:38:54+00:00,,534.0,ETH,3255.572,3255.43,17:38:54
2026-01-06 17:38:09+00:00,,489.0,ETH,3256.122,3256.06,17:38:09
2026-01-06 17:38:55+00:00,,535.0,ETH,3255.572,3255.52,17:38:55
2026-01-06 17:38:10+00:00,,490.0,ETH,3256.102,3256.05,17:38:10
2026-01-06 17:38:56+00:00,,536.0,ETH,3255.572,3255.52,17:38:56
2026-01-06 17:38:11+00:00,,491.0,ETH,3256.162,3256.07,17:38:11
2026-01-06 17:38:57+00:00,,537.0,ETH,3255.562,3255.52,17:38:57
2026-01-06 17:38:12+00:00,,492.0,ETH,3256.472,3256.26,17:38:12
2026-01-06 17:38:58+00:00,,538.0,ETH,3255.592,3255.51,17:38:58
2026-01-06 17:38:13+00:00,,493.0,ETH,3256.482,3256.31,17:38:13
2026-01-06 17:38:59+00:00,,539.0,ETH,3255.592,3255.51,17:38:59
2026-01-06 17:38:14+00:00,,494.0,ETH,3256.882,3256.8,17:38:14
2026-01-06 17:39:00+00:00,,540.0,ETH,3255.371,3255.29,17:39:00
2026-01-06 17:38:15+00:00,,495.0,ETH,3257.012,3256.89,17:38:15
2026-01-06 17:39:01+00:00,,541.0,ETH,3255.301,3255.13,17:39:01
2026-01-06 17:38:16+00:00,,496.0,ETH,3256.882,3256.6,17:38:16
2026-01-06 17:39:02+00:00,,542.0,ETH,3254.161,3254.11,17:39:02
2026-01-06 17:38:17+00:00,,497.0,ETH,3256.842,3256.58,17:38:17
2026-01-06 17:39:03+00:00,,543.0,ETH,3254.001,3253.8,17:39:03
2026-01-06 17:38:18+00:00,,498.0,ETH,3256.792,3256.55,17:38:18
2026-01-06 17:39:04+00:00,,544.0,ETH,3253.581,3253.43,17:39:04
2026-01-06 17:38:19+00:00,,499.0,ETH,3256.702,3256.54,17:38:19
2026-01-06 17:39:05+00:00,,545.0,ETH,3253.171,3253.07,17:39:05
2026-01-06 17:38:20+00:00,,500.0,ETH,3256.502,3256.42,17:38:20
2026-01-06 17:39:06+00:00,,546.0,ETH,3252.871,3252.49,17:39:06
2026-01-06 17:38:21+00:00,,501.0,ETH,3256.192,3256.03,17:38:21
2026-01-06 17:39:07+00:00,,547.0,ETH,3251.801,3251.38,17:39:07
2026-01-06 17:38:22+00:00,,502.0,ETH,3256.002,3255.79,17:38:22
2026-01-06 17:39:08+00:00,,548.0,ETH,3250.931,3250.82,17:39:08
2026-01-06 17:38:23+00:00,,503.0,ETH,3256.102,3255.86,17:38:23
2026-01-06 17:39:09+00:00,,549.0,ETH,3250.921,3250.81,17:39:09
2026-01-06 17:38:24+00:00,,504.0,ETH,3256.132,3255.89,17:38:24
2026-01-06 17:39:10+00:00,,550.0,ETH,3251.031,3250.86,17:39:10
2026-01-06 17:38:25+00:00,,505.0,ETH,3255.962,3255.8,17:38:25
2026-01-06 17:39:11+00:00,,551.0,ETH,3251.081,3250.88,17:39:11
2026-01-06 17:38:26+00:00,,506.0,ETH,3255.471,3255.39,17:38:26
2026-01-06 17:39:12+00:00,,552.0,ETH,3251.081,3250.91,17:39:12
2026-01-06 17:38:27+00:00,,507.0,ETH,3255.101,3255.02,17:38:27
2026-01-06 17:39:13+00:00,,553.0,ETH,3251.251,3251.16,17:39:13
2026-01-06 17:38:28+00:00,,508.0,ETH,3255.081,3254.9,17:38:28
2026-01-06 17:39:14+00:00,,554.0,ETH,3251.461,3251.36,17:39:14
2026-01-06 17:38:29+00:00,,509.0,ETH,3255.121,3254.92,17:38:29
2026-01-06 17:39:15+00:00,,555.0,ETH,3251.711,3251.59,17:39:15
2026-01-06 17:38:30+00:00,,510.0,ETH,3255.071,3254.95,17:38:30
2026-01-06 17:39:17+00:00,,557.0,ETH,3252.151,3252.07,17:39:17
2026-01-06 17:38:31+00:00,,511.0,ETH,3254.891,3254.82,17:38:31
2026-01-06 17:39:18+00:00,,558.0,ETH,3252.331,3252.22,17:39:18
2026-01-06 17:38:32+00:00,,512.0,ETH,3254.821,3254.78,17:38:32
2026-01-06 17:39:19+00:00,,559.0,ETH,3252.311,3252.13,17:39:19
2026-01-06 17:38:33+00:00,,513.0,ETH,3254.851,3254.8,17:38:33
2026-01-06 17:39:20+00:00,,560.0,ETH,3252.421,3252.22,17:39:20
2026-01-06 17:38:34+00:00,,514.0,ETH,3254.831,3254.8,17:38:34
2026-01-06 17:39:21+00:00,,561.0,ETH,3252.361,3252.3,17:39:21
2026-01-06 17:38:35+00:00,,515.0,ETH,3254.751,3254.71,17:38:35
2026-01-06 17:39:22+00:00,,562.0,ETH,3252.471,3252.29,17:39:22
2026-01-06 17:38:36+00:00,,516.0,ETH,3254.551,3254.51,17:38:36
2026-01-06 17:39:23+00:00,,563.0,ETH,3252.371,3252.18,17:39:23
2026-01-06 17:38:37+00:00,,517.0,ETH,3254.101,3254.02,17:38:37
2026-01-06 17:39:24+00:00,,564.0,ETH,3252.261,3252.18,17:39:24
2026-01-06 17:38:38+00:00,,518.0,ETH,3253.761,3253.66,17:38:38
2026-01-06 17:39:25+00:00,,565.0,ETH,3252.161,3252.03,17:39:25
2026-01-06 17:38:39+00:00,,519.0,ETH,3253.761,3253.67,17:38:39
2026-01-06 17:39:26+00:00,,566.0,ETH,3251.381,3251.22,17:39:26
2026-01-06 17:38:40+00:00,,520.0,ETH,3253.961,3253.88,17:38:40
2026-01-06 17:39:27+00:00,,567.0,ETH,3251.391,3251.23,17:39:27
2026-01-06 17:38:41+00:00,,521.0,ETH,3254.191,3254.15,17:38:41
2026-01-06 17:38:42+00:00,,522.0,ETH,3254.271,3254.23,17:38:42
2026-01-06 17:39:28+00:00,,568.0,ETH,3251.411,3251.25,17:39:28
2026-01-06 17:38:43+00:00,,523.0,ETH,3254.291,3254.14,17:38:43
2026-01-06 17:39:29+00:00,,569.0,ETH,3251.421,3251.27,17:39:29
2026-01-06 17:38:44+00:00,,524.0,ETH,3254.341,3254.23,17:38:44
2026-01-06 17:39:30+00:00,,570.0,ETH,3251.411,3251.28,17:39:30
2026-01-06 17:38:45+00:00,,525.0,ETH,3254.471,3254.32,17:38:45
2026-01-06 17:39:31+00:00,,571.0,ETH,3251.501,3251.36,17:39:31
2026-01-06 17:38:46+00:00,,526.0,ETH,3255.451,3255.15,17:38:46
2026-01-06 17:39:32+00:00,,572.0,ETH,3251.561,3251.46,17:39:32
2026-01-06 17:38:47+00:00,,527.0,ETH,3255.662,3255.48,17:38:47
2026-01-06 17:39:33+00:00,,573.0,ETH,3251.621,3251.56,17:39:33
2026-01-06 17:38:48+00:00,,528.0,ETH,3255.632,3255.48,17:38:48
2026-01-06 17:39:34+00:00,,574.0,ETH,3251.711,3251.63,17:39:34
2026-01-06 17:38:49+00:00,,529.0,ETH,3255.512,3255.41,17:38:49
2026-01-06 17:39:35+00:00,,575.0,ETH,3251.711,3251.65,17:39:35
2026-01-06 17:38:50+00:00,,530.0,ETH,3255.562,3255.43,17:38:50
2026-01-06 17:39:36+00:00,,576.0,ETH,3251.711,3251.66,17:39:36
2026-01-06 17:38:51+00:00,,531.0,ETH,3255.572,3255.43,17:38:51
2026-01-06 17:39:37+00:00,,577.0,ETH,3251.711,3251.65,17:39:37
2026-01-06 17:38:52+00:00,,532.0,ETH,3255.572,3255.44,17:38:52
2026-01-06 17:39:38+00:00,,578.0,ETH,3251.721,3251.64,17:39:38
2026-01-06 17:38:53+00:00,,533.0,ETH,3255.572,3255.44,17:38:53
2026-01-06 17:39:39+00:00,,579.0,ETH,3251.751,3251.67,17:39:39
2026-01-06 17:38:54+00:00,,534.0,ETH,3255.572,3255.47,17:38:54
2026-01-06 17:39:40+00:00,,580.0,ETH,3251.771,3251.72,17:39:40
2026-01-06 17:38:55+00:00,,535.0,ETH,3255.572,3255.52,17:38:55
2026-01-06 17:39:41+00:00,,581.0,ETH,3251.721,3251.65,17:39:41
2026-01-06 17:38:56+00:00,,536.0,ETH,3255.572,3255.52,17:38:56
2026-01-06 17:39:42+00:00,,582.0,ETH,3251.601,3251.53,17:39:42
2026-01-06 17:38:57+00:00,,537.0,ETH,3255.572,3255.52,17:38:57
2026-01-06 17:39:43+00:00,,583.0,ETH,3251.451,3251.35,17:39:43
2026-01-06 17:38:58+00:00,,538.0,ETH,3255.592,3255.51,17:38:58
2026-01-06 17:39:44+00:00,,584.0,ETH,3251.381,3251.26,17:39:44
2026-01-06 17:38:59+00:00,,539.0,ETH,3255.481,3255.4,17:38:59
2026-01-06 17:39:45+00:00,,585.0,ETH,3251.361,3251.25,17:39:45
2026-01-06 17:39:00+00:00,,540.0,ETH,3255.331,3255.21,17:39:00
2026-01-06 17:39:46+00:00,,586.0,ETH,3251.371,3251.31,17:39:46
2026-01-06 17:39:01+00:00,,541.0,ETH,3254.731,3254.62,17:39:01
2026-01-06 17:39:47+00:00,,587.0,ETH,3251.501,3251.42,17:39:47
2026-01-06 17:39:02+00:00,,542.0,ETH,3254.081,3253.95,17:39:02
2026-01-06 17:39:48+00:00,,588.0,ETH,3251.661,3251.5,17:39:48
2026-01-06 17:39:03+00:00,,543.0,ETH,3253.981,3253.8,17:39:03
2026-01-06 17:39:49+00:00,,589.0,ETH,3251.681,3251.56,17:39:49
2026-01-06 17:39:04+00:00,,544.0,ETH,3253.581,3253.43,17:39:04
2026-01-06 17:39:50+00:00,,590.0,ETH,3251.581,3251.52,17:39:50
2026-01-06 17:39:05+00:00,,545.0,ETH,3253.171,3253.07,17:39:05
2026-01-06 17:39:51+00:00,,591.0,ETH,3251.541,3251.48,17:39:51
2026-01-06 17:39:06+00:00,,546.0,ETH,3253.131,3253.07,17:39:06
2026-01-06 17:39:52+00:00,,592.0,ETH,3251.331,3251.31,17:39:52
2026-01-06 17:39:07+00:00,,547.0,ETH,3252.601,3251.9,17:39:07
2026-01-06 17:39:53+00:00,,593.0,ETH,3251.481,3251.33,17:39:53
2026-01-06 17:39:08+00:00,,548.0,ETH,3251.001,3250.86,17:39:08
2026-01-06 17:39:54+00:00,,594.0,ETH,3251.261,3251.1,17:39:54
2026-01-06 17:39:09+00:00,,549.0,ETH,3250.871,3250.79,17:39:09
2026-01-06 17:39:55+00:00,,595.0,ETH,3251.031,3250.81,17:39:55
2026-01-06 17:39:10+00:00,,550.0,ETH,3251.031,3250.86,17:39:10
2026-01-06 17:39:56+00:00,,596.0,ETH,3250.961,3250.79,17:39:56
2026-01-06 17:39:11+00:00,,551.0,ETH,3251.081,3250.88,17:39:11
2026-01-06 17:39:57+00:00,,597.0,ETH,3250.961,3250.8,17:39:57
2026-01-06 17:39:12+00:00,,552.0,ETH,3251.081,3250.91,17:39:12
2026-01-06 17:39:58+00:00,,598.0,ETH,3250.821,3250.7,17:39:58
2026-01-06 17:39:13+00:00,,553.0,ETH,3251.251,3251.16,17:39:13
2026-01-06 17:39:59+00:00,,599.0,ETH,3250.081,3249.83,17:39:59
2026-01-06 17:39:14+00:00,,554.0,ETH,3251.461,3251.36,17:39:14
2026-01-06 17:40:00+00:00,,600.0,ETH,3247.131,3246.85,17:40:00
2026-01-06 17:39:15+00:00,,555.0,ETH,3251.711,3251.59,17:39:15
2026-01-06 17:40:01+00:00,,601.0,ETH,3244.351,3244.09,17:40:01
2026-01-06 17:39:16+00:00,,556.0,ETH,3252.041,3251.95,17:39:16
2026-01-06 17:40:02+00:00,,602.0,ETH,3243.481,3243.38,17:40:02
2026-01-06 17:39:17+00:00,,557.0,ETH,3252.241,3252.15,17:39:17
2026-01-06 17:40:03+00:00,,603.0,ETH,3242.431,3242.32,17:40:03
2026-01-06 17:39:18+00:00,,558.0,ETH,3252.321,3252.17,17:39:18
2026-01-06 17:40:04+00:00,,604.0,ETH,3242.411,3242.3,17:40:04
2026-01-06 17:39:19+00:00,,559.0,ETH,3252.361,3252.17,17:39:19
2026-01-06 17:40:05+00:00,,605.0,ETH,3243.001,3242.86,17:40:05
2026-01-06 17:39:20+00:00,,560.0,ETH,3252.391,3252.26,17:39:20
2026-01-06 17:40:06+00:00,,606.0,ETH,3243.161,3242.89,17:40:06
2026-01-06 17:39:21+00:00,,561.0,ETH,3252.411,3252.29,17:39:21
2026-01-06 17:40:07+00:00,,607.0,ETH,3242.121,3241.86,17:40:07
2026-01-06 17:39:22+00:00,,562.0,ETH,3252.421,3252.23,17:39:22
2026-01-06 17:40:08+00:00,,608.0,ETH,3240.961,3240.83,17:40:08
2026-01-06 17:39:23+00:00,,563.0,ETH,3252.321,3252.18,17:39:23
2026-01-06 17:40:09+00:00,,609.0,ETH,3240.811,3240.65,17:40:09
2026-01-06 17:39:24+00:00,,564.0,ETH,3252.211,3252.1,17:39:24
2026-01-06 17:40:10+00:00,,610.0,ETH,3241.031,3240.86,17:40:10
2026-01-06 17:39:25+00:00,,565.0,ETH,3251.771,3251.62,17:39:25
2026-01-06 17:40:11+00:00,,611.0,ETH,3241.241,3241.07,17:40:11
2026-01-06 17:39:26+00:00,,566.0,ETH,3251.391,3251.22,17:39:26
2026-01-06 17:40:12+00:00,,612.0,ETH,3241.401,3241.2,17:40:12
2026-01-06 17:39:27+00:00,,567.0,ETH,3251.401,3251.24,17:39:27
2026-01-06 17:40:13+00:00,,613.0,ETH,3241.591,3241.48,17:40:13
2026-01-06 17:39:28+00:00,,568.0,ETH,3251.411,3251.25,17:39:28
2026-01-06 17:40:14+00:00,,614.0,ETH,3241.861,3241.81,17:40:14
2026-01-06 17:39:29+00:00,,569.0,ETH,3251.421,3251.27,17:39:29
2026-01-06 17:40:15+00:00,,615.0,ETH,3241.991,3241.94,17:40:15
2026-01-06 17:39:30+00:00,,570.0,ETH,3251.421,3251.28,17:39:30
2026-01-06 17:40:16+00:00,,616.0,ETH,3242.681,3242.58,17:40:16
2026-01-06 17:39:31+00:00,,571.0,ETH,3251.411,3251.29,17:39:31
2026-01-06 17:40:17+00:00,,617.0,ETH,3241.981,3241.72,17:40:17
2026-01-06 17:39:32+00:00,,572.0,ETH,3251.591,3251.44,17:39:32
2026-01-06 17:40:18+00:00,,618.0,ETH,3241.761,3241.66,17:40:18
2026-01-06 17:39:33+00:00,,573.0,ETH,3251.531,3251.47,17:39:33
2026-01-06 17:40:19+00:00,,619.0,ETH,3241.801,3241.78,17:40:19
2026-01-06 17:39:34+00:00,,574.0,ETH,3251.711,3251.64,17:39:34
2026-01-06 17:40:20+00:00,,620.0,ETH,3242.401,3242.37,17:40:20
2026-01-06 17:39:35+00:00,,575.0,ETH,3251.711,3251.63,17:39:35
2026-01-06 17:40:21+00:00,,621.0,ETH,3242.631,3242.57,17:40:21
2026-01-06 17:39:36+00:00,,576.0,ETH,3251.711,3251.66,17:39:36
2026-01-06 17:40:22+00:00,,622.0,ETH,3242.671,3242.5,17:40:22
2026-01-06 17:39:37+00:00,,577.0,ETH,3251.711,3251.66,17:39:37
2026-01-06 17:40:23+00:00,,623.0,ETH,3242.841,3242.76,17:40:23
2026-01-06 17:39:38+00:00,,578.0,ETH,3251.721,3251.65,17:39:38
2026-01-06 17:40:24+00:00,,624.0,ETH,3243.001,3242.94,17:40:24
2026-01-06 17:39:39+00:00,,579.0,ETH,3251.721,3251.63,17:39:39
2026-01-06 17:40:25+00:00,,625.0,ETH,3243.371,3243.16,17:40:25
2026-01-06 17:39:40+00:00,,580.0,ETH,3251.771,3251.72,17:39:40
2026-01-06 17:40:26+00:00,,626.0,ETH,3243.291,3243.28,17:40:26
2026-01-06 17:39:41+00:00,,581.0,ETH,3251.771,3251.72,17:39:41
2026-01-06 17:40:27+00:00,,627.0,ETH,3243.291,3243.26,17:40:27
2026-01-06 17:39:42+00:00,,582.0,ETH,3251.661,3251.59,17:39:42
2026-01-06 17:40:28+00:00,,628.0,ETH,3243.291,3243.24,17:40:28
2026-01-06 17:39:43+00:00,,583.0,ETH,3251.531,3251.47,17:39:43
2026-01-06 17:40:29+00:00,,629.0,ETH,3243.011,3243.01,17:40:29
2026-01-06 17:39:44+00:00,,584.0,ETH,3251.361,3251.24,17:39:44
2026-01-06 17:40:30+00:00,,630.0,ETH,3242.861,3242.8,17:40:30
2026-01-06 17:39:45+00:00,,585.0,ETH,3251.391,3251.28,17:39:45
2026-01-06 17:40:31+00:00,,631.0,ETH,3242.131,3242.05,17:40:31
2026-01-06 17:39:46+00:00,,586.0,ETH,3251.321,3251.22,17:39:46
2026-01-06 17:40:32+00:00,,632.0,ETH,3242.121,3241.93,17:40:32
2026-01-06 17:39:47+00:00,,587.0,ETH,3251.421,3251.41,17:39:47
2026-01-06 17:40:33+00:00,,633.0,ETH,3241.991,3241.81,17:40:33
2026-01-06 17:39:48+00:00,,588.0,ETH,3251.581,3251.44,17:39:48
2026-01-06 17:40:34+00:00,,634.0,ETH,3242.271,3242.16,17:40:34
2026-01-06 17:39:49+00:00,,589.0,ETH,3251.741,3251.56,17:39:49
2026-01-06 17:40:35+00:00,,635.0,ETH,3241.941,3241.8,17:40:35
2026-01-06 17:39:50+00:00,,590.0,ETH,3251.611,3251.56,17:39:50
2026-01-06 17:40:36+00:00,,636.0,ETH,3241.851,3241.72,17:40:36
2026-01-06 17:39:51+00:00,,591.0,ETH,3251.541,3251.48,17:39:51
2026-01-06 17:40:37+00:00,,637.0,ETH,3241.841,3241.8,17:40:37
2026-01-06 17:39:52+00:00,,592.0,ETH,3251.331,3251.31,17:39:52
2026-01-06 17:40:38+00:00,,638.0,ETH,3242.061,3242.04,17:40:38
2026-01-06 17:39:53+00:00,,593.0,ETH,3251.481,3251.33,17:39:53
2026-01-06 17:40:39+00:00,,639.0,ETH,3242.361,3242.24,17:40:39
2026-01-06 17:39:54+00:00,,594.0,ETH,3251.261,3251.1,17:39:54
2026-01-06 17:40:40+00:00,,640.0,ETH,3242.321,3242.24,17:40:40
2026-01-06 17:39:55+00:00,,595.0,ETH,3250.991,3250.8,17:39:55
2026-01-06 17:40:41+00:00,,641.0,ETH,3242.361,3242.28,17:40:41
2026-01-06 17:39:56+00:00,,596.0,ETH,3250.961,3250.8,17:39:56
2026-01-06 17:40:42+00:00,,642.0,ETH,3242.231,3242.1,17:40:42
2026-01-06 17:39:57+00:00,,597.0,ETH,3250.891,3250.75,17:39:57
2026-01-06 17:40:43+00:00,,643.0,ETH,3241.941,3241.79,17:40:43
2026-01-06 17:39:58+00:00,,598.0,ETH,3250.601,3250.37,17:39:58
2026-01-06 17:40:44+00:00,,644.0,ETH,3241.651,3241.55,17:40:44
2026-01-06 17:39:59+00:00,,599.0,ETH,3250.081,3249.83,17:39:59
2026-01-06 17:40:45+00:00,,645.0,ETH,3241.581,3241.46,17:40:45
2026-01-06 17:40:01+00:00,,601.0,ETH,3244.491,3244.08,17:40:01
2026-01-06 17:40:46+00:00,,646.0,ETH,3241.641,3241.57,17:40:46
2026-01-06 17:40:02+00:00,,602.0,ETH,3244.211,3244.1,17:40:02
2026-01-06 17:40:47+00:00,,647.0,ETH,3241.331,3241.3,17:40:47
2026-01-06 17:40:03+00:00,,603.0,ETH,3242.751,3242.66,17:40:03
2026-01-06 17:40:48+00:00,,648.0,ETH,3240.941,3240.91,17:40:48
2026-01-06 17:40:04+00:00,,604.0,ETH,3242.121,3241.99,17:40:04
2026-01-06 17:40:49+00:00,,649.0,ETH,3240.831,3240.81,17:40:49
2026-01-06 17:40:05+00:00,,605.0,ETH,3242.711,3242.62,17:40:05
2026-01-06 17:40:50+00:00,,650.0,ETH,3241.151,3241.04,17:40:50
2026-01-06 17:40:06+00:00,,606.0,ETH,3243.291,3243.11,17:40:06
2026-01-06 17:40:51+00:00,,651.0,ETH,3241.591,3241.46,17:40:51
2026-01-06 17:40:07+00:00,,607.0,ETH,3243.031,3242.66,17:40:07
2026-01-06 17:40:52+00:00,,652.0,ETH,3241.831,3241.73,17:40:52
2026-01-06 17:40:08+00:00,,608.0,ETH,3241.221,3241.07,17:40:08
2026-01-06 17:40:53+00:00,,653.0,ETH,3242.081,3241.98,17:40:53
2026-01-06 17:40:09+00:00,,609.0,ETH,3240.701,3240.59,17:40:09
2026-01-06 17:40:54+00:00,,654.0,ETH,3242.381,3242.28,17:40:54
2026-01-06 17:40:10+00:00,,610.0,ETH,3240.921,3240.7,17:40:10
2026-01-06 17:40:55+00:00,,655.0,ETH,3242.941,3242.81,17:40:55
2026-01-06 17:40:11+00:00,,611.0,ETH,3241.141,3241.02,17:40:11
2026-01-06 17:40:56+00:00,,656.0,ETH,3243.501,3243.36,17:40:56
2026-01-06 17:40:12+00:00,,612.0,ETH,3241.341,3241.11,17:40:12
2026-01-06 17:40:58+00:00,,658.0,ETH,3244.151,3243.96,17:40:58
2026-01-06 17:40:13+00:00,,613.0,ETH,3241.471,3241.28,17:40:13
2026-01-06 17:40:59+00:00,,659.0,ETH,3243.821,3243.71,17:40:59
2026-01-06 17:40:14+00:00,,614.0,ETH,3241.721,3241.68,17:40:14
2026-01-06 17:41:00+00:00,,660.0,ETH,3243.481,3243.47,17:41:00
2026-01-06 17:40:15+00:00,,615.0,ETH,3241.991,3241.94,17:40:15
2026-01-06 17:41:01+00:00,,661.0,ETH,3243.411,3243.36,17:41:01
2026-01-06 17:40:16+00:00,,616.0,ETH,3242.681,3242.58,17:40:16
2026-01-06 17:41:02+00:00,,662.0,ETH,3243.151,3243.11,17:41:02
2026-01-06 17:40:17+00:00,,617.0,ETH,3241.981,3241.72,17:40:17
2026-01-06 17:41:03+00:00,,663.0,ETH,3243.381,3243.33,17:41:03
2026-01-06 17:40:18+00:00,,618.0,ETH,3241.761,3241.66,17:40:18
2026-01-06 17:41:04+00:00,,664.0,ETH,3243.041,3242.99,17:41:04
2026-01-06 17:40:19+00:00,,619.0,ETH,3241.801,3241.78,17:40:19
2026-01-06 17:40:20+00:00,,620.0,ETH,3242.101,3242.07,17:40:19
2026-01-06 17:41:05+00:00,,665.0,ETH,3243.691,3243.5,17:41:05
2026-01-06 17:40:21+00:00,,621.0,ETH,3242.631,3242.57,17:40:21
2026-01-06 17:41:06+00:00,,666.0,ETH,3243.861,3243.67,17:41:06
2026-01-06 17:40:22+00:00,,622.0,ETH,3242.671,3242.5,17:40:22
2026-01-06 17:41:07+00:00,,667.0,ETH,3243.921,3243.8,17:41:07
2026-01-06 17:40:23+00:00,,623.0,ETH,3242.841,3242.76,17:40:23
2026-01-06 17:41:08+00:00,,668.0,ETH,3244.331,3244.19,17:41:08
2026-01-06 17:40:24+00:00,,624.0,ETH,3243.001,3242.94,17:40:24
2026-01-06 17:41:09+00:00,,669.0,ETH,3244.461,3244.36,17:41:09
2026-01-06 17:40:25+00:00,,625.0,ETH,3243.371,3243.16,17:40:25
2026-01-06 17:41:10+00:00,,670.0,ETH,3244.381,3244.3,17:41:10
2026-01-06 17:40:26+00:00,,626.0,ETH,3243.291,3243.28,17:40:26
2026-01-06 17:41:11+00:00,,671.0,ETH,3244.441,3244.31,17:41:11
2026-01-06 17:40:27+00:00,,627.0,ETH,3243.291,3243.26,17:40:27
2026-01-06 17:41:12+00:00,,672.0,ETH,3244.461,3244.36,17:41:12
2026-01-06 17:40:28+00:00,,628.0,ETH,3243.291,3243.24,17:40:28
2026-01-06 17:41:13+00:00,,673.0,ETH,3244.621,3244.49,17:41:13
2026-01-06 17:40:29+00:00,,629.0,ETH,3243.011,3243.01,17:40:29
2026-01-06 17:41:14+00:00,,674.0,ETH,3244.701,3244.53,17:41:14
2026-01-06 17:40:30+00:00,,630.0,ETH,3242.861,3242.8,17:40:30
2026-01-06 17:41:15+00:00,,675.0,ETH,3244.721,3244.57,17:41:15
2026-01-06 17:40:31+00:00,,631.0,ETH,3242.131,3242.05,17:40:31
2026-01-06 17:40:32+00:00,,632.0,ETH,3242.121,3241.93,17:40:32
2026-01-06 17:41:16+00:00,,676.0,ETH,3244.751,3244.59,17:41:16
2026-01-06 17:40:33+00:00,,633.0,ETH,3241.991,3241.81,17:40:33
2026-01-06 17:41:17+00:00,,677.0,ETH,3244.841,3244.71,17:41:17
2026-01-06 17:40:34+00:00,,634.0,ETH,3242.271,3242.16,17:40:34
2026-01-06 17:41:18+00:00,,678.0,ETH,3244.981,3244.83,17:41:18
2026-01-06 17:40:35+00:00,,635.0,ETH,3241.941,3241.8,17:40:35
2026-01-06 17:41:19+00:00,,679.0,ETH,3245.031,3244.88,17:41:19
2026-01-06 17:40:36+00:00,,636.0,ETH,3241.851,3241.72,17:40:36
2026-01-06 17:41:20+00:00,,680.0,ETH,3244.891,3244.71,17:41:20
2026-01-06 17:40:37+00:00,,637.0,ETH,3241.841,3241.8,17:40:37
2026-01-06 17:41:21+00:00,,681.0,ETH,3244.321,3244.19,17:41:21
2026-01-06 17:40:38+00:00,,638.0,ETH,3242.061,3242.04,17:40:38
2026-01-06 17:41:23+00:00,,683.0,ETH,3243.821,3243.81,17:41:23
2026-01-06 17:40:39+00:00,,639.0,ETH,3242.361,3242.24,17:40:39
2026-01-06 17:41:24+00:00,,684.0,ETH,3244.111,3244.03,17:41:24
2026-01-06 17:40:40+00:00,,640.0,ETH,3242.301,3242.26,17:40:40
2026-01-06 17:41:25+00:00,,685.0,ETH,3244.131,3244.09,17:41:25
2026-01-06 17:40:41+00:00,,641.0,ETH,3242.341,3242.22,17:40:41
2026-01-06 17:41:26+00:00,,686.0,ETH,3244.111,3244.09,17:41:26
2026-01-06 17:40:42+00:00,,642.0,ETH,3242.381,3242.35,17:40:42
2026-01-06 17:41:27+00:00,,687.0,ETH,3243.751,3243.75,17:41:27
2026-01-06 17:40:43+00:00,,643.0,ETH,3242.081,3241.85,17:40:43
2026-01-06 17:41:28+00:00,,688.0,ETH,3243.751,3243.74,17:41:28
2026-01-06 17:41:29+00:00,,689.0,ETH,3243.561,3243.54,17:41:29
2026-01-06 17:40:44+00:00,,644.0,ETH,3241.651,3241.55,17:40:44
2026-01-06 17:41:30+00:00,,690.0,ETH,3243.381,3243.3,17:41:30
2026-01-06 17:40:45+00:00,,645.0,ETH,3241.581,3241.46,17:40:45
2026-01-06 17:41:31+00:00,,691.0,ETH,3243.261,3243.24,17:41:31
2026-01-06 17:40:46+00:00,,646.0,ETH,3241.641,3241.57,17:40:46
2026-01-06 17:41:32+00:00,,692.0,ETH,3243.261,3243.24,17:41:32
2026-01-06 17:40:47+00:00,,647.0,ETH,3241.331,3241.3,17:40:47
2026-01-06 17:41:33+00:00,,693.0,ETH,3243.121,3242.88,17:41:33
2026-01-06 17:40:48+00:00,,648.0,ETH,3240.941,3240.91,17:40:48
2026-01-06 17:41:34+00:00,,694.0,ETH,3242.891,3242.83,17:41:34
2026-01-06 17:40:49+00:00,,649.0,ETH,3240.831,3240.81,17:40:49
2026-01-06 17:41:35+00:00,,695.0,ETH,3242.771,3242.72,17:41:35
2026-01-06 17:40:50+00:00,,650.0,ETH,3241.151,3241.04,17:40:50
2026-01-06 17:41:36+00:00,,696.0,ETH,3242.901,3242.78,17:41:36
2026-01-06 17:40:51+00:00,,651.0,ETH,3241.591,3241.46,17:40:51
2026-01-06 17:41:37+00:00,,697.0,ETH,3243.221,3243.07,17:41:37
2026-01-06 17:40:52+00:00,,652.0,ETH,3241.831,3241.73,17:40:52
2026-01-06 17:41:38+00:00,,698.0,ETH,3243.221,3243.07,17:41:38
2026-01-06 17:40:53+00:00,,653.0,ETH,3242.081,3241.98,17:40:53
2026-01-06 17:41:39+00:00,,699.0,ETH,3242.841,3242.84,17:41:39
2026-01-06 17:40:54+00:00,,654.0,ETH,3242.381,3242.28,17:40:54
2026-01-06 17:41:40+00:00,,700.0,ETH,3242.811,3242.77,17:41:40
2026-01-06 17:40:55+00:00,,655.0,ETH,3242.941,3242.81,17:40:55
2026-01-06 17:41:41+00:00,,701.0,ETH,3242.561,3242.54,17:41:41
2026-01-06 17:40:56+00:00,,656.0,ETH,3243.501,3243.36,17:40:56
2026-01-06 17:41:42+00:00,,702.0,ETH,3242.251,3242.23,17:41:42
2026-01-06 17:40:57+00:00,,657.0,ETH,3243.901,3243.76,17:40:57
2026-01-06 17:41:43+00:00,,703.0,ETH,3242.271,3242.22,17:41:43
2026-01-06 17:40:58+00:00,,658.0,ETH,3243.981,3243.84,17:40:58
2026-01-06 17:41:44+00:00,,704.0,ETH,3242.331,3242.27,17:41:44
2026-01-06 17:40:59+00:00,,659.0,ETH,3243.651,3243.59,17:40:59
2026-01-06 17:41:45+00:00,,705.0,ETH,3242.261,3242.24,17:41:45
2026-01-06 17:41:00+00:00,,660.0,ETH,3243.441,3243.42,17:41:00
2026-01-06 17:41:46+00:00,,706.0,ETH,3242.021,3242.0,17:41:46
2026-01-06 17:41:01+00:00,,661.0,ETH,3243.281,3243.24,17:41:01
2026-01-06 17:41:47+00:00,,707.0,ETH,3241.841,3241.8,17:41:47
2026-01-06 17:41:02+00:00,,662.0,ETH,3243.271,3243.22,17:41:02
2026-01-06 17:41:48+00:00,,708.0,ETH,3241.591,3241.57,17:41:48
2026-01-06 17:41:03+00:00,,663.0,ETH,3243.211,3243.16,17:41:03
2026-01-06 17:41:49+00:00,,709.0,ETH,3241.541,3241.49,17:41:49
2026-01-06 17:41:04+00:00,,664.0,ETH,3243.281,3243.17,17:41:04
2026-01-06 17:41:50+00:00,,710.0,ETH,3241.431,3241.41,17:41:50
2026-01-06 17:41:05+00:00,,665.0,ETH,3243.691,3243.5,17:41:05
2026-01-06 17:41:51+00:00,,711.0,ETH,3241.511,3241.49,17:41:51
2026-01-06 17:41:06+00:00,,666.0,ETH,3243.861,3243.67,17:41:06
2026-01-06 17:41:52+00:00,,712.0,ETH,3241.801,3241.74,17:41:52
2026-01-06 17:41:07+00:00,,667.0,ETH,3243.921,3243.8,17:41:07
2026-01-06 17:41:08+00:00,,668.0,ETH,3243.981,3243.91,17:41:08
2026-01-06 17:41:53+00:00,,713.0,ETH,3242.291,3242.21,17:41:53
2026-01-06 17:41:09+00:00,,669.0,ETH,3244.671,3244.47,17:41:09
2026-01-06 17:41:54+00:00,,714.0,ETH,3242.391,3242.27,17:41:54
2026-01-06 17:41:10+00:00,,670.0,ETH,3244.381,3244.3,17:41:10
2026-01-06 17:41:55+00:00,,715.0,ETH,3242.541,3242.47,17:41:55
2026-01-06 17:41:11+00:00,,671.0,ETH,3244.441,3244.31,17:41:11
2026-01-06 17:41:56+00:00,,716.0,ETH,3242.791,3242.71,17:41:56
2026-01-06 17:41:12+00:00,,672.0,ETH,3244.461,3244.36,17:41:12
2026-01-06 17:41:57+00:00,,717.0,ETH,3242.971,3242.86,17:41:57
2026-01-06 17:41:13+00:00,,673.0,ETH,3244.621,3244.49,17:41:13
2026-01-06 17:41:58+00:00,,718.0,ETH,3242.971,3242.85,17:41:58
2026-01-06 17:41:14+00:00,,674.0,ETH,3244.701,3244.53,17:41:14
2026-01-06 17:41:59+00:00,,719.0,ETH,3242.851,3242.74,17:41:59
2026-01-06 17:41:15+00:00,,675.0,ETH,3244.721,3244.57,17:41:15
2026-01-06 17:42:00+00:00,,720.0,ETH,3242.801,3242.64,17:42:00
2026-01-06 17:41:16+00:00,,676.0,ETH,3244.751,3244.59,17:41:16
2026-01-06 17:42:01+00:00,,721.0,ETH,3242.811,3242.71,17:42:01
2026-01-06 17:41:17+00:00,,677.0,ETH,3244.841,3244.71,17:41:17
2026-01-06 17:42:02+00:00,,722.0,ETH,3242.921,3242.88,17:42:02
2026-01-06 17:41:18+00:00,,678.0,ETH,3244.981,3244.83,17:41:18
2026-01-06 17:42:03+00:00,,723.0,ETH,3242.811,3242.73,17:42:03
2026-01-06 17:41:19+00:00,,679.0,ETH,3245.031,3244.88,17:41:19
2026-01-06 17:42:04+00:00,,724.0,ETH,3242.561,3242.44,17:42:04
2026-01-06 17:41:20+00:00,,680.0,ETH,3244.891,3244.71,17:41:20
2026-01-06 17:42:05+00:00,,725.0,ETH,3242.751,3242.65,17:42:05
2026-01-06 17:41:21+00:00,,681.0,ETH,3244.321,3244.19,17:41:21
2026-01-06 17:42:06+00:00,,726.0,ETH,3243.011,3242.92,17:42:06
2026-01-06 17:41:22+00:00,,682.0,ETH,3243.861,3243.85,17:41:22
2026-01-06 17:42:07+00:00,,727.0,ETH,3243.141,3242.96,17:42:07
2026-01-06 17:41:23+00:00,,683.0,ETH,3243.971,3243.92,17:41:23
2026-01-06 17:42:08+00:00,,728.0,ETH,3243.171,3242.99,17:42:08
2026-01-06 17:41:24+00:00,,684.0,ETH,3244.121,3244.06,17:41:24
2026-01-06 17:42:10+00:00,,730.0,ETH,3243.111,3242.91,17:42:10
2026-01-06 17:41:25+00:00,,685.0,ETH,3244.121,3244.09,17:41:25
2026-01-06 17:42:11+00:00,,731.0,ETH,3243.401,3243.29,17:42:11
2026-01-06 17:41:26+00:00,,686.0,ETH,3243.931,3243.92,17:41:26
2026-01-06 17:42:12+00:00,,732.0,ETH,3243.381,3243.23,17:42:12
2026-01-06 17:41:27+00:00,,687.0,ETH,3243.751,3243.75,17:41:27
2026-01-06 17:42:13+00:00,,733.0,ETH,3243.361,3243.11,17:42:13
2026-01-06 17:41:28+00:00,,688.0,ETH,3243.661,3243.64,17:41:28
2026-01-06 17:42:14+00:00,,734.0,ETH,3243.181,3243.17,17:42:14
2026-01-06 17:41:29+00:00,,689.0,ETH,3243.471,3243.42,17:41:29
2026-01-06 17:42:15+00:00,,735.0,ETH,3242.731,3242.59,17:42:15
2026-01-06 17:41:30+00:00,,690.0,ETH,3243.321,3243.27,17:41:30
2026-01-06 17:42:16+00:00,,736.0,ETH,3242.671,3242.54,17:42:16
2026-01-06 17:41:31+00:00,,691.0,ETH,3243.261,3243.24,17:41:31
2026-01-06 17:41:32+00:00,,692.0,ETH,3243.261,3243.24,17:41:32
2026-01-06 17:42:17+00:00,,737.0,ETH,3241.951,3241.93,17:42:17
2026-01-06 17:41:33+00:00,,693.0,ETH,3243.121,3242.88,17:41:33
2026-01-06 17:42:18+00:00,,738.0,ETH,3241.581,3241.57,17:42:18
2026-01-06 17:41:34+00:00,,694.0,ETH,3242.891,3242.83,17:41:34
2026-01-06 17:42:19+00:00,,739.0,ETH,3241.451,3241.4,17:42:19
2026-01-06 17:41:35+00:00,,695.0,ETH,3242.771,3242.72,17:41:35
2026-01-06 17:42:20+00:00,,740.0,ETH,3241.681,3241.55,17:42:20
2026-01-06 17:41:36+00:00,,696.0,ETH,3242.901,3242.78,17:41:36
2026-01-06 17:42:21+00:00,,741.0,ETH,3241.811,3241.64,17:42:21
2026-01-06 17:41:37+00:00,,697.0,ETH,3243.221,3243.07,17:41:37
2026-01-06 17:42:22+00:00,,742.0,ETH,3241.781,3241.65,17:42:22
2026-01-06 17:41:38+00:00,,698.0,ETH,3243.221,3243.07,17:41:38
2026-01-06 17:42:23+00:00,,743.0,ETH,3241.711,3241.59,17:42:23
2026-01-06 17:41:39+00:00,,699.0,ETH,3242.841,3242.84,17:41:39
2026-01-06 17:42:24+00:00,,744.0,ETH,3241.631,3241.53,17:42:24
2026-01-06 17:41:40+00:00,,700.0,ETH,3242.811,3242.77,17:41:40
2026-01-06 17:42:25+00:00,,745.0,ETH,3241.481,3241.4,17:42:25
2026-01-06 17:41:41+00:00,,701.0,ETH,3242.561,3242.54,17:41:41
2026-01-06 17:42:26+00:00,,746.0,ETH,3241.411,3241.27,17:42:26
2026-01-06 17:41:42+00:00,,702.0,ETH,3242.251,3242.23,17:41:42
2026-01-06 17:42:27+00:00,,747.0,ETH,3241.891,3241.77,17:42:27
2026-01-06 17:41:43+00:00,,703.0,ETH,3242.271,3242.22,17:41:43
2026-01-06 17:42:28+00:00,,748.0,ETH,3242.331,3242.24,17:42:28
2026-01-06 17:41:44+00:00,,704.0,ETH,3242.331,3242.27,17:41:44
2026-01-06 17:42:29+00:00,,749.0,ETH,3242.351,3242.15,17:42:29
2026-01-06 17:41:45+00:00,,705.0,ETH,3242.261,3242.24,17:41:45
2026-01-06 17:42:30+00:00,,750.0,ETH,3242.231,3242.06,17:42:30
2026-01-06 17:41:46+00:00,,706.0,ETH,3242.021,3242.0,17:41:46
2026-01-06 17:42:31+00:00,,751.0,ETH,3242.081,3241.96,17:42:31
2026-01-06 17:41:47+00:00,,707.0,ETH,3241.841,3241.8,17:41:47
2026-01-06 17:42:32+00:00,,752.0,ETH,3242.031,3241.86,17:42:32
2026-01-06 17:41:48+00:00,,708.0,ETH,3241.591,3241.57,17:41:48
2026-01-06 17:42:33+00:00,,753.0,ETH,3241.921,3241.82,17:42:33
2026-01-06 17:41:49+00:00,,709.0,ETH,3241.541,3241.49,17:41:49
2026-01-06 17:42:34+00:00,,754.0,ETH,3241.721,3241.69,17:42:34
2026-01-06 17:41:50+00:00,,710.0,ETH,3241.431,3241.41,17:41:50
2026-01-06 17:42:35+00:00,,755.0,ETH,3241.621,3241.6,17:42:35
2026-01-06 17:41:51+00:00,,711.0,ETH,3241.511,3241.49,17:41:51
2026-01-06 17:42:36+00:00,,756.0,ETH,3241.591,3241.58,17:42:36
2026-01-06 17:41:52+00:00,,712.0,ETH,3241.801,3241.74,17:41:52
2026-01-06 17:42:37+00:00,,757.0,ETH,3241.481,3241.47,17:42:37
2026-01-06 17:41:53+00:00,,713.0,ETH,3242.231,3242.21,17:41:53
2026-01-06 17:42:38+00:00,,758.0,ETH,3241.471,3241.41,17:42:38
2026-01-06 17:41:54+00:00,,714.0,ETH,3242.341,3242.2,17:41:54
2026-01-06 17:42:39+00:00,,759.0,ETH,3241.461,3241.31,17:42:39
2026-01-06 17:42:40+00:00,,760.0,ETH,3241.381,3241.17,17:42:40
2026-01-06 17:41:55+00:00,,715.0,ETH,3242.541,3242.47,17:41:55
2026-01-06 17:42:41+00:00,,761.0,ETH,3241.001,3240.98,17:42:41
2026-01-06 17:41:56+00:00,,716.0,ETH,3242.791,3242.71,17:41:56
2026-01-06 17:42:42+00:00,,762.0,ETH,3241.031,3240.9,17:42:42
2026-01-06 17:41:57+00:00,,717.0,ETH,3242.971,3242.86,17:41:57
2026-01-06 17:42:43+00:00,,763.0,ETH,3240.971,3240.9,17:42:43
2026-01-06 17:41:58+00:00,,718.0,ETH,3242.971,3242.85,17:41:58
2026-01-06 17:42:44+00:00,,764.0,ETH,3240.971,3240.89,17:42:44
2026-01-06 17:41:59+00:00,,719.0,ETH,3242.851,3242.74,17:41:59
2026-01-06 17:42:45+00:00,,765.0,ETH,3241.001,3240.91,17:42:45
2026-01-06 17:42:00+00:00,,720.0,ETH,3242.801,3242.64,17:42:00
2026-01-06 17:42:46+00:00,,766.0,ETH,3241.001,3240.91,17:42:46
2026-01-06 17:42:02+00:00,,722.0,ETH,3242.801,3242.77,17:42:02
2026-01-06 17:42:47+00:00,,767.0,ETH,3240.861,3240.77,17:42:47
2026-01-06 17:42:03+00:00,,723.0,ETH,3243.051,3242.98,17:42:03
2026-01-06 17:42:48+00:00,,768.0,ETH,3240.401,3239.67,17:42:48
2026-01-06 17:42:04+00:00,,724.0,ETH,3242.571,3242.48,17:42:04
2026-01-06 17:42:49+00:00,,769.0,ETH,3238.921,3238.87,17:42:49
2026-01-06 17:42:05+00:00,,725.0,ETH,3242.561,3242.39,17:42:05
2026-01-06 17:42:50+00:00,,770.0,ETH,3239.201,3239.07,17:42:50
2026-01-06 17:42:06+00:00,,726.0,ETH,3242.951,3242.91,17:42:06
2026-01-06 17:42:51+00:00,,771.0,ETH,3239.481,3239.33,17:42:51
2026-01-06 17:42:07+00:00,,727.0,ETH,3243.071,3242.92,17:42:07
2026-01-06 17:42:52+00:00,,772.0,ETH,3239.571,3239.42,17:42:52
2026-01-06 17:42:08+00:00,,728.0,ETH,3243.221,3242.99,17:42:08
2026-01-06 17:42:53+00:00,,773.0,ETH,3239.581,3239.41,17:42:53
2026-01-06 17:42:09+00:00,,729.0,ETH,3243.131,3242.99,17:42:09
2026-01-06 17:42:54+00:00,,774.0,ETH,3239.531,3239.44,17:42:54
2026-01-06 17:42:10+00:00,,730.0,ETH,3243.111,3242.91,17:42:10
2026-01-06 17:42:55+00:00,,775.0,ETH,3239.491,3239.44,17:42:55
2026-01-06 17:42:11+00:00,,731.0,ETH,3243.401,3243.29,17:42:11
2026-01-06 17:42:56+00:00,,776.0,ETH,3239.471,3239.4,17:42:56
2026-01-06 17:42:12+00:00,,732.0,ETH,3243.381,3243.23,17:42:12
2026-01-06 17:42:57+00:00,,777.0,ETH,3239.431,3239.35,17:42:57
2026-01-06 17:42:13+00:00,,733.0,ETH,3243.361,3243.11,17:42:13
2026-01-06 17:42:58+00:00,,778.0,ETH,3239.711,3239.51,17:42:58
2026-01-06 17:42:14+00:00,,734.0,ETH,3243.181,3243.17,17:42:14
2026-01-06 17:42:59+00:00,,779.0,ETH,3240.051,3239.86,17:42:59
2026-01-06 17:42:15+00:00,,735.0,ETH,3242.731,3242.59,17:42:15
2026-01-06 17:43:00+00:00,,780.0,ETH,3240.161,3240.1,17:43:00
2026-01-06 17:42:16+00:00,,736.0,ETH,3242.671,3242.54,17:42:16
2026-01-06 17:43:01+00:00,,781.0,ETH,3240.311,3240.21,17:43:01
2026-01-06 17:42:17+00:00,,737.0,ETH,3242.101,3242.08,17:42:17
2026-01-06 17:43:02+00:00,,782.0,ETH,3240.581,3240.42,17:43:02
2026-01-06 17:42:18+00:00,,738.0,ETH,3241.801,3241.79,17:42:18
2026-01-06 17:43:03+00:00,,783.0,ETH,3240.781,3240.59,17:43:03
2026-01-06 17:42:19+00:00,,739.0,ETH,3241.371,3241.35,17:42:19
2026-01-06 17:43:04+00:00,,784.0,ETH,3240.781,3240.55,17:43:04
2026-01-06 17:43:05+00:00,,785.0,ETH,3240.771,3240.54,17:43:05
2026-01-06 17:42:20+00:00,,740.0,ETH,3241.681,3241.55,17:42:20
2026-01-06 17:43:06+00:00,,786.0,ETH,3240.611,3240.54,17:43:06
2026-01-06 17:42:21+00:00,,741.0,ETH,3241.811,3241.64,17:42:21
2026-01-06 17:43:07+00:00,,787.0,ETH,3240.591,3240.54,17:43:07
2026-01-06 17:42:22+00:00,,742.0,ETH,3241.781,3241.65,17:42:22
2026-01-06 17:43:08+00:00,,788.0,ETH,3240.581,3240.49,17:43:08
2026-01-06 17:42:23+00:00,,743.0,ETH,3241.711,3241.59,17:42:23
2026-01-06 17:43:09+00:00,,789.0,ETH,3240.571,3240.5,17:43:09
2026-01-06 17:42:24+00:00,,744.0,ETH,3241.631,3241.53,17:42:24
2026-01-06 17:43:10+00:00,,790.0,ETH,3240.371,3240.32,17:43:10
2026-01-06 17:42:25+00:00,,745.0,ETH,3241.481,3241.4,17:42:25
2026-01-06 17:43:11+00:00,,791.0,ETH,3240.211,3240.19,17:43:11
2026-01-06 17:42:26+00:00,,746.0,ETH,3241.411,3241.27,17:42:26
2026-01-06 17:43:12+00:00,,792.0,ETH,3240.581,3240.47,17:43:12
2026-01-06 17:42:27+00:00,,747.0,ETH,3241.891,3241.77,17:42:27
2026-01-06 17:43:13+00:00,,793.0,ETH,3240.761,3240.61,17:43:13
2026-01-06 17:42:28+00:00,,748.0,ETH,3242.331,3242.24,17:42:28
2026-01-06 17:43:14+00:00,,794.0,ETH,3240.801,3240.62,17:43:14
2026-01-06 17:42:29+00:00,,749.0,ETH,3242.351,3242.15,17:42:29
2026-01-06 17:43:15+00:00,,795.0,ETH,3240.921,3240.76,17:43:15
2026-01-06 17:42:30+00:00,,750.0,ETH,3242.231,3242.06,17:42:30
2026-01-06 17:43:16+00:00,,796.0,ETH,3240.811,3240.67,17:43:16
2026-01-06 17:42:31+00:00,,751.0,ETH,3242.081,3241.96,17:42:31
2026-01-06 17:43:17+00:00,,797.0,ETH,3240.811,3240.67,17:43:17
2026-01-06 17:42:32+00:00,,752.0,ETH,3242.031,3241.86,17:42:32
2026-01-06 17:43:18+00:00,,798.0,ETH,3240.681,3240.6,17:43:18
2026-01-06 17:42:33+00:00,,753.0,ETH,3241.921,3241.82,17:42:33
2026-01-06 17:43:19+00:00,,799.0,ETH,3240.481,3240.15,17:43:19
2026-01-06 17:42:34+00:00,,754.0,ETH,3241.721,3241.69,17:42:34
2026-01-06 17:43:20+00:00,,800.0,ETH,3240.151,3239.92,17:43:20
2026-01-06 17:42:35+00:00,,755.0,ETH,3241.621,3241.6,17:42:35
2026-01-06 17:43:21+00:00,,801.0,ETH,3239.911,3239.87,17:43:21
2026-01-06 17:42:36+00:00,,756.0,ETH,3241.591,3241.58,17:42:36
2026-01-06 17:43:22+00:00,,802.0,ETH,3239.891,3239.86,17:43:22
2026-01-06 17:42:37+00:00,,757.0,ETH,3241.481,3241.47,17:42:37
2026-01-06 17:43:23+00:00,,803.0,ETH,3239.891,3239.82,17:43:23
2026-01-06 17:42:38+00:00,,758.0,ETH,3241.471,3241.41,17:42:38
2026-01-06 17:43:24+00:00,,804.0,ETH,3239.551,3239.54,17:43:24
2026-01-06 17:42:39+00:00,,759.0,ETH,3241.461,3241.31,17:42:39
2026-01-06 17:43:25+00:00,,805.0,ETH,3239.331,3239.31,17:43:25
2026-01-06 17:42:40+00:00,,760.0,ETH,3241.191,3241.08,17:42:40
2026-01-06 17:43:26+00:00,,806.0,ETH,3238.901,3238.85,17:43:26
2026-01-06 17:42:41+00:00,,761.0,ETH,3241.011,3240.94,17:42:41
2026-01-06 17:43:27+00:00,,807.0,ETH,3238.861,3238.81,17:43:27
2026-01-06 17:42:42+00:00,,762.0,ETH,3241.001,3240.9,17:42:42
2026-01-06 17:43:28+00:00,,808.0,ETH,3238.291,3237.96,17:43:28
2026-01-06 17:42:43+00:00,,763.0,ETH,3240.971,3240.9,17:42:43
2026-01-06 17:43:29+00:00,,809.0,ETH,3238.141,3238.05,17:43:29
2026-01-06 17:42:44+00:00,,764.0,ETH,3240.971,3240.89,17:42:44
2026-01-06 17:43:30+00:00,,810.0,ETH,3238.081,3238.0,17:43:30
2026-01-06 17:42:45+00:00,,765.0,ETH,3241.001,3240.91,17:42:45
2026-01-06 17:43:31+00:00,,811.0,ETH,3238.121,3238.03,17:43:31
2026-01-06 17:42:46+00:00,,766.0,ETH,3241.001,3240.91,17:42:46
2026-01-06 17:43:32+00:00,,812.0,ETH,3238.101,3238.03,17:43:32
2026-01-06 17:42:47+00:00,,767.0,ETH,3240.861,3240.77,17:42:47
2026-01-06 17:43:33+00:00,,813.0,ETH,3238.111,3238.04,17:43:33
2026-01-06 17:42:48+00:00,,768.0,ETH,3240.401,3239.67,17:42:48
2026-01-06 17:43:34+00:00,,814.0,ETH,3238.161,3238.0,17:43:34
2026-01-06 17:42:49+00:00,,769.0,ETH,3238.921,3238.87,17:42:49
2026-01-06 17:43:35+00:00,,815.0,ETH,3238.061,3237.86,17:43:35
2026-01-06 17:42:50+00:00,,770.0,ETH,3239.201,3239.07,17:42:50
2026-01-06 17:43:36+00:00,,816.0,ETH,3238.231,3237.96,17:43:36
2026-01-06 17:42:51+00:00,,771.0,ETH,3239.481,3239.33,17:42:51
2026-01-06 17:43:37+00:00,,817.0,ETH,3238.691,3238.61,17:43:37
2026-01-06 17:42:52+00:00,,772.0,ETH,3239.571,3239.42,17:42:52
2026-01-06 17:43:38+00:00,,818.0,ETH,3239.461,3239.27,17:43:38
2026-01-06 17:42:53+00:00,,773.0,ETH,3239.621,3239.42,17:42:53
2026-01-06 17:43:39+00:00,,819.0,ETH,3239.491,3239.28,17:43:39
2026-01-06 17:42:54+00:00,,774.0,ETH,3239.551,3239.39,17:42:54
2026-01-06 17:43:40+00:00,,820.0,ETH,3239.511,3239.27,17:43:40
2026-01-06 17:42:55+00:00,,775.0,ETH,3239.491,3239.44,17:42:55
2026-01-06 17:43:41+00:00,,821.0,ETH,3239.501,3239.37,17:43:41
2026-01-06 17:42:56+00:00,,776.0,ETH,3239.471,3239.4,17:42:56
2026-01-06 17:43:42+00:00,,822.0,ETH,3239.471,3239.37,17:43:42
2026-01-06 17:42:57+00:00,,777.0,ETH,3239.431,3239.35,17:42:57
2026-01-06 17:43:43+00:00,,823.0,ETH,3239.301,3239.25,17:43:43
2026-01-06 17:42:58+00:00,,778.0,ETH,3239.711,3239.51,17:42:58
2026-01-06 17:43:44+00:00,,824.0,ETH,3239.311,3239.21,17:43:44
2026-01-06 17:42:59+00:00,,779.0,ETH,3240.051,3239.86,17:42:59
2026-01-06 17:43:45+00:00,,825.0,ETH,3239.351,3239.23,17:43:45
2026-01-06 17:43:00+00:00,,780.0,ETH,3240.161,3240.1,17:43:00
2026-01-06 17:43:46+00:00,,826.0,ETH,3239.331,3239.23,17:43:46
2026-01-06 17:43:01+00:00,,781.0,ETH,3240.311,3240.21,17:43:01
