timestamp,collected_at,seconds,up_mid,up_best_bid,up_best_ask,down_mid,down_best_bid,down_best_ask,up_best_bid_size,up_best_ask_size,down_best_bid_size,down_best_ask_size,up_bid_2,up_bid_2_size,up_ask_2,up_ask_2_size,down_bid_2,down_bid_2_size,down_ask_2,down_ask_2_size
2026-01-06 17:30:00.205000+00:00,2026-01-06 17:30:00.725588+00:00,0.205,0.535,0.53,0.54,0.46499999999999997,0.46,0.47,10.0,9.0,9.0,10.0,0.52,84.15,0.55,184.35,0.45,173.17,0.48,84.15
2026-01-06 17:30:00.604000+00:00,2026-01-06 17:30:01.210247+00:00,0.604,0.535,0.53,0.54,0.46499999999999997,0.46,0.47,10.0,9.0,9.0,10.0,0.52,84.15,0.55,173.17,0.45,173.17,0.48,84.15
2026-01-06 17:30:01.070000+00:00,2026-01-06 17:30:01.747650+00:00,1.07,0.535,0.53,0.54,0.46499999999999997,0.46,0.47,10.0,9.0,9.0,10.0,0.52,84.15,0.55,118.72,0.45,118.72,0.48,84.15
2026-01-06 17:30:01.502000+00:00,2026-01-06 17:30:02.222661+00:00,1.502,0.535,0.53,0.54,0.46499999999999997,0.46,0.47,15.0,9.0,9.0,15.0,0.52,84.15,0.55,123.72,0.45,123.72,0.48,84.15
2026-01-06 17:30:02.273000+00:00,2026-01-06 17:30:02.751470+00:00,2.273,0.535,0.53,0.54,0.46499999999999997,0.46,0.47,12.87,4.0,4.0,7.87,0.52,84.15,0.55,123.72,0.45,123.72,0.48,84.15
2026-01-06 17:30:02.712000+00:00,2026-01-06 17:30:03.239127+00:00,2.712,0.535,0.53,0.54,0.46499999999999997,0.46,0.47,20.0,4.0,4.0,20.0,0.52,75.15,0.55,123.72,0.45,123.72,0.48,75.15
2026-01-06 17:30:03.279000+00:00,2026-01-06 17:30:03.746322+00:00,3.279,0.54,0.53,0.55,0.45999999999999996,0.45,0.47,20.0,117.72,117.72,15.0,0.52,84.15,0.56,12.0,0.44,12.0,0.48,84.15
2026-01-06 17:30:03.787000+00:00,2026-01-06 17:30:04.262042+00:00,3.787,0.54,0.53,0.55,0.45999999999999996,0.45,0.47,35.0,132.72,147.72,20.0,0.52,84.15,0.56,134.0,0.44,210.0,0.48,84.15
2026-01-06 17:30:04.264000+00:00,2026-01-06 17:30:04.745936+00:00,4.264,0.545,0.54,0.55,0.455,0.45,0.46,29.0,162.72,162.72,49.0,0.53,20.0,0.56,195.0,0.44,195.0,0.47,20.0
2026-01-06 17:30:04.784000+00:00,2026-01-06 17:30:05.264494+00:00,4.784,0.535,0.53,0.54,0.475,0.47,0.48,5.0,30.0,65.0,13.72,0.52,75.15,0.55,259.72,0.46,35.0,0.49,322.0
2026-01-06 17:30:05.276000+00:00,2026-01-06 17:30:05.747651+00:00,5.276,0.515,0.51,0.52,0.485,0.48,0.49,366.0,35.0,50.0,341.0,0.5,646.04,0.53,35.0,0.47,20.0,0.5,696.04
2026-01-06 17:30:05.801000+00:00,2026-01-06 17:30:06.278123+00:00,5.801,0.525,0.52,0.53,0.475,0.47,0.48,399.0,35.0,35.0,467.0,0.51,402.0,0.54,22.27,0.46,22.27,0.49,402.0
2026-01-06 17:30:06.262000+00:00,2026-01-06 17:30:06.745699+00:00,6.262,0.525,0.52,0.53,0.475,0.47,0.48,486.68,45.0,60.0,417.0,0.51,402.0,0.54,22.27,0.46,27.27,0.49,437.0
2026-01-06 17:30:06.826000+00:00,2026-01-06 17:30:07.279491+00:00,6.826,0.525,0.52,0.53,0.475,0.47,0.48,412.0,25.0,10.0,432.0,0.51,437.0,0.54,40.0,0.45,106.72,0.49,437.0
2026-01-06 17:30:07.258000+00:00,2026-01-06 17:30:07.745573+00:00,7.258,0.525,0.52,0.53,0.455,0.45,0.46,467.0,10.0,56.72,152.0,0.51,437.0,0.55,106.72,0.44,12.0,0.47,152.0
2026-01-06 17:30:07.813000+00:00,2026-01-06 17:30:08.298681+00:00,7.813,0.565,0.56,0.57,0.425,0.42,0.43,152.0,65.0,80.0,147.88,0.55,398.56,0.58,130.0,0.41,111.0,0.44,349.0
2026-01-06 17:30:08.282000+00:00,2026-01-06 17:30:08.751610+00:00,8.282,0.575,0.57,0.58,0.425,0.42,0.43,306.36,35.0,35.0,371.36,0.56,404.0,0.59,136.0,0.41,141.0,0.44,369.0
2026-01-06 17:30:08.796000+00:00,2026-01-06 17:30:09.300759+00:00,8.796,0.575,0.57,0.58,0.425,0.42,0.43,301.36,103.1,103.1,299.38,0.56,404.0,0.59,304.0,0.41,304.0,0.44,404.0
2026-01-06 17:30:09.199000+00:00,2026-01-06 17:30:09.744480+00:00,9.199,0.575,0.57,0.58,0.425,0.42,0.43,147.0,78.1,78.1,152.0,0.56,65.0,0.59,365.0,0.41,365.0,0.44,65.0
2026-01-06 17:30:09.682000+00:00,2026-01-06 17:30:10.318276+00:00,9.682,0.575,0.57,0.58,0.425,0.42,0.43,142.0,84.47,33.47,137.0,0.56,65.0,0.59,365.0,0.41,365.0,0.44,65.0
2026-01-06 17:30:10.253000+00:00,2026-01-06 17:30:10.752561+00:00,10.253,0.575,0.57,0.58,0.425,0.42,0.43,177.0,40.0,40.0,177.0,0.56,147.0,0.59,463.0,0.41,463.0,0.44,147.0
2026-01-06 17:30:10.807000+00:00,2026-01-06 17:30:11.324599+00:00,10.807,0.575,0.57,0.58,0.425,0.42,0.43,177.0,35.0,32.91,177.0,0.56,147.0,0.59,463.0,0.41,478.0,0.44,112.0
2026-01-06 17:30:11.284000+00:00,2026-01-06 17:30:11.763108+00:00,11.284,0.555,0.55,0.56,0.445,0.44,0.45,153.53,15.0,242.0,6.97,0.54,309.0,0.57,289.0,0.43,276.0,0.46,344.0
2026-01-06 17:30:11.893000+00:00,2026-01-06 17:30:12.324817+00:00,11.893,0.555,0.55,0.56,0.455,0.45,0.46,0.97,340.0,15.0,6.1,0.54,51.0,0.57,257.0,0.44,340.0,0.47,32.0
2026-01-06 17:30:12.273000+00:00,2026-01-06 17:30:12.769763+00:00,12.273,0.535,0.53,0.54,0.46499999999999997,0.46,0.47,50.0,85.0,75.0,50.0,0.52,349.0,0.55,153.0,0.45,148.0,0.48,349.0
2026-01-06 17:30:12.836000+00:00,2026-01-06 17:30:13.340854+00:00,12.836,0.545,0.54,0.55,0.455,0.45,0.46,344.0,40.0,40.0,344.0,0.53,399.0,0.56,349.0,0.44,344.0,0.47,399.0
2026-01-06 17:30:13.306000+00:00,2026-01-06 17:30:13.760694+00:00,13.306,0.555,0.55,0.56,0.445,0.44,0.45,82.0,172.0,176.0,82.0,0.54,488.0,0.57,144.0,0.43,154.0,0.46,523.0
2026-01-06 17:30:13.857000+00:00,2026-01-06 17:30:14.346279+00:00,13.857,0.555,0.55,0.56,0.445,0.44,0.45,124.0,281.0,294.0,95.0,0.54,470.0,0.57,336.0,0.43,299.0,0.46,475.0
2026-01-06 17:30:14.278000+00:00,2026-01-06 17:30:14.773428+00:00,14.278,0.555,0.55,0.56,0.445,0.44,0.45,65.0,304.0,167.71,65.0,0.54,511.0,0.57,329.0,0.43,207.0,0.46,511.0
2026-01-06 17:30:14.785000+00:00,2026-01-06 17:30:15.364337+00:00,14.785,0.55,0.54,0.56,0.45,0.44,0.46,481.0,177.71,177.71,481.0,0.53,470.0,0.57,280.0,0.43,208.0,0.47,434.0
2026-01-06 17:30:15.309000+00:00,2026-01-06 17:30:15.787500+00:00,15.309,0.545,0.54,0.55,0.455,0.45,0.46,362.0,72.0,97.0,364.0,0.53,526.0,0.56,141.0,0.44,224.0,0.47,491.0
2026-01-06 17:30:15.861000+00:00,2026-01-06 17:30:16.368111+00:00,15.861,0.545,0.54,0.55,0.455,0.45,0.46,314.0,105.96,105.96,254.0,0.53,383.0,0.56,188.0,0.44,188.0,0.47,383.0
2026-01-06 17:30:16.362000+00:00,2026-01-06 17:30:16.813683+00:00,16.362,0.545,0.54,0.55,0.455,0.45,0.46,254.0,104.96,425.96,71.0,0.53,318.0,0.56,321.0,0.44,314.0,0.47,197.0
2026-01-06 17:30:16.908000+00:00,2026-01-06 17:30:17.381689+00:00,16.908,0.535,0.53,0.54,0.46499999999999997,0.46,0.47,14.0,91.0,253.0,14.0,0.52,21.0,0.55,440.97,0.45,450.97,0.48,21.0
2026-01-06 17:30:17.288000+00:00,2026-01-06 17:30:17.827818+00:00,17.288,0.535,0.53,0.54,0.475,0.47,0.48,14.0,318.0,65.0,15.89,0.52,21.0,0.55,377.97,0.46,293.0,0.49,169.0
2026-01-06 17:30:17.866000+00:00,2026-01-06 17:30:18.385986+00:00,17.866,0.525,0.52,0.53,0.475,0.47,0.48,0.89,70.0,105.0,0.89,0.51,169.0,0.54,288.0,0.46,321.0,0.49,169.0
2026-01-06 17:30:18.339000+00:00,2026-01-06 17:30:18.826501+00:00,18.339,0.525,0.52,0.53,0.475,0.47,0.48,0.89,105.0,105.0,0.89,0.51,291.0,0.54,339.0,0.46,375.0,0.49,291.0
2026-01-06 17:30:18.918000+00:00,2026-01-06 17:30:19.398788+00:00,18.918,0.525,0.52,0.53,0.475,0.47,0.48,7.89,91.0,91.0,7.89,0.51,352.0,0.54,192.0,0.46,141.0,0.49,352.0
2026-01-06 17:30:19.337000+00:00,2026-01-06 17:30:19.849707+00:00,19.337,0.525,0.52,0.53,0.475,0.47,0.48,7.0,91.0,91.0,4.81,0.51,388.0,0.54,147.0,0.46,147.0,0.49,394.0
2026-01-06 17:30:19.961000+00:00,2026-01-06 17:30:20.412844+00:00,19.961,0.515,0.51,0.52,0.485,0.48,0.49,65.0,40.0,23.92,65.0,0.5,32.77,0.53,61.0,0.47,61.0,0.51,488.9
2026-01-06 17:30:20.382000+00:00,2026-01-06 17:30:20.862574+00:00,20.382,0.515,0.51,0.52,0.485,0.48,0.49,76.0,23.92,122.92,11.0,0.49,523.9,0.53,61.0,0.47,40.0,0.5,86.0
2026-01-06 17:30:20.954000+00:00,2026-01-06 17:30:21.429759+00:00,20.954,0.515,0.51,0.52,0.485,0.48,0.49,76.0,92.92,72.92,76.0,0.5,51.0,0.53,166.0,0.47,186.0,0.5,51.0
2026-01-06 17:30:21.398000+00:00,2026-01-06 17:30:21.890791+00:00,21.398,0.515,0.51,0.52,0.485,0.48,0.49,11.0,102.92,102.92,11.0,0.5,86.0,0.53,204.0,0.47,204.0,0.5,86.0
2026-01-06 17:30:21.958000+00:00,2026-01-06 17:30:22.431440+00:00,21.958,0.515,0.51,0.52,0.485,0.48,0.49,11.0,345.92,464.71,11.0,0.5,11.0,0.53,78.0,0.47,303.0,0.5,11.0
2026-01-06 17:30:22.430000+00:00,2026-01-06 17:30:22.917869+00:00,22.43,0.505,0.5,0.51,0.505,0.5,0.51,11.0,65.0,225.0,59.11,0.49,89.9,0.52,513.0,0.49,288.0,0.52,116.69
2026-01-06 17:30:22.951000+00:00,2026-01-06 17:30:23.436466+00:00,22.951,0.495,0.49,0.5,0.505,0.5,0.51,11.12,326.0,390.0,11.12,0.48,116.69,0.51,417.0,0.49,381.0,0.52,116.69
2026-01-06 17:30:23.426000+00:00,2026-01-06 17:30:23.929142+00:00,23.426,0.495,0.49,0.5,0.515,0.51,0.52,11.12,413.0,105.0,116.69,0.48,116.69,0.51,363.0,0.5,348.0,0.53,162.0
2026-01-06 17:30:23.982000+00:00,2026-01-06 17:30:24.452418+00:00,23.982,0.485,0.48,0.49,0.515,0.51,0.52,131.69,88.0,106.93,116.69,0.47,127.0,0.5,394.0,0.5,394.0,0.53,162.0
2026-01-06 17:30:24.442000+00:00,2026-01-06 17:30:24.930557+00:00,24.442,0.485,0.48,0.49,0.515,0.51,0.52,181.69,58.0,35.0,186.69,0.47,329.05,0.5,409.0,0.5,272.0,0.53,465.05
2026-01-06 17:30:24.991000+00:00,2026-01-06 17:30:25.467431+00:00,24.991,0.495,0.49,0.5,0.505,0.5,0.51,23.11,60.0,60.0,23.11,0.48,510.69,0.51,166.0,0.49,166.0,0.52,485.69
2026-01-06 17:30:25.466000+00:00,2026-01-06 17:30:25.940817+00:00,25.466,0.495,0.49,0.5,0.505,0.5,0.51,71.0,145.0,75.0,71.0,0.48,485.69,0.51,275.0,0.49,275.0,0.52,485.69
2026-01-06 17:30:25.999000+00:00,2026-01-06 17:30:26.470238+00:00,25.999,0.495,0.49,0.5,0.5,0.49,0.51,309.85,20.0,151.0,304.85,0.48,460.69,0.51,161.0,0.48,278.0,0.52,545.69
2026-01-06 17:30:26.460000+00:00,2026-01-06 17:30:26.942330+00:00,26.46,0.505,0.5,0.51,0.495,0.49,0.5,227.0,15.0,15.0,227.0,0.49,138.8,0.52,488.0,0.48,488.0,0.51,138.8
2026-01-06 17:30:26.965000+00:00,2026-01-06 17:30:27.485022+00:00,26.965,0.515,0.51,0.52,0.485,0.48,0.49,5.0,462.0,279.0,5.0,0.5,217.29,0.53,248.0,0.47,284.0,0.5,217.29
2026-01-06 17:30:27.468000+00:00,2026-01-06 17:30:27.948858+00:00,27.468,0.505,0.5,0.51,0.49,0.48,0.5,207.0,7.51,243.0,200.48,0.49,107.8,0.52,228.0,0.47,320.0,0.51,98.8
2026-01-06 17:30:28.020000+00:00,2026-01-06 17:30:28.481532+00:00,28.02,0.515,0.51,0.52,0.485,0.48,0.49,124.05,71.0,71.0,129.05,0.5,462.0,0.53,225.51,0.47,225.51,0.5,427.0
2026-01-06 17:30:28.478000+00:00,2026-01-06 17:30:28.958982+00:00,28.478,0.53,0.52,0.54,0.46499999999999997,0.46,0.47,30.0,32.29,32.29,48.0,0.51,340.05,0.55,310.51,0.45,328.51,0.48,65.0
2026-01-06 17:30:29.007000+00:00,2026-01-06 17:30:29.492179+00:00,29.007,0.535,0.53,0.54,0.46499999999999997,0.46,0.47,115.48,32.29,32.29,115.48,0.52,80.0,0.55,145.51,0.45,145.51,0.48,80.0
2026-01-06 17:30:29.466000+00:00,2026-01-06 17:30:29.950180+00:00,29.466,0.535,0.53,0.54,0.46499999999999997,0.46,0.47,114.48,32.29,32.29,114.48,0.52,80.0,0.55,145.51,0.45,338.51,0.48,80.0
2026-01-06 17:30:30.025000+00:00,2026-01-06 17:30:30.503138+00:00,30.025,0.535,0.53,0.54,0.46499999999999997,0.46,0.47,415.48,32.29,43.29,480.48,0.52,449.0,0.55,254.0,0.45,132.0,0.48,510.0
2026-01-06 17:30:30.476000+00:00,2026-01-06 17:30:30.959699+00:00,30.476,0.545,0.54,0.55,0.44,0.43,0.45,202.0,77.0,109.69,30.0,0.53,435.48,0.56,10.0,0.42,339.0,0.46,284.0
2026-01-06 17:30:31.038000+00:00,2026-01-06 17:30:31.515912+00:00,31.038,0.565,0.56,0.57,0.435,0.43,0.44,205.05,141.31,141.31,205.05,0.55,177.0,0.58,291.0,0.42,291.0,0.45,177.0
2026-01-06 17:30:31.483000+00:00,2026-01-06 17:30:31.951984+00:00,31.483,0.575,0.57,0.58,0.425,0.42,0.43,122.48,108.0,108.0,122.48,0.56,155.0,0.59,381.51,0.41,381.51,0.44,155.0
2026-01-06 17:30:32+00:00,2026-01-06 17:30:32.515503+00:00,32.0,0.575,0.57,0.58,0.425,0.42,0.43,133.08,108.0,117.0,133.08,0.56,252.0,0.59,226.51,0.41,246.51,0.44,252.0
2026-01-06 17:30:32.496000+00:00,2026-01-06 17:30:32.960602+00:00,32.496,0.585,0.58,0.59,0.415,0.41,0.42,133.5,48.51,48.51,147.55,0.57,93.08,0.6,310.0,0.4,255.0,0.43,88.08
2026-01-06 17:30:33.060000+00:00,2026-01-06 17:30:33.532958+00:00,33.06,0.585,0.58,0.59,0.415,0.41,0.42,145.16,48.51,48.51,145.16,0.57,88.08,0.6,255.0,0.4,255.0,0.43,88.08
2026-01-06 17:30:33.491000+00:00,2026-01-06 17:30:33.974542+00:00,33.491,0.585,0.58,0.59,0.415,0.41,0.42,145.16,48.51,43.51,145.16,0.57,119.08,0.6,255.0,0.4,255.0,0.43,119.08
2026-01-06 17:30:34.047000+00:00,2026-01-06 17:30:34.534151+00:00,34.047,0.585,0.58,0.59,0.415,0.41,0.42,150.16,97.51,5.0,183.16,0.57,119.08,0.6,273.0,0.4,360.0,0.43,93.6
2026-01-06 17:30:34.516000+00:00,2026-01-06 17:30:34.998009+00:00,34.516,0.585,0.58,0.59,0.415,0.41,0.42,587.16,5.0,5.0,548.16,0.57,318.6,0.6,100.0,0.4,100.0,0.43,388.6
2026-01-06 17:30:35.008000+00:00,2026-01-06 17:30:35.534403+00:00,35.008,0.605,0.6,0.61,0.395,0.39,0.4,217.67,25.0,25.0,256.49,0.59,177.0,0.63,95.0,0.37,95.0,0.41,231.0
2026-01-06 17:30:35.491000+00:00,2026-01-06 17:30:36.008500+00:00,35.491,0.625,0.62,0.63,0.375,0.37,0.38,102.36,153.0,128.0,102.36,0.61,118.48,0.64,448.5,0.36,448.5,0.39,118.48
2026-01-06 17:30:36.505000+00:00,2026-01-06 17:30:37.019953+00:00,36.505,0.63,0.62,0.64,0.365,0.36,0.37,86.33,453.51,435.51,49.18,0.61,114.0,0.65,542.0,0.35,542.0,0.38,41.53
2026-01-06 17:30:36.841000+00:00,2026-01-06 17:30:37.533380+00:00,36.841,0.635,0.63,0.64,0.365,0.36,0.37,49.18,435.51,435.51,59.8,0.62,41.53,0.65,560.0,0.35,557.0,0.38,41.53
2026-01-06 17:30:37.543000+00:00,2026-01-06 17:30:38.023935+00:00,37.543,0.63,0.62,0.64,0.365,0.36,0.37,54.53,445.51,460.51,14.5,0.61,186.0,0.65,577.0,0.35,632.0,0.38,36.53
2026-01-06 17:30:38.066000+00:00,2026-01-06 17:30:38.548545+00:00,38.066,0.63,0.62,0.64,0.375,0.37,0.38,31.53,561.0,5.0,31.53,0.61,122.0,0.65,557.0,0.36,561.0,0.39,127.0
2026-01-06 17:30:38.551000+00:00,2026-01-06 17:30:39.033891+00:00,38.551,0.625,0.62,0.63,0.375,0.37,0.38,16.53,492.0,492.0,16.53,0.61,45.0,0.64,545.0,0.36,633.0,0.39,45.0
2026-01-06 17:30:39.039000+00:00,2026-01-06 17:30:39.562520+00:00,39.039,0.605,0.6,0.61,0.395,0.39,0.4,70.0,90.47,153.42,85.0,0.59,127.0,0.62,190.99,0.38,190.99,0.41,127.0
2026-01-06 17:30:39.561000+00:00,2026-01-06 17:30:40.045785+00:00,39.561,0.605,0.6,0.61,0.395,0.39,0.4,157.0,232.42,232.42,157.0,0.59,96.0,0.62,183.0,0.38,183.0,0.41,96.0
2026-01-06 17:30:40.043000+00:00,2026-01-06 17:30:40.565072+00:00,40.043,0.605,0.6,0.61,0.395,0.39,0.4,157.0,77.42,77.42,162.0,0.59,96.0,0.62,198.0,0.38,198.0,0.41,91.0
2026-01-06 17:30:40.567000+00:00,2026-01-06 17:30:41.048820+00:00,40.567,0.605,0.6,0.61,0.405,0.4,0.41,35.0,79.92,137.0,20.0,0.59,81.0,0.62,352.0,0.39,215.92,0.42,30.0
2026-01-06 17:30:41.068000+00:00,2026-01-06 17:30:41.581467+00:00,41.068,0.595,0.59,0.6,0.405,0.4,0.41,45.0,325.0,325.0,45.0,0.58,65.0,0.61,395.92,0.39,395.92,0.42,65.0
2026-01-06 17:30:41.544000+00:00,2026-01-06 17:30:42.042050+00:00,41.544,0.595,0.59,0.6,0.405,0.4,0.41,30.0,325.0,325.0,30.0,0.58,70.0,0.61,385.92,0.39,385.92,0.42,70.0
2026-01-06 17:30:42.108000+00:00,2026-01-06 17:30:42.586991+00:00,42.108,0.595,0.59,0.6,0.405,0.4,0.41,30.0,319.47,319.47,30.0,0.58,70.53,0.61,485.92,0.39,555.92,0.42,70.53
2026-01-06 17:30:42.556000+00:00,2026-01-06 17:30:43.040995+00:00,42.556,0.585,0.58,0.59,0.415,0.41,0.42,70.53,5.0,5.0,70.53,0.57,195.6,0.6,384.47,0.4,452.47,0.43,195.6
2026-01-06 17:30:43.118000+00:00,2026-01-06 17:30:43.596155+00:00,43.118,0.585,0.58,0.59,0.415,0.41,0.42,35.53,239.0,238.0,35.53,0.57,153.6,0.6,569.0,0.4,605.0,0.43,166.6
2026-01-06 17:30:43.539000+00:00,2026-01-06 17:30:44.047640+00:00,43.539,0.585,0.58,0.59,0.415,0.41,0.42,105.53,178.0,56.0,105.53,0.57,347.6,0.6,589.0,0.4,285.0,0.43,347.6
2026-01-06 17:30:44.153000+00:00,2026-01-06 17:30:44.611071+00:00,44.153,0.585,0.58,0.59,0.415,0.41,0.42,55.53,189.22,209.22,55.53,0.57,357.38,0.6,163.0,0.4,178.0,0.43,331.78
2026-01-06 17:30:44.588000+00:00,2026-01-06 17:30:45.064119+00:00,44.588,0.585,0.58,0.59,0.415,0.41,0.42,50.53,494.22,494.22,50.53,0.57,282.78,0.6,313.0,0.4,444.0,0.43,94.78
2026-01-06 17:30:45.121000+00:00,2026-01-06 17:30:45.598194+00:00,45.121,0.5700000000000001,0.56,0.58,0.435,0.43,0.44,12.94,214.65,30.0,12.94,0.55,85.0,0.59,454.22,0.42,347.65,0.45,90.0
2026-01-06 17:30:45.600000+00:00,2026-01-06 17:30:46.085090+00:00,45.6,0.575,0.57,0.58,0.42,0.41,0.43,68.85,183.0,256.0,73.85,0.56,479.14,0.59,398.0,0.4,178.0,0.44,456.14
2026-01-06 17:30:46.144000+00:00,2026-01-06 17:30:46.597806+00:00,46.144,0.585,0.58,0.59,0.415,0.41,0.42,195.0,71.0,71.0,213.0,0.57,276.84,0.6,200.0,0.4,200.0,0.43,321.84
2026-01-06 17:30:46.556000+00:00,2026-01-06 17:30:47.081520+00:00,46.556,0.585,0.58,0.59,0.415,0.41,0.42,153.0,21.0,16.0,143.0,0.57,316.84,0.6,185.0,0.4,185.0,0.43,301.84
2026-01-06 17:30:47.088000+00:00,2026-01-06 17:30:47.619673+00:00,47.088,0.585,0.58,0.59,0.415,0.41,0.42,143.0,4.25,22.25,193.0,0.57,257.99,0.6,185.0,0.4,185.0,0.43,257.99
2026-01-06 17:30:47.606000+00:00,2026-01-06 17:30:48.093931+00:00,47.606,0.585,0.58,0.59,0.415,0.41,0.42,139.0,35.0,35.0,121.0,0.57,240.99,0.6,146.25,0.4,146.25,0.43,294.99
2026-01-06 17:30:48.106000+00:00,2026-01-06 17:30:48.627981+00:00,48.106,0.595,0.59,0.6,0.405,0.4,0.41,50.0,204.25,204.25,50.0,0.58,71.0,0.61,248.0,0.39,248.0,0.42,71.0
2026-01-06 17:30:48.602000+00:00,2026-01-06 17:30:49.097834+00:00,48.602,0.595,0.59,0.6,0.405,0.4,0.41,55.0,271.25,271.25,55.0,0.58,89.0,0.61,263.0,0.39,263.0,0.42,89.0
2026-01-06 17:30:49.160000+00:00,2026-01-06 17:30:49.629050+00:00,49.16,0.595,0.59,0.6,0.405,0.4,0.41,55.0,617.25,617.25,55.0,0.57,188.0,0.61,486.0,0.39,486.0,0.44,217.14
2026-01-06 17:30:49.635000+00:00,2026-01-06 17:30:50.112438+00:00,49.635,0.5700000000000001,0.56,0.58,0.43,0.42,0.44,49.14,371.0,442.0,49.14,0.55,340.0,0.59,432.0,0.41,432.0,0.45,340.0
2026-01-06 17:30:50.156000+00:00,2026-01-06 17:30:50.632066+00:00,50.156,0.565,0.56,0.57,0.435,0.43,0.44,120.14,18.0,18.0,125.14,0.55,284.0,0.58,457.0,0.42,457.0,0.45,284.0
2026-01-06 17:30:50.562000+00:00,2026-01-06 17:30:51.112601+00:00,50.562,0.565,0.56,0.57,0.435,0.43,0.44,125.14,18.0,18.0,159.99,0.55,284.0,0.58,557.0,0.42,557.0,0.45,284.0
2026-01-06 17:30:51.976000+00:00,2026-01-06 17:30:52.643523+00:00,51.976,0.565,0.56,0.57,0.435,0.43,0.44,128.92,18.0,18.0,128.92,0.55,362.0,0.58,407.0,0.42,407.0,0.45,362.0
2026-01-06 17:30:51.976000+00:00,2026-01-06 17:30:53.126166+00:00,51.976,0.565,0.56,0.57,0.435,0.43,0.44,128.92,18.0,18.0,128.92,0.55,362.0,0.58,407.0,0.42,407.0,0.45,353.0
2026-01-06 17:30:53.186000+00:00,2026-01-06 17:30:53.660207+00:00,53.186,0.565,0.56,0.57,0.435,0.43,0.44,34.85,508.0,350.0,34.85,0.55,188.0,0.58,364.0,0.42,364.0,0.45,183.0
2026-01-06 17:30:53.646000+00:00,2026-01-06 17:30:54.126278+00:00,53.646,0.545,0.54,0.55,0.45999999999999996,0.45,0.47,35.0,55.0,198.0,211.4,0.53,228.0,0.56,30.0,0.44,84.0,0.48,325.99
2026-01-06 17:30:54.191000+00:00,2026-01-06 17:30:54.679646+00:00,54.191,0.54,0.53,0.55,0.46499999999999997,0.46,0.47,161.4,289.74,50.0,146.4,0.52,360.99,0.56,127.0,0.45,220.0,0.48,346.0
2026-01-06 17:30:54.669000+00:00,2026-01-06 17:30:55.132784+00:00,54.669,0.535,0.53,0.54,0.46499999999999997,0.46,0.47,11.0,393.0,378.0,11.0,0.52,203.0,0.55,417.0,0.45,473.0,0.48,20.0
2026-01-06 17:30:55.129000+00:00,2026-01-06 17:30:55.687734+00:00,55.129,0.525,0.52,0.53,0.475,0.47,0.48,20.0,110.0,170.0,20.0,0.51,156.49,0.54,384.0,0.46,344.0,0.49,156.49
2026-01-06 17:30:55.662000+00:00,2026-01-06 17:30:56.135085+00:00,55.662,0.525,0.52,0.53,0.475,0.47,0.48,20.0,178.92,364.92,5.0,0.5,249.0,0.54,416.0,0.46,357.0,0.5,239.0
2026-01-06 17:30:56.211000+00:00,2026-01-06 17:30:56.697890+00:00,56.211,0.5,0.49,0.51,0.505,0.5,0.51,259.48,170.0,160.0,157.31,0.48,473.98,0.52,40.0,0.49,45.0,0.52,431.99
2026-01-06 17:30:56.685000+00:00,2026-01-06 17:30:57.147717+00:00,56.685,0.495,0.49,0.5,0.505,0.5,0.51,157.31,235.0,280.0,14.99,0.48,295.99,0.51,163.0,0.49,111.0,0.52,212.99
2026-01-06 17:30:57.235000+00:00,2026-01-06 17:30:57.711014+00:00,57.235,0.485,0.48,0.49,0.515,0.51,0.52,29.99,15.0,80.0,29.99,0.47,292.99,0.5,250.0,0.5,173.81,0.53,219.5
2026-01-06 17:30:57.645000+00:00,2026-01-06 17:30:58.164310+00:00,57.645,0.485,0.48,0.49,0.515,0.51,0.52,29.99,120.0,160.0,29.99,0.47,262.99,0.5,183.81,0.5,168.81,0.53,262.99
2026-01-06 17:30:58.211000+00:00,2026-01-06 17:30:58.721692+00:00,58.211,0.485,0.48,0.49,0.515,0.51,0.52,29.99,168.87,168.87,47.99,0.47,275.99,0.5,138.81,0.5,130.0,0.53,298.99
2026-01-06 17:30:58.685000+00:00,2026-01-06 17:30:59.167514+00:00,58.685,0.485,0.48,0.49,0.515,0.51,0.52,51.78,152.87,152.87,51.78,0.47,308.98,0.5,145.0,0.5,145.0,0.53,308.98
2026-01-06 17:30:59.249000+00:00,2026-01-06 17:30:59.745577+00:00,59.249,0.485,0.48,0.49,0.515,0.51,0.52,51.78,147.87,132.87,51.78,0.47,308.98,0.5,130.0,0.5,130.0,0.53,303.98
2026-01-06 17:30:59.649000+00:00,2026-01-06 17:31:00.181609+00:00,59.649,0.495,0.49,0.5,0.505,0.5,0.51,145.0,170.0,170.0,140.0,0.48,493.91,0.51,223.0,0.49,40.0,0.52,554.91
2026-01-06 17:31:00.265000+00:00,2026-01-06 17:31:00.760600+00:00,60.265,0.495,0.49,0.5,0.505,0.5,0.51,272.0,176.0,176.0,89.0,0.48,534.91,0.51,45.0,0.49,45.0,0.52,418.91
2026-01-06 17:31:00.681000+00:00,2026-01-06 17:31:01.178428+00:00,60.681,0.495,0.49,0.5,0.505,0.5,0.51,89.0,175.7,175.7,89.0,0.48,418.91,0.51,55.0,0.49,58.0,0.52,424.91
2026-01-06 17:31:01.270000+00:00,2026-01-06 17:31:01.759678+00:00,61.27,0.495,0.49,0.5,0.505,0.5,0.51,300.49,41.0,6.0,577.49,0.48,448.77,0.51,144.99,0.48,135.0,0.52,443.77
2026-01-06 17:31:01.726000+00:00,2026-01-06 17:31:02.197046+00:00,61.726,0.515,0.5,0.53,0.475,0.47,0.48,30.0,104.99,55.0,91.0,0.49,538.49,0.54,327.46,0.46,174.46,0.49,91.0
2026-01-06 17:31:02.304000+00:00,2026-01-06 17:31:02.775298+00:00,62.304,0.53,0.52,0.54,0.46499999999999997,0.46,0.47,338.79,139.51,15.0,256.0,0.51,465.99,0.55,170.0,0.45,337.99,0.48,358.79
2026-01-06 17:31:02.705000+00:00,2026-01-06 17:31:03.212949+00:00,62.705,0.535,0.53,0.54,0.46499999999999997,0.46,0.47,316.0,15.0,130.0,278.0,0.52,358.79,0.55,230.99,0.45,141.0,0.48,218.79
2026-01-06 17:31:03.260000+00:00,2026-01-06 17:31:03.776047+00:00,63.26,0.535,0.53,0.54,0.48,0.47,0.49,85.0,252.43,127.99,254.0,0.52,5.0,0.55,116.0,0.46,288.43,0.5,432.0
2026-01-06 17:31:03.749000+00:00,2026-01-06 17:31:04.218737+00:00,63.749,0.515,0.51,0.52,0.485,0.48,0.49,254.0,215.0,377.0,254.0,0.5,319.0,0.53,289.0,0.47,361.0,0.5,319.0
2026-01-06 17:31:04.293000+00:00,2026-01-06 17:31:04.774832+00:00,64.293,0.515,0.51,0.52,0.49,0.48,0.5,5.0,343.0,325.0,343.0,0.5,311.0,0.53,432.0,0.47,424.0,0.51,395.0
2026-01-06 17:31:04.772000+00:00,2026-01-06 17:31:05.240821+00:00,64.772,0.515,0.51,0.52,0.485,0.48,0.49,102.99,26.0,26.0,162.99,0.5,465.98,0.53,190.73,0.47,190.73,0.5,475.98
2026-01-06 17:31:05.317000+00:00,2026-01-06 17:31:05.791924+00:00,65.317,0.52,0.51,0.53,0.475,0.47,0.48,147.8,190.73,71.0,285.0,0.5,418.97,0.54,161.32,0.46,111.32,0.49,248.81
2026-01-06 17:31:05.750000+00:00,2026-01-06 17:31:06.244478+00:00,65.75,0.525,0.52,0.53,0.475,0.47,0.48,451.0,71.0,42.0,451.0,0.51,307.81,0.54,120.0,0.45,174.73,0.49,368.81
2026-01-06 17:31:06.300000+00:00,2026-01-06 17:31:06.790174+00:00,66.3,0.535,0.53,0.54,0.46499999999999997,0.46,0.47,5.0,90.0,90.0,5.0,0.52,455.0,0.55,181.69,0.45,199.69,0.48,455.0
2026-01-06 17:31:06.760000+00:00,2026-01-06 17:31:07.251891+00:00,66.76,0.525,0.52,0.53,0.475,0.47,0.48,96.0,232.73,232.73,96.0,0.51,193.0,0.54,45.0,0.46,45.0,0.49,193.0
2026-01-06 17:31:07.327000+00:00,2026-01-06 17:31:07.799187+00:00,67.327,0.515,0.51,0.52,0.48,0.47,0.49,212.0,162.0,34.73,315.0,0.5,555.44,0.53,120.0,0.46,155.0,0.5,539.96
2026-01-06 17:31:07.785000+00:00,2026-01-06 17:31:08.260193+00:00,67.785,0.515,0.51,0.52,0.485,0.48,0.49,192.0,114.73,106.71,177.0,0.5,486.97,0.53,117.0,0.47,153.0,0.5,471.97
2026-01-06 17:31:08.328000+00:00,2026-01-06 17:31:08.797911+00:00,68.328,0.51,0.5,0.52,0.49,0.48,0.5,123.97,148.71,148.71,123.97,0.49,338.0,0.53,148.0,0.47,148.0,0.51,338.0
2026-01-06 17:31:08.776000+00:00,2026-01-06 17:31:09.263827+00:00,68.776,0.505,0.5,0.51,0.495,0.49,0.5,18.0,120.0,125.0,18.0,0.49,388.0,0.52,64.51,0.48,64.51,0.51,388.0
2026-01-06 17:31:09.349000+00:00,2026-01-06 17:31:09.812257+00:00,69.349,0.51,0.5,0.52,0.485,0.48,0.49,242.0,45.26,15.53,102.0,0.49,389.0,0.53,84.99,0.47,154.99,0.5,272.0
2026-01-06 17:31:09.790000+00:00,2026-01-06 17:31:10.271574+00:00,69.79,0.515,0.51,0.52,0.48,0.47,0.49,120.0,15.53,154.99,175.0,0.5,308.0,0.53,154.99,0.46,364.0,0.5,267.99
2026-01-06 17:31:10.187000+00:00,2026-01-06 17:31:10.832635+00:00,70.187,0.52,0.51,0.53,0.48,0.47,0.49,175.0,154.99,149.7,175.0,0.5,262.99,0.54,364.0,0.46,364.0,0.5,262.99
2026-01-06 17:31:10.700000+00:00,2026-01-06 17:31:11.277922+00:00,70.7,0.52,0.51,0.53,0.475,0.47,0.48,175.0,149.7,99.7,35.0,0.5,267.99,0.54,364.0,0.46,354.0,0.49,368.0
2026-01-06 17:31:11.306000+00:00,2026-01-06 17:31:11.854415+00:00,71.306,0.525,0.52,0.53,0.475,0.47,0.48,40.0,99.7,99.7,40.0,0.51,434.0,0.54,153.0,0.46,153.0,0.49,459.0
2026-01-06 17:31:11.770000+00:00,2026-01-06 17:31:12.268525+00:00,71.77,0.525,0.52,0.53,0.475,0.47,0.48,45.0,171.7,171.7,45.0,0.51,349.0,0.54,566.0,0.46,601.0,0.49,349.0
2026-01-06 17:31:12.306000+00:00,2026-01-06 17:31:12.873664+00:00,72.306,0.52,0.51,0.53,0.48,0.47,0.49,357.0,125.26,125.26,357.0,0.5,506.0,0.54,630.0,0.46,615.0,0.5,520.99
2026-01-06 17:31:12.866000+00:00,2026-01-06 17:31:13.274829+00:00,72.866,0.525,0.52,0.53,0.475,0.47,0.48,20.0,131.26,131.26,20.0,0.51,381.0,0.54,686.0,0.46,701.0,0.49,381.0
2026-01-06 17:31:13.372000+00:00,2026-01-06 17:31:13.886281+00:00,73.372,0.525,0.52,0.53,0.475,0.47,0.48,20.0,131.26,131.26,20.0,0.51,381.0,0.54,823.0,0.46,823.0,0.49,381.0
2026-01-06 17:31:13.703000+00:00,2026-01-06 17:31:14.282481+00:00,73.703,0.525,0.52,0.53,0.475,0.47,0.48,20.0,131.26,136.26,20.0,0.51,198.0,0.54,884.0,0.46,884.0,0.49,100.0
2026-01-06 17:31:14.404000+00:00,2026-01-06 17:31:14.894902+00:00,74.404,0.515,0.51,0.52,0.485,0.48,0.49,34.0,30.0,150.24,34.0,0.5,383.91,0.53,91.07,0.47,21.0,0.5,383.91
2026-01-06 17:31:14.837000+00:00,2026-01-06 17:31:15.300094+00:00,74.837,0.515,0.51,0.52,0.485,0.48,0.49,71.0,150.24,150.24,71.0,0.5,412.91,0.53,21.0,0.47,21.0,0.5,412.91
2026-01-06 17:31:15.311000+00:00,2026-01-06 17:31:15.904394+00:00,75.311,0.515,0.51,0.52,0.485,0.48,0.49,66.0,150.24,150.24,71.0,0.5,412.91,0.53,16.0,0.47,16.0,0.5,407.91
2026-01-06 17:31:15.819000+00:00,2026-01-06 17:31:16.313395+00:00,75.819,0.515,0.51,0.52,0.48,0.47,0.49,71.0,150.24,96.0,71.0,0.5,407.91,0.53,16.0,0.46,841.0,0.5,372.9
2026-01-06 17:31:16.341000+00:00,2026-01-06 17:31:16.910327+00:00,76.341,0.525,0.52,0.53,0.475,0.47,0.48,132.0,166.0,166.0,193.0,0.51,400.0,0.54,615.0,0.46,615.0,0.49,400.0
2026-01-06 17:31:16.833000+00:00,2026-01-06 17:31:17.326077+00:00,76.833,0.525,0.52,0.53,0.475,0.47,0.48,193.0,281.0,281.0,193.0,0.51,322.0,0.54,558.0,0.46,558.0,0.49,280.0
2026-01-06 17:31:17.373000+00:00,2026-01-06 17:31:17.912878+00:00,77.373,0.525,0.52,0.53,0.485,0.48,0.49,143.0,256.0,70.0,280.0,0.51,365.0,0.54,558.0,0.47,226.0,0.5,529.91
2026-01-06 17:31:17.854000+00:00,2026-01-06 17:31:18.327141+00:00,77.854,0.515,0.51,0.52,0.485,0.48,0.49,280.0,70.0,415.0,280.0,0.5,529.91,0.53,231.0,0.47,269.0,0.5,339.91
2026-01-06 17:31:18.439000+00:00,2026-01-06 17:31:18.926356+00:00,78.439,0.505,0.5,0.51,0.495,0.49,0.5,125.91,45.0,80.0,95.91,0.49,318.0,0.52,206.0,0.48,151.0,0.51,336.0
2026-01-06 17:31:18.645000+00:00,2026-01-06 17:31:19.348569+00:00,78.645,0.505,0.5,0.51,0.495,0.49,0.5,105.91,85.0,72.05,105.91,0.49,341.0,0.52,190.73,0.48,190.73,0.51,341.0
2026-01-06 17:31:19.456000+00:00,2026-01-06 17:31:19.948987+00:00,79.456,0.505,0.5,0.51,0.495,0.49,0.5,25.91,373.05,296.05,30.91,0.49,183.0,0.52,683.0,0.48,565.0,0.51,189.0
2026-01-06 17:31:19.872000+00:00,2026-01-06 17:31:20.344531+00:00,79.872,0.495,0.49,0.5,0.515,0.51,0.52,6.0,15.0,30.0,89.78,0.48,104.78,0.51,466.05,0.5,65.0,0.53,485.67
2026-01-06 17:31:20.491000+00:00,2026-01-06 17:31:20.963556+00:00,80.491,0.485,0.48,0.49,0.515,0.51,0.52,48.51,376.0,442.0,48.51,0.47,83.67,0.5,611.0,0.5,303.0,0.53,83.67
2026-01-06 17:31:20.871000+00:00,2026-01-06 17:31:21.362729+00:00,80.871,0.475,0.47,0.48,0.545,0.54,0.55,83.67,270.69,60.51,41.0,0.46,15.0,0.49,412.0,0.53,110.67,0.56,506.0
2026-01-06 17:31:21.501000+00:00,2026-01-06 17:31:21.976571+00:00,81.501,0.455,0.45,0.46,0.545,0.54,0.55,122.0,114.71,114.71,122.0,0.44,580.83,0.47,110.67,0.53,110.67,0.56,598.83
2026-01-06 17:31:21.892000+00:00,2026-01-06 17:31:22.370451+00:00,81.892,0.455,0.45,0.46,0.545,0.54,0.55,183.0,81.23,81.23,183.0,0.44,603.83,0.47,115.67,0.53,115.67,0.56,621.83
2026-01-06 17:31:22.358000+00:00,2026-01-06 17:31:22.991377+00:00,82.358,0.455,0.45,0.46,0.545,0.54,0.55,183.0,81.83,81.83,183.0,0.44,639.83,0.47,115.67,0.53,115.67,0.56,639.83
2026-01-06 17:31:22.875000+00:00,2026-01-06 17:31:23.375950+00:00,82.875,0.455,0.45,0.46,0.545,0.54,0.55,183.0,106.83,106.83,183.0,0.44,639.83,0.47,115.67,0.53,115.67,0.56,639.83
2026-01-06 17:31:23.502000+00:00,2026-01-06 17:31:24.010444+00:00,83.502,0.45,0.44,0.46,0.55,0.54,0.56,639.83,116.83,121.83,639.83,0.43,878.0,0.47,105.67,0.53,100.67,0.57,878.0
2026-01-06 17:31:23.918000+00:00,2026-01-06 17:31:24.375387+00:00,83.918,0.45,0.44,0.46,0.55,0.54,0.56,639.83,106.68,111.23,647.88,0.43,878.0,0.47,100.67,0.53,85.67,0.57,892.99
2026-01-06 17:31:24.532000+00:00,2026-01-06 17:31:25.027730+00:00,84.532,0.455,0.45,0.46,0.545,0.54,0.55,495.01,15.0,15.0,556.01,0.44,918.99,0.47,50.67,0.53,50.67,0.56,918.99
2026-01-06 17:31:24.897000+00:00,2026-01-06 17:31:25.376149+00:00,84.897,0.46499999999999997,0.46,0.47,0.525,0.52,0.53,297.0,89.67,105.0,22.33,0.45,551.01,0.48,65.0,0.51,522.0,0.54,279.0
2026-01-06 17:31:25.527000+00:00,2026-01-06 17:31:26.025362+00:00,85.527,0.475,0.47,0.48,0.525,0.52,0.53,83.33,146.0,146.0,61.0,0.46,310.0,0.49,609.0,0.51,609.0,0.54,90.0
2026-01-06 17:31:25.875000+00:00,2026-01-06 17:31:26.374463+00:00,85.875,0.46499999999999997,0.46,0.47,0.535,0.53,0.54,85.0,48.07,53.07,85.0,0.45,613.06,0.48,121.0,0.52,121.0,0.55,613.06
2026-01-06 17:31:26.572000+00:00,2026-01-06 17:31:27.048543+00:00,86.572,0.46499999999999997,0.46,0.47,0.535,0.53,0.54,6.0,53.07,48.07,21.0,0.45,628.06,0.48,121.0,0.52,121.0,0.55,613.06
2026-01-06 17:31:26.906000+00:00,2026-01-06 17:31:27.379952+00:00,86.906,0.475,0.47,0.48,0.525,0.52,0.53,379.0,25.0,70.0,334.0,0.46,456.0,0.49,48.07,0.51,65.0,0.54,476.0
2026-01-06 17:31:27.562000+00:00,2026-01-06 17:31:28.044567+00:00,87.562,0.475,0.47,0.48,0.525,0.52,0.53,375.0,48.07,53.07,375.0,0.46,572.0,0.49,65.0,0.51,65.0,0.54,572.0
2026-01-06 17:31:27.840000+00:00,2026-01-06 17:31:28.371326+00:00,87.84,0.475,0.47,0.48,0.525,0.52,0.53,375.0,53.07,380.07,375.0,0.46,554.0,0.49,151.0,0.51,256.0,0.54,315.0
2026-01-06 17:31:28.561000+00:00,2026-01-06 17:31:29.043602+00:00,88.561,0.475,0.47,0.48,0.525,0.52,0.53,250.14,110.82,134.82,250.14,0.46,554.0,0.49,302.0,0.51,302.0,0.54,554.0
2026-01-06 17:31:28.902000+00:00,2026-01-06 17:31:29.378388+00:00,88.902,0.475,0.47,0.48,0.525,0.52,0.53,250.14,195.82,170.82,250.14,0.46,350.0,0.49,284.0,0.51,302.0,0.54,500.0
2026-01-06 17:31:29.592000+00:00,2026-01-06 17:31:30.061700+00:00,89.592,0.475,0.47,0.48,0.525,0.52,0.53,198.14,165.82,165.82,198.14,0.46,350.0,0.49,325.0,0.51,325.0,0.54,350.0
2026-01-06 17:31:29.863000+00:00,2026-01-06 17:31:30.379563+00:00,89.863,0.475,0.47,0.48,0.525,0.52,0.53,198.14,170.82,170.82,183.0,0.46,368.0,0.49,302.0,0.51,302.0,0.54,383.0
2026-01-06 17:31:30.672000+00:00,2026-01-06 17:31:31.080892+00:00,90.672,0.475,0.47,0.48,0.525,0.52,0.53,168.73,134.82,110.82,163.44,0.46,345.0,0.49,302.0,0.51,302.0,0.54,345.0
2026-01-06 17:31:30.907000+00:00,2026-01-06 17:31:31.396904+00:00,90.907,0.475,0.47,0.48,0.525,0.52,0.53,127.44,110.82,110.82,127.44,0.46,345.0,0.49,302.0,0.51,231.0,0.54,360.0
2026-01-06 17:31:31.609000+00:00,2026-01-06 17:31:32.097010+00:00,91.609,0.475,0.47,0.48,0.525,0.52,0.53,145.44,34.82,19.82,279.03,0.46,547.0,0.49,122.0,0.51,192.0,0.54,476.0
2026-01-06 17:31:31.884000+00:00,2026-01-06 17:31:32.412912+00:00,91.884,0.475,0.47,0.48,0.525,0.52,0.53,335.03,9.4,9.4,300.03,0.46,476.0,0.49,192.0,0.51,150.0,0.54,451.98
2026-01-06 17:31:32.651000+00:00,2026-01-06 17:31:33.103292+00:00,92.651,0.52,0.51,0.53,0.475,0.47,0.48,50.0,227.0,24.5,160.0,0.5,362.0,0.54,698.0,0.46,690.0,0.49,82.99
2026-01-06 17:31:32.959000+00:00,2026-01-06 17:31:33.429988+00:00,92.959,0.535,0.53,0.54,0.46499999999999997,0.46,0.47,30.0,484.0,484.0,30.0,0.52,500.0,0.55,223.0,0.45,223.0,0.48,504.98
2026-01-06 17:31:33.622000+00:00,2026-01-06 17:31:34.108693+00:00,93.622,0.555,0.55,0.56,0.445,0.44,0.45,30.0,35.0,35.0,30.0,0.54,135.96,0.57,359.0,0.43,359.0,0.46,155.96
2026-01-06 17:31:33.956000+00:00,2026-01-06 17:31:34.432626+00:00,93.956,0.555,0.55,0.56,0.44,0.43,0.45,150.0,40.0,449.0,150.0,0.54,126.0,0.57,595.0,0.42,478.0,0.46,169.0
2026-01-06 17:31:34.648000+00:00,2026-01-06 17:31:35.126306+00:00,94.648,0.565,0.56,0.57,0.435,0.43,0.44,173.09,444.0,686.0,25.0,0.55,45.0,0.58,436.51,0.42,551.51,0.45,164.98
2026-01-06 17:31:34.964000+00:00,2026-01-06 17:31:35.444225+00:00,94.964,0.5549999999999999,0.54,0.57,0.455,0.45,0.46,395.0,701.0,188.0,132.0,0.53,556.98,0.58,581.51,0.44,284.0,0.47,438.96
2026-01-06 17:31:35.651000+00:00,2026-01-06 17:31:36.134408+00:00,95.651,0.535,0.53,0.54,0.46499999999999997,0.46,0.47,255.96,124.18,142.18,255.96,0.52,594.98,0.55,295.0,0.45,277.0,0.48,594.98
2026-01-06 17:31:35.863000+00:00,2026-01-06 17:31:36.452540+00:00,95.863,0.535,0.53,0.54,0.46499999999999997,0.46,0.47,255.96,203.18,126.99,255.96,0.52,594.98,0.55,277.0,0.45,277.0,0.48,523.98
2026-01-06 17:31:36.652000+00:00,2026-01-06 17:31:37.145488+00:00,96.652,0.535,0.53,0.54,0.46499999999999997,0.46,0.47,255.96,81.0,81.0,255.96,0.52,541.98,0.55,116.0,0.45,101.0,0.48,595.98
2026-01-06 17:31:36.952000+00:00,2026-01-06 17:31:37.464817+00:00,96.952,0.535,0.53,0.54,0.46499999999999997,0.46,0.47,255.96,81.0,81.0,184.96,0.52,590.98,0.55,101.0,0.45,101.0,0.48,628.98
2026-01-06 17:31:37.687000+00:00,2026-01-06 17:31:38.156887+00:00,97.687,0.535,0.53,0.54,0.46499999999999997,0.46,0.47,184.96,36.0,33.9,184.96,0.52,633.98,0.55,51.0,0.45,51.0,0.48,633.98
2026-01-06 17:31:38.001000+00:00,2026-01-06 17:31:38.481043+00:00,98.001,0.535,0.53,0.54,0.46499999999999997,0.46,0.47,184.96,10.0,10.0,184.96,0.52,633.98,0.55,51.0,0.45,51.0,0.48,633.98
2026-01-06 17:31:38.689000+00:00,2026-01-06 17:31:39.169592+00:00,98.689,0.535,0.53,0.54,0.46499999999999997,0.46,0.47,184.96,10.0,10.0,184.96,0.52,633.98,0.55,136.0,0.45,136.0,0.48,633.98
2026-01-06 17:31:39.009000+00:00,2026-01-06 17:31:39.490242+00:00,99.009,0.535,0.53,0.54,0.46499999999999997,0.46,0.47,179.96,10.0,15.0,179.96,0.52,184.98,0.55,136.0,0.45,136.0,0.48,190.98
2026-01-06 17:31:39.652000+00:00,2026-01-06 17:31:40.193906+00:00,99.652,0.535,0.53,0.54,0.46499999999999997,0.46,0.47,179.96,4.54,4.54,179.96,0.52,312.98,0.55,159.51,0.45,159.51,0.48,373.98
2026-01-06 17:31:40.024000+00:00,2026-01-06 17:31:40.503459+00:00,100.024,0.525,0.52,0.53,0.475,0.47,0.48,292.0,80.0,199.51,189.0,0.51,282.8,0.54,219.54,0.46,209.54,0.49,227.8
2026-01-06 17:31:40.738000+00:00,2026-01-06 17:31:41.216043+00:00,100.738,0.51,0.5,0.52,0.49,0.48,0.5,184.96,154.0,154.0,184.96,0.49,301.0,0.53,139.0,0.47,134.0,0.51,301.0
2026-01-06 17:31:41.028000+00:00,2026-01-06 17:31:41.516785+00:00,101.028,0.51,0.5,0.52,0.49,0.48,0.5,178.97,225.01,225.01,178.97,0.49,265.0,0.53,256.0,0.47,256.0,0.51,265.0
2026-01-06 17:31:41.705000+00:00,2026-01-06 17:31:42.214032+00:00,101.705,0.5,0.49,0.51,0.5,0.49,0.51,150.0,108.0,108.0,150.0,0.48,353.0,0.52,414.01,0.48,439.01,0.52,104.0
2026-01-06 17:31:42.045000+00:00,2026-01-06 17:31:42.518512+00:00,102.045,0.495,0.49,0.5,0.52,0.51,0.53,45.0,159.0,18.0,220.03,0.48,5.0,0.51,647.0,0.5,175.51,0.54,886.0
2026-01-06 17:31:42.738000+00:00,2026-01-06 17:31:43.222643+00:00,102.738,0.47,0.46,0.48,0.53,0.52,0.54,323.99,98.99,62.99,323.99,0.45,329.0,0.49,116.0,0.51,116.0,0.55,383.0
2026-01-06 17:31:43.060000+00:00,2026-01-06 17:31:43.528814+00:00,103.06,0.47,0.46,0.48,0.53,0.52,0.54,323.99,3.0,48.0,323.99,0.45,401.0,0.49,134.0,0.51,134.0,0.55,401.0
2026-01-06 17:31:43.743000+00:00,2026-01-06 17:31:44.238925+00:00,103.743,0.47,0.46,0.48,0.53,0.52,0.54,273.99,113.0,113.0,273.99,0.45,431.0,0.49,292.0,0.51,302.0,0.55,431.0
2026-01-06 17:31:44.075000+00:00,2026-01-06 17:31:44.541596+00:00,104.075,0.47,0.46,0.48,0.53,0.52,0.54,349.99,83.0,83.0,349.99,0.45,462.0,0.49,363.0,0.51,363.0,0.55,480.0
2026-01-06 17:31:44.690000+00:00,2026-01-06 17:31:45.245412+00:00,104.69,0.475,0.47,0.48,0.525,0.52,0.53,5.0,83.0,113.0,5.0,0.46,398.99,0.49,223.0,0.51,294.0,0.54,254.0
2026-01-06 17:31:45.003000+00:00,2026-01-06 17:31:45.562221+00:00,105.003,0.475,0.47,0.48,0.525,0.52,0.53,5.0,106.7,81.7,5.0,0.46,254.0,0.49,294.0,0.51,294.0,0.54,125.0
2026-01-06 17:31:45.720000+00:00,2026-01-06 17:31:46.259108+00:00,105.72,0.46499999999999997,0.46,0.47,0.535,0.53,0.54,71.0,156.0,136.0,71.0,0.45,41.0,0.48,298.7,0.52,288.7,0.55,91.0
2026-01-06 17:31:46.067000+00:00,2026-01-06 17:31:46.577119+00:00,106.067,0.46499999999999997,0.46,0.47,0.535,0.53,0.54,71.0,136.0,136.0,76.0,0.45,36.0,0.48,288.7,0.52,288.7,0.55,36.0
2026-01-06 17:31:46.784000+00:00,2026-01-06 17:31:47.275273+00:00,106.784,0.46499999999999997,0.46,0.47,0.535,0.53,0.54,76.0,136.0,136.0,76.0,0.45,41.0,0.48,293.7,0.52,293.7,0.55,41.0
2026-01-06 17:31:47+00:00,2026-01-06 17:31:47.575473+00:00,107.0,0.46499999999999997,0.46,0.47,0.535,0.53,0.54,5.0,136.0,136.0,5.0,0.45,41.0,0.48,293.7,0.52,293.7,0.55,41.0
2026-01-06 17:31:47.637000+00:00,2026-01-06 17:31:48.275701+00:00,107.637,0.46499999999999997,0.46,0.47,0.535,0.53,0.54,5.0,129.61,129.61,5.0,0.45,59.0,0.48,293.7,0.52,293.7,0.55,59.0
2026-01-06 17:31:48.015000+00:00,2026-01-06 17:31:48.575894+00:00,108.015,0.46499999999999997,0.46,0.47,0.535,0.53,0.54,5.0,127.44,111.9,5.0,0.45,59.0,0.48,293.7,0.52,293.7,0.55,59.0
2026-01-06 17:31:48.696000+00:00,2026-01-06 17:31:49.277378+00:00,108.696,0.46499999999999997,0.46,0.47,0.535,0.53,0.54,5.0,111.9,111.9,5.0,0.45,59.0,0.48,293.7,0.52,293.7,0.55,59.0
2026-01-06 17:31:49+00:00,2026-01-06 17:31:49.591825+00:00,109.0,0.46499999999999997,0.46,0.47,0.535,0.53,0.54,5.0,40.9,40.9,5.0,0.45,59.0,0.48,293.7,0.52,293.7,0.55,59.0
2026-01-06 17:31:49.699000+00:00,2026-01-06 17:31:50.284558+00:00,109.699,0.46499999999999997,0.46,0.47,0.535,0.53,0.54,5.0,40.9,40.9,5.0,0.45,289.88,0.48,293.7,0.52,293.7,0.55,139.88
2026-01-06 17:31:50.119000+00:00,2026-01-06 17:31:50.595835+00:00,110.119,0.46499999999999997,0.46,0.47,0.535,0.53,0.54,5.0,40.9,35.9,5.0,0.45,254.88,0.48,293.7,0.52,293.7,0.55,289.88
2026-01-06 17:31:50.812000+00:00,2026-01-06 17:31:51.293053+00:00,110.812,0.46499999999999997,0.46,0.47,0.535,0.53,0.54,25.0,35.9,30.9,25.0,0.45,217.88,0.48,239.7,0.52,239.7,0.55,289.88
2026-01-06 17:31:51.132000+00:00,2026-01-06 17:31:51.606886+00:00,111.132,0.46499999999999997,0.46,0.47,0.535,0.53,0.54,25.0,30.9,30.9,25.0,0.45,289.88,0.48,239.7,0.52,275.7,0.55,289.88
2026-01-06 17:31:51.813000+00:00,2026-01-06 17:31:52.298940+00:00,111.813,0.47,0.46,0.48,0.53,0.52,0.54,20.0,318.7,318.7,20.0,0.45,193.0,0.49,685.88,0.51,685.88,0.55,153.0
2026-01-06 17:31:52.117000+00:00,2026-01-06 17:31:52.611928+00:00,112.117,0.46499999999999997,0.46,0.47,0.535,0.53,0.54,20.0,127.0,127.0,20.0,0.45,148.0,0.48,318.7,0.52,318.7,0.55,148.0
2026-01-06 17:31:52.824000+00:00,2026-01-06 17:31:53.306779+00:00,112.824,0.455,0.45,0.46,0.545,0.54,0.55,5.0,65.0,65.0,5.0,0.44,244.98,0.47,211.0,0.53,211.0,0.56,244.98
2026-01-06 17:31:53.152000+00:00,2026-01-06 17:31:53.628890+00:00,113.152,0.455,0.45,0.46,0.545,0.54,0.55,5.0,60.0,60.0,10.0,0.44,244.98,0.47,211.0,0.53,211.0,0.56,239.98
2026-01-06 17:31:53.854000+00:00,2026-01-06 17:31:54.318158+00:00,113.854,0.455,0.45,0.46,0.545,0.54,0.55,10.0,60.0,212.0,80.0,0.44,239.98,0.47,211.0,0.53,193.0,0.56,5.0
2026-01-06 17:31:54.160000+00:00,2026-01-06 17:31:54.645375+00:00,114.16,0.455,0.45,0.46,0.545,0.54,0.55,5.0,223.0,223.0,5.0,0.43,146.0,0.47,799.0,0.53,869.0,0.57,146.0
2026-01-06 17:31:54.837000+00:00,2026-01-06 17:31:55.327603+00:00,114.837,0.44,0.43,0.45,0.555,0.55,0.56,294.0,258.0,319.0,18.0,0.42,162.0,0.46,259.0,0.54,218.0,0.57,348.0
2026-01-06 17:31:55.138000+00:00,2026-01-06 17:31:55.656072+00:00,115.138,0.445,0.44,0.45,0.555,0.55,0.56,208.99,254.0,254.0,213.99,0.43,566.0,0.46,243.0,0.54,243.0,0.57,566.0
2026-01-06 17:31:55.836000+00:00,2026-01-06 17:31:56.337040+00:00,115.836,0.445,0.44,0.45,0.555,0.55,0.56,266.0,92.11,62.11,509.99,0.43,797.99,0.46,131.0,0.54,131.0,0.57,671.99
2026-01-06 17:31:56.189000+00:00,2026-01-06 17:31:56.680706+00:00,116.189,0.445,0.44,0.45,0.555,0.55,0.56,533.99,62.11,62.11,658.99,0.43,302.0,0.46,131.0,0.54,71.0,0.57,493.99
2026-01-06 17:31:56.845000+00:00,2026-01-06 17:31:57.335126+00:00,116.845,0.455,0.45,0.46,0.545,0.54,0.55,243.99,71.0,71.0,261.99,0.44,691.97,0.47,40.0,0.53,40.0,0.56,663.99
2026-01-06 17:31:57.143000+00:00,2026-01-06 17:31:57.691589+00:00,117.143,0.455,0.45,0.46,0.545,0.54,0.55,393.99,71.0,71.0,503.99,0.44,663.99,0.47,40.0,0.53,40.0,0.56,559.0
2026-01-06 17:31:57.841000+00:00,2026-01-06 17:31:58.337350+00:00,117.841,0.455,0.45,0.46,0.545,0.54,0.55,503.99,71.0,71.0,503.99,0.44,552.0,0.47,40.0,0.53,40.0,0.56,552.0
2026-01-06 17:31:58.124000+00:00,2026-01-06 17:31:58.697783+00:00,118.124,0.455,0.45,0.46,0.545,0.54,0.55,503.99,71.0,71.0,485.99,0.44,552.0,0.47,40.0,0.53,40.0,0.56,552.0
2026-01-06 17:31:58.846000+00:00,2026-01-06 17:31:59.342325+00:00,118.846,0.455,0.45,0.46,0.54,0.53,0.55,449.99,71.0,40.0,444.99,0.44,588.0,0.47,40.0,0.52,213.7,0.56,517.0
2026-01-06 17:31:59.186000+00:00,2026-01-06 17:31:59.699919+00:00,119.186,0.46499999999999997,0.46,0.47,0.535,0.53,0.54,15.61,40.0,40.0,15.61,0.45,469.99,0.48,284.7,0.52,284.7,0.55,469.99
2026-01-06 17:31:59.776000+00:00,2026-01-06 17:32:00.336942+00:00,119.776,0.45999999999999996,0.45,0.47,0.54,0.53,0.55,301.99,45.0,45.0,301.99,0.44,396.0,0.48,269.7,0.52,269.7,0.56,396.0
2026-01-06 17:32:00.001000+00:00,2026-01-06 17:32:00.712962+00:00,120.001,0.45999999999999996,0.45,0.47,0.54,0.53,0.55,230.99,45.0,45.0,228.99,0.44,325.0,0.48,269.7,0.52,251.7,0.56,309.0
2026-01-06 17:32:00.848000+00:00,2026-01-06 17:32:01.337761+00:00,120.848,0.455,0.45,0.46,0.545,0.54,0.55,25.0,75.0,70.0,7.12,0.44,43.0,0.47,411.0,0.53,411.0,0.56,43.0
2026-01-06 17:32:01.256000+00:00,2026-01-06 17:32:01.727600+00:00,121.256,0.445,0.44,0.45,0.555,0.55,0.56,468.99,5.0,5.0,503.99,0.43,871.98,0.46,5.0,0.54,5.0,0.57,831.98
2026-01-06 17:32:01.879000+00:00,2026-01-06 17:32:02.343117+00:00,121.879,0.45999999999999996,0.45,0.47,0.535,0.53,0.54,244.0,186.0,111.0,76.0,0.44,448.0,0.48,898.7,0.52,828.7,0.55,379.0
2026-01-06 17:32:02.212000+00:00,2026-01-06 17:32:02.744915+00:00,122.212,0.46499999999999997,0.46,0.47,0.535,0.53,0.54,29.33,106.0,106.0,29.33,0.45,440.0,0.48,645.7,0.52,645.7,0.55,440.0
2026-01-06 17:32:02.832000+00:00,2026-01-06 17:32:03.346513+00:00,122.832,0.46499999999999997,0.46,0.47,0.535,0.53,0.54,24.33,178.0,178.0,24.33,0.45,218.0,0.48,731.7,0.52,678.7,0.55,218.0
2026-01-06 17:32:03.253000+00:00,2026-01-06 17:32:03.750616+00:00,123.253,0.46499999999999997,0.46,0.47,0.535,0.53,0.54,16.44,394.0,399.0,16.44,0.45,35.0,0.48,791.7,0.52,791.7,0.55,30.0
2026-01-06 17:32:03.878000+00:00,2026-01-06 17:32:04.363846+00:00,123.878,0.455,0.45,0.46,0.545,0.54,0.55,30.0,118.82,179.82,30.0,0.44,91.0,0.47,536.0,0.53,510.0,0.56,91.0
2026-01-06 17:32:04.252000+00:00,2026-01-06 17:32:04.756889+00:00,124.252,0.435,0.43,0.44,0.565,0.56,0.57,119.98,102.43,137.43,48.98,0.41,229.99,0.45,247.0,0.55,275.0,0.59,229.99
2026-01-06 17:32:04.843000+00:00,2026-01-06 17:32:05.361781+00:00,124.843,0.435,0.43,0.44,0.565,0.56,0.57,20.0,205.66,205.66,20.0,0.42,77.0,0.45,282.0,0.55,282.0,0.58,77.0
2026-01-06 17:32:05.244000+00:00,2026-01-06 17:32:05.772832+00:00,125.244,0.435,0.43,0.44,0.565,0.56,0.57,20.0,205.66,205.66,20.0,0.42,77.0,0.45,300.0,0.55,300.0,0.58,77.0
2026-01-06 17:32:05.881000+00:00,2026-01-06 17:32:06.357935+00:00,125.881,0.435,0.43,0.44,0.565,0.56,0.57,95.0,140.66,129.29,402.99,0.42,246.97,0.45,254.0,0.55,239.0,0.58,347.98
2026-01-06 17:32:06.306000+00:00,2026-01-06 17:32:06.776182+00:00,126.306,0.435,0.43,0.44,0.555,0.55,0.56,1046.99,7.23,41.0,164.0,0.42,463.98,0.45,41.0,0.53,101.0,0.57,923.99
2026-01-06 17:32:06.887000+00:00,2026-01-06 17:32:07.361674+00:00,126.887,0.46499999999999997,0.46,0.47,0.525,0.52,0.53,344.0,55.99,20.0,30.0,0.45,354.0,0.48,20.0,0.5,183.0,0.54,750.0
2026-01-06 17:32:07.302000+00:00,2026-01-06 17:32:07.779168+00:00,127.302,0.475,0.47,0.48,0.485,0.48,0.49,162.83,20.0,533.0,15.0,0.46,786.0,0.51,45.0,0.47,48.0,0.5,30.0
2026-01-06 17:32:07.916000+00:00,2026-01-06 17:32:08.375481+00:00,127.916,0.515,0.51,0.52,0.475,0.46,0.49,502.0,51.0,15.0,399.0,0.5,433.0,0.54,15.0,0.45,15.0,0.5,458.0
2026-01-06 17:32:08.316000+00:00,2026-01-06 17:32:08.791659+00:00,128.316,0.535,0.53,0.54,0.46499999999999997,0.46,0.47,197.0,15.0,15.0,324.0,0.52,180.0,0.55,15.0,0.45,15.0,0.48,301.0
2026-01-06 17:32:08.876000+00:00,2026-01-06 17:32:09.386415+00:00,128.876,0.565,0.56,0.57,0.435,0.43,0.44,146.0,58.0,58.0,146.0,0.55,167.48,0.58,583.98,0.42,583.98,0.45,289.48
2026-01-06 17:32:09.241000+00:00,2026-01-06 17:32:09.796855+00:00,129.241,0.575,0.57,0.58,0.425,0.42,0.43,79.99,583.98,583.98,79.99,0.56,141.0,0.59,299.0,0.41,299.0,0.44,141.0
2026-01-06 17:32:09.918000+00:00,2026-01-06 17:32:10.404329+00:00,129.918,0.575,0.57,0.58,0.425,0.42,0.43,69.0,581.87,581.87,69.0,0.56,76.0,0.59,288.99,0.41,234.99,0.44,76.0
2026-01-06 17:32:10.332000+00:00,2026-01-06 17:32:10.803810+00:00,130.332,0.575,0.57,0.58,0.43,0.42,0.44,19.0,730.87,722.24,76.0,0.56,126.0,0.59,239.0,0.41,316.98,0.45,227.48
2026-01-06 17:32:10.940000+00:00,2026-01-06 17:32:11.413634+00:00,130.94,0.565,0.56,0.57,0.435,0.43,0.44,71.0,425.91,457.91,71.0,0.55,44.48,0.58,821.24,0.42,786.24,0.45,44.48
2026-01-06 17:32:11.339000+00:00,2026-01-06 17:32:11.810977+00:00,131.339,0.565,0.56,0.57,0.44,0.43,0.45,53.0,477.91,465.0,20.0,0.55,64.48,0.58,523.24,0.42,541.24,0.46,50.0
2026-01-06 17:32:11.960000+00:00,2026-01-06 17:32:12.434131+00:00,131.96,0.555,0.55,0.56,0.45,0.44,0.46,54.56,274.0,289.0,1.44,0.54,26.88,0.57,636.0,0.43,621.0,0.47,126.36
2026-01-06 17:32:12.334000+00:00,2026-01-06 17:32:12.810213+00:00,132.334,0.54,0.53,0.55,0.46499999999999997,0.46,0.47,36.09,244.98,121.0,36.09,0.52,50.0,0.56,457.0,0.45,214.98,0.48,50.0
2026-01-06 17:32:12.933000+00:00,2026-01-06 17:32:13.453084+00:00,132.933,0.535,0.53,0.54,0.46499999999999997,0.46,0.47,55.0,5.0,5.0,49.68,0.52,317.0,0.55,761.0,0.45,578.0,0.48,393.0
2026-01-06 17:32:13.279000+00:00,2026-01-06 17:32:13.815246+00:00,133.279,0.545,0.54,0.55,0.455,0.45,0.46,50.0,591.0,591.0,50.0,0.53,29.68,0.56,342.0,0.44,342.0,0.47,34.68
2026-01-06 17:32:13.945000+00:00,2026-01-06 17:32:14.463888+00:00,133.945,0.54,0.53,0.55,0.45999999999999996,0.45,0.47,54.68,675.0,668.0,54.68,0.52,373.0,0.56,289.0,0.44,292.0,0.48,391.0
2026-01-06 17:32:14.322000+00:00,2026-01-06 17:32:14.830172+00:00,134.322,0.54,0.53,0.55,0.45999999999999996,0.45,0.47,72.68,650.0,650.0,72.68,0.52,445.0,0.56,292.0,0.44,292.0,0.48,445.0
2026-01-06 17:32:14.779000+00:00,2026-01-06 17:32:15.476308+00:00,134.779,0.54,0.53,0.55,0.45999999999999996,0.45,0.47,72.68,645.0,645.0,72.68,0.52,460.0,0.56,292.0,0.44,292.0,0.48,460.0
2026-01-06 17:32:15.295000+00:00,2026-01-06 17:32:15.838185+00:00,135.295,0.535,0.53,0.54,0.46499999999999997,0.46,0.47,72.68,35.0,35.0,72.68,0.52,460.0,0.55,620.0,0.45,620.0,0.48,460.0
2026-01-06 17:32:16.363000+00:00,2026-01-06 17:32:16.852296+00:00,136.363,0.545,0.54,0.55,0.45999999999999996,0.45,0.47,50.0,449.0,544.0,140.68,0.53,103.68,0.56,364.88,0.44,349.88,0.48,336.0
2026-01-06 17:32:16.901000+00:00,2026-01-06 17:32:17.500634+00:00,136.901,0.545,0.54,0.55,0.455,0.45,0.46,5.0,564.0,564.0,5.0,0.53,79.65,0.56,419.88,0.44,419.88,0.47,79.65
2026-01-06 17:32:17.364000+00:00,2026-01-06 17:32:17.876176+00:00,137.364,0.54,0.53,0.55,0.46499999999999997,0.46,0.47,78.84,564.0,180.0,43.84,0.52,331.0,0.56,419.88,0.45,529.0,0.48,321.0
2026-01-06 17:32:18.048000+00:00,2026-01-06 17:32:18.527900+00:00,138.048,0.525,0.52,0.53,0.475,0.47,0.48,50.0,35.0,35.0,42.0,0.51,130.0,0.54,464.0,0.46,420.0,0.49,151.0
2026-01-06 17:32:18.309000+00:00,2026-01-06 17:32:18.897011+00:00,138.309,0.525,0.52,0.53,0.475,0.47,0.48,42.0,35.0,26.22,42.0,0.51,76.0,0.54,415.0,0.46,415.0,0.49,76.0
2026-01-06 17:32:19.051000+00:00,2026-01-06 17:32:19.528257+00:00,139.051,0.52,0.51,0.53,0.48,0.47,0.49,87.41,177.22,177.22,87.41,0.5,280.0,0.54,345.0,0.46,363.0,0.5,280.0
2026-01-06 17:32:19.438000+00:00,2026-01-06 17:32:19.911001+00:00,139.438,0.52,0.51,0.53,0.475,0.47,0.48,100.41,26.22,148.22,46.48,0.5,316.0,0.54,381.0,0.46,451.0,0.49,73.0
2026-01-06 17:32:20.043000+00:00,2026-01-06 17:32:20.525283+00:00,140.043,0.52,0.51,0.53,0.475,0.47,0.48,105.41,324.22,209.22,44.39,0.5,151.0,0.54,381.0,0.46,397.0,0.49,181.0
2026-01-06 17:32:20.195000+00:00,2026-01-06 17:32:20.916211+00:00,140.195,0.525,0.52,0.53,0.475,0.47,0.48,44.39,209.22,209.22,44.39,0.51,199.0,0.54,415.0,0.46,415.0,0.49,199.0
2026-01-06 17:32:21.052000+00:00,2026-01-06 17:32:21.531887+00:00,141.052,0.525,0.52,0.53,0.475,0.47,0.48,437.39,183.0,183.0,432.39,0.51,364.0,0.54,183.0,0.46,183.0,0.49,339.0
2026-01-06 17:32:21.442000+00:00,2026-01-06 17:32:21.936637+00:00,141.442,0.545,0.54,0.55,0.455,0.45,0.46,66.48,50.0,19.45,84.48,0.53,86.0,0.56,463.98,0.44,463.98,0.47,288.0
2026-01-06 17:32:22.035000+00:00,2026-01-06 17:32:22.528750+00:00,142.035,0.555,0.55,0.56,0.445,0.44,0.45,71.29,413.73,413.73,67.96,0.54,102.0,0.57,338.0,0.43,338.0,0.46,127.0
2026-01-06 17:32:22.360000+00:00,2026-01-06 17:32:22.944767+00:00,142.36,0.555,0.55,0.56,0.445,0.44,0.45,67.96,413.73,413.73,67.96,0.54,127.0,0.57,356.0,0.43,356.0,0.46,109.0
2026-01-06 17:32:23.050000+00:00,2026-01-06 17:32:23.530424+00:00,143.05,0.555,0.55,0.56,0.445,0.44,0.45,67.96,413.73,413.73,67.96,0.54,109.0,0.57,392.0,0.43,410.0,0.46,109.0
2026-01-06 17:32:23.498000+00:00,2026-01-06 17:32:23.972089+00:00,143.498,0.555,0.55,0.56,0.445,0.44,0.45,62.96,359.73,359.73,62.96,0.54,109.0,0.57,410.0,0.43,410.0,0.46,109.0
2026-01-06 17:32:24.001000+00:00,2026-01-06 17:32:24.528813+00:00,144.001,0.555,0.55,0.56,0.445,0.44,0.45,62.96,353.77,353.77,62.96,0.54,162.76,0.57,410.0,0.43,410.0,0.46,162.76
2026-01-06 17:32:24.481000+00:00,2026-01-06 17:32:24.989543+00:00,144.481,0.555,0.55,0.56,0.445,0.44,0.45,62.96,353.77,353.77,62.96,0.54,162.76,0.57,410.0,0.43,410.0,0.46,162.76
2026-01-06 17:32:25.034000+00:00,2026-01-06 17:32:25.546007+00:00,145.034,0.555,0.55,0.56,0.445,0.44,0.45,50.35,361.5,18.0,35.08,0.54,162.76,0.57,365.0,0.43,350.0,0.46,157.76
2026-01-06 17:32:25.511000+00:00,2026-01-06 17:32:25.988974+00:00,145.511,0.555,0.55,0.56,0.445,0.44,0.45,299.17,18.0,18.0,299.17,0.54,436.76,0.57,243.0,0.43,243.0,0.46,436.76
2026-01-06 17:32:26.051000+00:00,2026-01-06 17:32:26.549868+00:00,146.051,0.565,0.56,0.57,0.435,0.43,0.44,15.0,40.0,40.0,15.0,0.55,239.9,0.58,738.85,0.42,738.85,0.45,245.9
2026-01-06 17:32:26.525000+00:00,2026-01-06 17:32:26.997623+00:00,146.525,0.565,0.56,0.57,0.43,0.42,0.44,40.0,100.0,728.85,50.0,0.55,245.9,0.58,828.85,0.41,517.0,0.45,245.9
2026-01-06 17:32:27.523000+00:00,2026-01-06 17:32:28.010114+00:00,147.523,0.555,0.55,0.56,0.45999999999999996,0.45,0.47,77.0,838.0,126.0,55.0,0.53,55.0,0.57,608.0,0.44,838.0,0.48,30.0
2026-01-06 17:32:27.993000+00:00,2026-01-06 17:32:28.575071+00:00,147.993,0.535,0.53,0.54,0.47,0.46,0.48,55.0,54.0,168.98,20.0,0.52,25.0,0.55,294.0,0.45,294.0,0.49,30.0
2026-01-06 17:32:28.528000+00:00,2026-01-06 17:32:29.016045+00:00,148.528,0.525,0.52,0.53,0.475,0.47,0.48,35.0,207.94,207.94,35.0,0.51,40.0,0.54,155.0,0.46,169.98,0.49,40.0
2026-01-06 17:32:29.018000+00:00,2026-01-06 17:32:29.577441+00:00,149.018,0.52,0.51,0.53,0.48,0.47,0.49,65.0,207.94,207.94,65.0,0.5,777.0,0.54,265.98,0.46,265.98,0.5,777.0
2026-01-06 17:32:29.491000+00:00,2026-01-06 17:32:30.026329+00:00,149.491,0.52,0.51,0.53,0.48,0.47,0.49,187.0,192.94,192.94,192.0,0.5,672.0,0.54,265.98,0.46,265.98,0.5,672.0
2026-01-06 17:32:30.114000+00:00,2026-01-06 17:32:30.590201+00:00,150.114,0.52,0.51,0.53,0.48,0.47,0.49,249.73,215.94,215.94,249.73,0.5,708.0,0.54,82.98,0.46,82.98,0.5,708.0
2026-01-06 17:32:30.530000+00:00,2026-01-06 17:32:31.038982+00:00,150.53,0.52,0.51,0.53,0.48,0.47,0.49,249.73,210.94,210.94,249.73,0.5,744.0,0.54,87.98,0.46,87.98,0.5,780.0
2026-01-06 17:32:31.121000+00:00,2026-01-06 17:32:31.604003+00:00,151.121,0.53,0.52,0.54,0.47,0.46,0.48,25.0,191.0,173.0,25.0,0.51,352.73,0.55,374.0,0.45,374.0,0.49,352.73
2026-01-06 17:32:31.503000+00:00,2026-01-06 17:32:32.039646+00:00,151.503,0.53,0.52,0.54,0.47,0.46,0.48,20.0,173.0,173.0,20.0,0.51,352.73,0.55,374.0,0.45,374.0,0.49,352.73
2026-01-06 17:32:32.152000+00:00,2026-01-06 17:32:32.627462+00:00,152.152,0.54,0.53,0.55,0.455,0.45,0.46,110.0,347.0,177.0,146.0,0.52,352.0,0.56,780.0,0.44,647.0,0.47,167.0
2026-01-06 17:32:32.592000+00:00,2026-01-06 17:32:33.060885+00:00,152.592,0.565,0.56,0.57,0.435,0.43,0.44,15.0,275.54,92.54,51.0,0.55,155.0,0.58,424.73,0.42,180.73,0.45,214.0
2026-01-06 17:32:33.174000+00:00,2026-01-06 17:32:33.645611+00:00,153.174,0.575,0.57,0.58,0.425,0.42,0.43,15.0,36.96,36.96,15.0,0.56,134.0,0.59,338.0,0.41,338.0,0.44,139.0
2026-01-06 17:32:33.614000+00:00,2026-01-06 17:32:34.084316+00:00,153.614,0.585,0.58,0.59,0.415,0.41,0.42,15.0,662.0,213.0,70.0,0.57,5.0,0.6,536.0,0.4,496.0,0.43,40.0
2026-01-06 17:32:34.138000+00:00,2026-01-06 17:32:34.640511+00:00,154.138,0.585,0.58,0.59,0.415,0.41,0.42,80.0,5.0,5.0,223.0,0.57,128.0,0.6,5.0,0.4,5.0,0.43,264.0
2026-01-06 17:32:34.645000+00:00,2026-01-06 17:32:35.100407+00:00,154.645,0.595,0.59,0.6,0.395,0.39,0.4,15.0,5.0,14.6,15.0,0.58,305.0,0.61,51.0,0.38,432.0,0.41,50.0
2026-01-06 17:32:35.152000+00:00,2026-01-06 17:32:35.643748+00:00,155.152,0.605,0.6,0.61,0.395,0.39,0.4,15.0,19.6,5.0,15.0,0.59,70.0,0.62,387.0,0.38,369.0,0.41,106.0
2026-01-06 17:32:35.587000+00:00,2026-01-06 17:32:36.115104+00:00,155.587,0.605,0.6,0.61,0.395,0.39,0.4,5.0,120.0,120.0,5.0,0.59,109.0,0.62,281.0,0.38,317.0,0.41,109.0
2026-01-06 17:32:36.159000+00:00,2026-01-06 17:32:36.641649+00:00,156.159,0.605,0.6,0.61,0.395,0.39,0.4,5.0,120.0,110.0,5.0,0.59,109.0,0.62,317.0,0.38,317.0,0.41,109.0
2026-01-06 17:32:36.621000+00:00,2026-01-06 17:32:37.113880+00:00,156.621,0.605,0.6,0.61,0.395,0.39,0.4,5.0,110.0,110.0,5.0,0.59,109.0,0.62,146.39,0.38,146.39,0.41,109.0
2026-01-06 17:32:37.140000+00:00,2026-01-06 17:32:37.654813+00:00,157.14,0.605,0.6,0.61,0.395,0.39,0.4,5.0,122.0,128.74,5.0,0.59,109.0,0.62,134.0,0.38,204.0,0.41,109.0
2026-01-06 17:32:37.656000+00:00,2026-01-06 17:32:38.126467+00:00,157.656,0.605,0.6,0.61,0.395,0.39,0.4,5.0,994.74,1039.74,5.0,0.58,254.0,0.62,401.0,0.38,401.0,0.42,254.0
2026-01-06 17:32:38.202000+00:00,2026-01-06 17:32:38.663038+00:00,158.202,0.575,0.57,0.58,0.42,0.41,0.43,50.0,15.0,388.0,50.0,0.56,35.09,0.59,370.0,0.4,394.0,0.44,50.09
2026-01-06 17:32:38.656000+00:00,2026-01-06 17:32:39.131574+00:00,158.656,0.585,0.58,0.59,0.415,0.41,0.42,15.0,254.0,106.0,105.0,0.57,47.98,0.6,410.0,0.4,81.0,0.43,37.98
2026-01-06 17:32:39.192000+00:00,2026-01-06 17:32:39.673818+00:00,159.192,0.595,0.59,0.6,0.405,0.4,0.41,15.0,19.0,54.0,15.0,0.58,105.0,0.61,342.74,0.39,357.74,0.42,110.0
2026-01-06 17:32:39.641000+00:00,2026-01-06 17:32:40.143034+00:00,159.641,0.595,0.59,0.6,0.405,0.4,0.41,15.0,24.0,24.0,15.0,0.58,178.0,0.61,341.74,0.39,341.74,0.42,163.0
2026-01-06 17:32:40.162000+00:00,2026-01-06 17:32:40.675361+00:00,160.162,0.585,0.58,0.59,0.415,0.41,0.42,35.0,223.99,363.99,35.0,0.57,30.0,0.6,82.0,0.4,307.0,0.43,25.0
2026-01-06 17:32:40.656000+00:00,2026-01-06 17:32:41.151538+00:00,160.656,0.585,0.58,0.59,0.415,0.41,0.42,35.0,424.99,399.99,35.0,0.57,25.0,0.6,368.0,0.4,368.0,0.43,25.0
2026-01-06 17:32:41.055000+00:00,2026-01-06 17:32:41.681976+00:00,161.055,0.575,0.57,0.58,0.425,0.42,0.43,15.0,59.0,59.0,15.0,0.56,240.09,0.59,353.99,0.41,353.99,0.44,240.09
2026-01-06 17:32:41.653000+00:00,2026-01-06 17:32:42.153413+00:00,161.653,0.575,0.57,0.58,0.425,0.42,0.43,15.0,59.0,59.0,15.0,0.56,240.09,0.59,353.99,0.41,353.99,0.44,240.09
2026-01-06 17:32:42.148000+00:00,2026-01-06 17:32:42.674188+00:00,162.148,0.575,0.57,0.58,0.425,0.42,0.43,86.0,41.0,6.51,86.0,0.56,244.09,0.59,221.0,0.41,221.0,0.44,259.09
2026-01-06 17:32:42.485000+00:00,2026-01-06 17:32:43.150143+00:00,162.485,0.575,0.57,0.58,0.425,0.42,0.43,86.0,6.51,1.51,86.0,0.56,259.09,0.59,160.0,0.41,427.0,0.44,259.09
2026-01-06 17:32:43.202000+00:00,2026-01-06 17:32:43.684770+00:00,163.202,0.575,0.57,0.58,0.425,0.42,0.43,86.0,1.51,6.51,86.0,0.56,190.09,0.59,518.39,0.41,513.39,0.44,190.09
2026-01-06 17:32:43.662000+00:00,2026-01-06 17:32:44.176077+00:00,163.662,0.575,0.57,0.58,0.425,0.42,0.43,86.0,6.51,6.51,86.0,0.56,259.09,0.59,470.39,0.41,540.39,0.44,259.09
2026-01-06 17:32:44.048000+00:00,2026-01-06 17:32:44.698795+00:00,164.048,0.58,0.57,0.59,0.42,0.41,0.43,91.0,540.39,540.39,91.0,0.56,183.09,0.6,782.08,0.4,782.08,0.44,183.09
2026-01-06 17:32:44.682000+00:00,2026-01-06 17:32:45.178838+00:00,164.682,0.585,0.58,0.59,0.415,0.41,0.42,20.0,371.39,371.39,15.0,0.57,163.0,0.6,893.08,0.4,893.08,0.43,163.0
2026-01-06 17:32:45.179000+00:00,2026-01-06 17:32:45.691600+00:00,165.179,0.585,0.58,0.59,0.415,0.41,0.42,55.0,253.39,241.0,55.0,0.57,173.0,0.6,918.08,0.4,918.08,0.43,173.0
2026-01-06 17:32:45.685000+00:00,2026-01-06 17:32:46.190381+00:00,165.685,0.585,0.58,0.59,0.415,0.41,0.42,155.0,165.74,165.74,145.0,0.57,312.0,0.6,203.0,0.4,203.0,0.43,312.0
2026-01-06 17:32:46.215000+00:00,2026-01-06 17:32:46.699517+00:00,166.215,0.595,0.59,0.6,0.405,0.4,0.41,68.0,20.0,5.0,140.0,0.58,165.0,0.61,45.0,0.39,12.0,0.42,146.0
2026-01-06 17:32:46.702000+00:00,2026-01-06 17:32:47.195548+00:00,166.702,0.595,0.59,0.6,0.395,0.39,0.4,145.0,5.0,12.0,122.0,0.58,116.0,0.61,12.0,0.38,348.76,0.41,88.0
2026-01-06 17:32:47.240000+00:00,2026-01-06 17:32:47.721425+00:00,167.24,0.605,0.6,0.61,0.395,0.39,0.4,71.0,180.0,801.0,71.0,0.59,40.0,0.62,306.74,0.38,402.74,0.42,126.0
2026-01-06 17:32:47.713000+00:00,2026-01-06 17:32:48.202960+00:00,167.713,0.59,0.58,0.6,0.415,0.41,0.42,91.0,80.0,61.0,91.0,0.57,104.0,0.61,1004.0,0.4,397.0,0.43,104.0
2026-01-06 17:32:48.257000+00:00,2026-01-06 17:32:48.741274+00:00,168.257,0.585,0.58,0.59,0.415,0.41,0.42,86.0,206.0,206.0,86.0,0.57,73.0,0.6,458.0,0.4,458.0,0.43,73.0
2026-01-06 17:32:48.449000+00:00,2026-01-06 17:32:49.201803+00:00,168.449,0.585,0.58,0.59,0.415,0.41,0.42,86.0,206.0,206.0,86.0,0.57,73.0,0.6,458.0,0.4,458.0,0.43,73.0
2026-01-06 17:32:49.266000+00:00,2026-01-06 17:32:49.740146+00:00,169.266,0.585,0.58,0.59,0.415,0.41,0.42,15.0,188.0,188.0,269.0,0.57,89.0,0.6,290.0,0.4,254.0,0.43,312.0
2026-01-06 17:32:49.742000+00:00,2026-01-06 17:32:50.219879+00:00,169.742,0.59,0.58,0.6,0.405,0.4,0.41,330.0,71.0,76.0,50.0,0.57,348.0,0.61,754.0,0.39,719.0,0.42,295.0
2026-01-06 17:32:50.273000+00:00,2026-01-06 17:32:50.748317+00:00,170.273,0.595,0.59,0.6,0.405,0.4,0.41,121.0,71.0,71.0,121.0,0.58,355.0,0.61,609.0,0.39,573.0,0.42,343.0
2026-01-06 17:32:50.592000+00:00,2026-01-06 17:32:51.227481+00:00,170.592,0.595,0.59,0.6,0.405,0.4,0.41,126.0,71.0,71.0,121.0,0.58,343.0,0.61,608.0,0.39,608.0,0.42,343.0
2026-01-06 17:32:51.248000+00:00,2026-01-06 17:32:51.757695+00:00,171.248,0.595,0.59,0.6,0.405,0.4,0.41,121.0,5.0,5.0,121.0,0.58,341.0,0.61,537.0,0.39,537.0,0.42,336.0
2026-01-06 17:32:51.736000+00:00,2026-01-06 17:32:52.241452+00:00,171.736,0.6,0.59,0.61,0.4,0.39,0.41,126.0,683.0,683.0,126.0,0.58,295.0,0.62,266.76,0.38,279.15,0.42,295.0
2026-01-06 17:32:52.258000+00:00,2026-01-06 17:32:52.762738+00:00,172.258,0.6,0.59,0.61,0.4,0.39,0.41,121.12,683.0,683.0,126.0,0.58,259.0,0.62,349.15,0.38,349.15,0.42,259.0
2026-01-06 17:32:52.740000+00:00,2026-01-06 17:32:53.239766+00:00,172.74,0.6,0.59,0.61,0.4,0.39,0.41,116.24,683.0,683.0,111.36,0.58,259.0,0.62,336.76,0.38,336.76,0.42,259.0
2026-01-06 17:32:53.298000+00:00,2026-01-06 17:32:53.768459+00:00,173.298,0.605,0.6,0.61,0.395,0.39,0.4,55.0,12.0,12.0,106.0,0.59,219.36,0.62,265.76,0.38,247.76,0.41,244.36
2026-01-06 17:32:53.781000+00:00,2026-01-06 17:32:54.257748+00:00,173.781,0.605,0.6,0.61,0.4,0.39,0.41,25.0,348.98,334.75,233.0,0.59,233.0,0.62,448.74,0.38,461.74,0.42,262.0
2026-01-06 17:32:54.284000+00:00,2026-01-06 17:32:54.771413+00:00,174.284,0.595,0.59,0.6,0.405,0.4,0.41,30.0,269.0,269.0,15.0,0.58,40.0,0.61,373.75,0.39,373.75,0.42,30.0
2026-01-06 17:32:54.762000+00:00,2026-01-06 17:32:55.259077+00:00,174.762,0.59,0.58,0.6,0.415,0.41,0.42,15.0,321.0,35.0,15.0,0.57,33.0,0.61,333.77,0.4,331.0,0.43,68.0
2026-01-06 17:32:55.244000+00:00,2026-01-06 17:32:55.780122+00:00,175.244,0.585,0.58,0.59,0.415,0.41,0.42,3.0,83.0,83.0,3.0,0.57,68.0,0.6,143.0,0.4,143.0,0.43,68.0
2026-01-06 17:32:55.794000+00:00,2026-01-06 17:32:56.270467+00:00,175.794,0.585,0.58,0.59,0.415,0.41,0.42,3.0,83.0,78.0,3.0,0.57,68.0,0.6,143.0,0.4,143.0,0.43,68.0
2026-01-06 17:32:56.320000+00:00,2026-01-06 17:32:56.796472+00:00,176.32,0.59,0.58,0.6,0.41500000000000004,0.4,0.43,8.0,156.0,173.0,104.0,0.57,122.0,0.61,308.16,0.39,290.16,0.44,801.09
2026-01-06 17:32:56.744000+00:00,2026-01-06 17:32:57.292494+00:00,176.744,0.59,0.58,0.6,0.415,0.41,0.42,15.0,191.0,35.0,15.0,0.57,122.0,0.61,308.16,0.4,166.0,0.43,122.0
2026-01-06 17:32:57.316000+00:00,2026-01-06 17:32:57.813256+00:00,177.316,0.585,0.58,0.59,0.415,0.41,0.42,15.0,35.0,35.0,20.0,0.57,158.0,0.6,148.0,0.4,148.0,0.43,158.0
2026-01-06 17:32:57.814000+00:00,2026-01-06 17:32:58.296571+00:00,177.814,0.585,0.58,0.59,0.415,0.41,0.42,20.0,35.0,35.0,15.0,0.57,158.0,0.6,148.0,0.4,148.0,0.43,158.0
2026-01-06 17:32:58.342000+00:00,2026-01-06 17:32:58.825834+00:00,178.342,0.585,0.58,0.59,0.415,0.41,0.42,15.0,40.0,40.0,15.0,0.57,158.0,0.6,143.0,0.4,143.0,0.43,158.0
2026-01-06 17:32:58.859000+00:00,2026-01-06 17:32:59.311348+00:00,178.859,0.585,0.58,0.59,0.415,0.41,0.42,15.0,40.0,40.0,15.0,0.57,176.0,0.6,161.0,0.4,161.0,0.43,176.0
2026-01-06 17:32:59.316000+00:00,2026-01-06 17:32:59.826052+00:00,179.316,0.585,0.58,0.59,0.415,0.41,0.42,15.0,40.0,65.0,15.0,0.57,158.0,0.6,161.0,0.4,161.0,0.43,158.0
2026-01-06 17:32:59.809000+00:00,2026-01-06 17:33:00.303585+00:00,179.809,0.585,0.58,0.59,0.415,0.41,0.42,15.0,40.0,40.0,15.0,0.57,104.0,0.6,179.0,0.4,179.0,0.43,140.0
2026-01-06 17:33:00.265000+00:00,2026-01-06 17:33:00.825216+00:00,180.265,0.585,0.58,0.59,0.415,0.41,0.42,15.0,40.0,40.0,15.0,0.57,140.0,0.6,231.0,0.4,201.0,0.43,140.0
2026-01-06 17:33:00.714000+00:00,2026-01-06 17:33:01.296324+00:00,180.714,0.585,0.58,0.59,0.415,0.41,0.42,15.0,40.0,40.0,15.0,0.57,140.0,0.6,231.0,0.4,231.0,0.43,158.0
2026-01-06 17:33:01.224000+00:00,2026-01-06 17:33:01.835055+00:00,181.224,0.585,0.58,0.59,0.41000000000000003,0.4,0.42,15.0,38.59,256.0,15.0,0.57,158.0,0.6,231.0,0.39,761.77,0.43,158.0
2026-01-06 17:33:01.828000+00:00,2026-01-06 17:33:02.305006+00:00,181.828,0.605,0.6,0.61,0.395,0.39,0.4,231.0,151.77,151.77,254.0,0.59,313.0,0.62,324.0,0.38,324.0,0.41,298.0
2026-01-06 17:33:02.370000+00:00,2026-01-06 17:33:02.846198+00:00,182.37,0.62,0.61,0.63,0.38,0.37,0.39,234.0,474.0,474.0,252.0,0.6,188.0,0.64,417.0,0.36,417.0,0.4,206.0
2026-01-06 17:33:02.824000+00:00,2026-01-06 17:33:03.309572+00:00,182.824,0.615,0.61,0.62,0.385,0.38,0.39,240.1,5.0,337.75,161.1,0.6,206.0,0.63,410.0,0.37,827.0,0.4,102.0
2026-01-06 17:33:03.379000+00:00,2026-01-06 17:33:03.853340+00:00,183.379,0.595,0.59,0.6,0.405,0.4,0.41,86.0,10.0,10.0,61.73,0.58,310.0,0.61,106.0,0.39,263.0,0.42,305.0
2026-01-06 17:33:03.773000+00:00,2026-01-06 17:33:04.315544+00:00,183.773,0.595,0.59,0.6,0.405,0.4,0.41,61.73,15.0,15.0,61.73,0.58,310.0,0.61,351.0,0.39,351.0,0.42,310.0
2026-01-06 17:33:04.394000+00:00,2026-01-06 17:33:04.856823+00:00,184.394,0.595,0.59,0.6,0.4,0.39,0.41,4.51,5.0,183.0,202.51,0.58,15.0,0.61,201.0,0.38,430.0,0.42,155.0
2026-01-06 17:33:04.847000+00:00,2026-01-06 17:33:05.321944+00:00,184.847,0.61,0.6,0.62,0.385,0.38,0.39,25.0,126.0,126.0,15.0,0.59,248.51,0.63,628.0,0.37,588.0,0.4,96.0
2026-01-06 17:33:05.401000+00:00,2026-01-06 17:33:05.859739+00:00,185.401,0.615,0.61,0.62,0.375,0.37,0.38,15.0,28.47,576.17,15.0,0.6,86.0,0.63,588.0,0.36,316.39,0.39,15.0
2026-01-06 17:33:05.855000+00:00,2026-01-06 17:33:06.342070+00:00,185.855,0.625,0.62,0.63,0.375,0.37,0.38,15.0,581.17,616.17,35.0,0.61,15.0,0.64,449.39,0.36,359.0,0.39,15.0
2026-01-06 17:33:06.386000+00:00,2026-01-06 17:33:06.867285+00:00,186.386,0.625,0.62,0.63,0.375,0.37,0.38,40.0,616.17,581.17,50.0,0.61,76.0,0.64,247.0,0.36,290.0,0.39,164.0
2026-01-06 17:33:06.899000+00:00,2026-01-06 17:33:07.356673+00:00,186.899,0.635,0.63,0.64,0.365,0.36,0.37,15.0,328.02,145.02,15.0,0.62,38.0,0.65,223.0,0.35,259.0,0.38,38.0
2026-01-06 17:33:07.436000+00:00,2026-01-06 17:33:07.883266+00:00,187.436,0.635,0.63,0.64,0.365,0.36,0.37,198.0,11.53,11.53,233.0,0.62,368.5,0.65,30.0,0.35,30.0,0.38,378.5
2026-01-06 17:33:07.883000+00:00,2026-01-06 17:33:08.358306+00:00,187.883,0.655,0.65,0.66,0.345,0.34,0.35,15.0,15.0,20.0,121.0,0.64,155.0,0.67,642.0,0.33,696.0,0.36,147.0
2026-01-06 17:33:08.447000+00:00,2026-01-06 17:33:08.902772+00:00,188.447,0.665,0.66,0.67,0.33999999999999997,0.33,0.35,15.0,749.0,913.98,90.0,0.65,120.0,0.68,304.05,0.32,398.05,0.36,76.0
2026-01-06 17:33:08.895000+00:00,2026-01-06 17:33:09.366304+00:00,188.895,0.655,0.65,0.66,0.345,0.34,0.35,100.0,283.0,452.59,79.77,0.64,76.0,0.67,978.98,0.33,460.0,0.36,15.0
2026-01-06 17:33:09.435000+00:00,2026-01-06 17:33:09.921599+00:00,189.435,0.635,0.63,0.64,0.365,0.36,0.37,15.0,107.0,112.0,15.0,0.62,35.0,0.65,185.23,0.35,246.23,0.38,35.0
2026-01-06 17:33:09.886000+00:00,2026-01-06 17:33:10.391796+00:00,189.886,0.635,0.63,0.64,0.365,0.36,0.37,15.0,210.87,205.87,10.0,0.62,35.0,0.65,228.23,0.35,233.23,0.38,40.0
2026-01-06 17:33:10.455000+00:00,2026-01-06 17:33:10.936318+00:00,190.455,0.635,0.63,0.64,0.38,0.37,0.39,15.0,190.16,5.0,176.77,0.61,141.77,0.65,193.23,0.36,220.16,0.4,436.27
2026-01-06 17:33:10.916000+00:00,2026-01-06 17:33:11.401636+00:00,190.916,0.62,0.61,0.63,0.375,0.36,0.39,176.77,3.41,278.77,181.77,0.6,436.27,0.64,245.16,0.35,149.23,0.4,436.27
2026-01-06 17:33:11.458000+00:00,2026-01-06 17:33:11.944356+00:00,191.458,0.625,0.61,0.64,0.365,0.36,0.37,181.77,125.0,125.0,15.0,0.6,436.27,0.65,167.23,0.35,167.23,0.39,181.77
2026-01-06 17:33:11.927000+00:00,2026-01-06 17:33:12.404928+00:00,191.927,0.635,0.63,0.64,0.365,0.36,0.37,15.0,89.0,94.0,15.0,0.61,181.77,0.65,185.23,0.35,203.23,0.39,163.77
2026-01-06 17:33:12.480000+00:00,2026-01-06 17:33:12.953234+00:00,192.48,0.635,0.63,0.64,0.365,0.36,0.37,15.0,119.0,234.0,15.0,0.62,5.0,0.65,273.23,0.35,843.23,0.39,86.77
2026-01-06 17:33:12.947000+00:00,2026-01-06 17:33:13.424091+00:00,192.947,0.615,0.61,0.62,0.385,0.38,0.39,18.77,399.0,417.0,18.77,0.6,83.19,0.63,463.0,0.37,463.0,0.4,83.19
2026-01-06 17:33:13.477000+00:00,2026-01-06 17:33:13.958378+00:00,193.477,0.605,0.6,0.61,0.395,0.39,0.4,24.11,486.0,450.0,24.11,0.59,39.33,0.62,412.0,0.38,559.42,0.41,39.33
2026-01-06 17:33:13.952000+00:00,2026-01-06 17:33:14.436061+00:00,193.952,0.605,0.6,0.61,0.405,0.4,0.41,6.11,425.0,29.89,39.33,0.59,39.33,0.62,982.0,0.39,390.0,0.42,15.0
2026-01-06 17:33:14.487000+00:00,2026-01-06 17:33:14.958915+00:00,194.487,0.595,0.59,0.6,0.405,0.4,0.41,39.33,81.03,81.03,39.33,0.58,38.0,0.61,395.0,0.39,395.0,0.42,38.0
2026-01-06 17:33:14.968000+00:00,2026-01-06 17:33:15.454511+00:00,194.968,0.595,0.59,0.6,0.405,0.4,0.41,39.33,81.03,81.03,39.33,0.58,38.0,0.61,395.0,0.39,377.0,0.42,38.0
2026-01-06 17:33:15.476000+00:00,2026-01-06 17:33:15.972403+00:00,195.476,0.595,0.59,0.6,0.41000000000000003,0.4,0.42,39.33,159.03,214.03,38.0,0.58,38.0,0.61,395.0,0.39,339.99,0.43,168.0
2026-01-06 17:33:16.468000+00:00,2026-01-06 17:33:16.978608+00:00,196.468,0.575,0.57,0.58,0.415,0.41,0.42,87.67,16.22,140.91,31.41,0.56,622.0,0.59,173.0,0.4,422.0,0.43,92.67
2026-01-06 17:33:16.983000+00:00,2026-01-06 17:33:17.461884+00:00,196.983,0.585,0.58,0.59,0.415,0.41,0.42,31.41,136.52,119.0,31.41,0.57,87.67,0.6,422.0,0.4,422.0,0.43,87.67
2026-01-06 17:33:17.421000+00:00,2026-01-06 17:33:17.985414+00:00,197.421,0.585,0.58,0.59,0.415,0.41,0.42,31.41,53.0,78.0,36.41,0.57,92.67,0.6,564.0,0.4,564.0,0.43,87.67
2026-01-06 17:33:17.990000+00:00,2026-01-06 17:33:18.475397+00:00,197.99,0.585,0.58,0.59,0.415,0.41,0.42,16.41,378.3,353.3,16.41,0.57,105.67,0.6,494.0,0.4,494.0,0.43,110.67
2026-01-06 17:33:18.422000+00:00,2026-01-06 17:33:18.991775+00:00,198.422,0.585,0.58,0.59,0.415,0.41,0.42,16.41,627.3,627.3,16.41,0.56,56.0,0.6,448.42,0.4,448.42,0.44,56.0
2026-01-06 17:33:19.488000+00:00,2026-01-06 17:33:20.011055+00:00,199.488,0.565,0.56,0.57,0.435,0.43,0.44,56.0,35.0,35.0,56.0,0.55,189.0,0.58,204.59,0.42,204.59,0.45,189.0
2026-01-06 17:33:19.931000+00:00,2026-01-06 17:33:20.483000+00:00,199.931,0.575,0.57,0.58,0.425,0.42,0.43,15.0,194.59,194.59,15.0,0.56,91.0,0.59,579.0,0.41,579.0,0.44,91.0
2026-01-06 17:33:20.559000+00:00,2026-01-06 17:33:21.022038+00:00,200.559,0.575,0.57,0.58,0.425,0.42,0.43,20.0,176.59,173.83,91.0,0.56,220.0,0.59,400.88,0.41,512.88,0.44,213.0
2026-01-06 17:33:21.013000+00:00,2026-01-06 17:33:21.493973+00:00,201.013,0.58,0.57,0.59,0.42,0.41,0.43,96.0,383.88,382.18,96.0,0.56,287.0,0.6,204.0,0.4,204.0,0.44,287.0
2026-01-06 17:33:21.538000+00:00,2026-01-06 17:33:22.039667+00:00,201.538,0.585,0.58,0.59,0.415,0.41,0.42,15.0,247.01,247.01,15.0,0.57,91.0,0.6,274.0,0.4,274.0,0.43,91.0
2026-01-06 17:33:22.547000+00:00,2026-01-06 17:33:23.039302+00:00,202.547,0.585,0.58,0.59,0.42,0.41,0.43,15.0,110.88,315.88,227.0,0.57,227.0,0.6,795.0,0.4,725.0,0.44,387.0
2026-01-06 17:33:22.901000+00:00,2026-01-06 17:33:23.503710+00:00,202.901,0.58,0.57,0.59,0.42,0.41,0.43,227.0,240.88,240.88,227.0,0.56,387.0,0.6,725.0,0.4,725.0,0.44,387.0
2026-01-06 17:33:23.565000+00:00,2026-01-06 17:33:24.056584+00:00,203.565,0.58,0.57,0.59,0.42,0.41,0.43,191.0,235.0,310.0,191.0,0.56,405.0,0.6,725.0,0.4,725.0,0.44,423.0
2026-01-06 17:33:24.026000+00:00,2026-01-06 17:33:24.519250+00:00,204.026,0.585,0.58,0.59,0.415,0.41,0.42,15.0,105.0,105.0,15.0,0.57,154.56,0.6,795.0,0.4,795.0,0.43,189.56
2026-01-06 17:33:24.346000+00:00,2026-01-06 17:33:25.069576+00:00,204.346,0.585,0.58,0.59,0.415,0.41,0.42,15.0,35.0,35.0,15.0,0.57,189.56,0.6,795.0,0.4,795.0,0.43,155.0
2026-01-06 17:33:25.009000+00:00,2026-01-06 17:33:25.520086+00:00,205.009,0.585,0.58,0.59,0.415,0.41,0.42,15.0,35.0,35.0,15.0,0.57,155.0,0.6,865.0,0.4,865.0,0.43,155.0
2026-01-06 17:33:25.553000+00:00,2026-01-06 17:33:26.067022+00:00,205.553,0.585,0.58,0.59,0.415,0.41,0.42,15.0,105.0,105.0,15.0,0.57,227.0,0.6,705.0,0.4,705.0,0.43,227.0
2026-01-06 17:33:26.545000+00:00,2026-01-06 17:33:27.088222+00:00,206.545,0.59,0.58,0.6,0.41000000000000003,0.4,0.42,51.38,660.0,660.0,33.38,0.57,387.0,0.61,405.0,0.39,387.0,0.43,369.0
2026-01-06 17:33:26.844000+00:00,2026-01-06 17:33:27.551467+00:00,206.844,0.59,0.58,0.6,0.41000000000000003,0.4,0.42,33.38,678.0,678.0,33.38,0.57,387.0,0.61,475.0,0.39,475.0,0.43,387.0
2026-01-06 17:33:27.610000+00:00,2026-01-06 17:33:28.095314+00:00,207.61,0.58,0.57,0.59,0.42,0.41,0.43,20.0,260.0,260.0,20.0,0.56,408.84,0.6,583.0,0.4,583.0,0.44,408.84
2026-01-06 17:33:28.075000+00:00,2026-01-06 17:33:28.560935+00:00,208.075,0.575,0.57,0.58,0.425,0.42,0.43,15.0,70.79,45.79,15.0,0.56,413.84,0.59,273.0,0.41,273.0,0.44,413.84
2026-01-06 17:33:28.557000+00:00,2026-01-06 17:33:29.093214+00:00,208.557,0.575,0.57,0.58,0.425,0.42,0.43,20.0,65.79,5.0,20.0,0.56,408.84,0.59,255.0,0.41,273.0,0.44,408.84
2026-01-06 17:33:29.079000+00:00,2026-01-06 17:33:29.571184+00:00,209.079,0.575,0.57,0.58,0.425,0.42,0.43,20.0,5.0,5.0,20.0,0.56,408.84,0.59,273.0,0.41,273.0,0.44,408.84
2026-01-06 17:33:29.548000+00:00,2026-01-06 17:33:30.089687+00:00,209.548,0.575,0.57,0.58,0.425,0.42,0.43,20.0,5.0,5.0,20.0,0.56,408.84,0.59,273.0,0.41,273.0,0.44,426.84
2026-01-06 17:33:30.100000+00:00,2026-01-06 17:33:30.576372+00:00,210.1,0.565,0.56,0.57,0.435,0.43,0.44,273.84,345.0,436.0,5.0,0.55,304.0,0.58,403.0,0.42,418.0,0.45,15.0
2026-01-06 17:33:30.600000+00:00,2026-01-06 17:33:31.094577+00:00,210.6,0.555,0.55,0.56,0.445,0.44,0.45,15.0,157.0,157.0,15.0,0.54,129.69,0.57,486.0,0.43,522.0,0.46,134.69
2026-01-06 17:33:31.115000+00:00,2026-01-06 17:33:31.595439+00:00,211.115,0.565,0.56,0.57,0.435,0.43,0.44,15.0,274.0,274.0,171.0,0.55,870.0,0.58,359.0,0.42,324.0,0.45,840.0
2026-01-06 17:33:31.621000+00:00,2026-01-06 17:33:32.101753+00:00,211.621,0.58,0.57,0.59,0.415,0.41,0.42,29.53,265.0,242.0,71.0,0.56,443.0,0.6,164.0,0.4,218.0,0.43,29.53
2026-01-06 17:33:32.106000+00:00,2026-01-06 17:33:32.607780+00:00,212.106,0.585,0.58,0.59,0.415,0.41,0.42,97.9,66.0,65.54,97.9,0.57,82.53,0.6,150.0,0.4,50.0,0.43,82.53
2026-01-06 17:33:32.631000+00:00,2026-01-06 17:33:33.115980+00:00,212.631,0.585,0.58,0.59,0.415,0.41,0.42,224.9,63.28,63.28,285.9,0.57,221.53,0.6,45.0,0.4,45.0,0.43,221.53
2026-01-06 17:33:33.130000+00:00,2026-01-06 17:33:33.627997+00:00,213.13,0.595,0.59,0.6,0.405,0.4,0.41,79.6,35.0,40.0,79.6,0.58,285.9,0.61,474.0,0.39,599.0,0.42,285.9
2026-01-06 17:33:33.639000+00:00,2026-01-06 17:33:34.127886+00:00,213.639,0.595,0.59,0.6,0.405,0.4,0.41,79.6,40.0,40.0,79.6,0.58,280.9,0.61,623.0,0.39,653.0,0.42,280.9
2026-01-06 17:33:34.119000+00:00,2026-01-06 17:33:34.622007+00:00,214.119,0.595,0.59,0.6,0.405,0.4,0.41,79.6,37.6,37.6,13.84,0.58,285.9,0.61,658.0,0.39,658.0,0.42,285.9
2026-01-06 17:33:34.597000+00:00,2026-01-06 17:33:35.140633+00:00,214.597,0.595,0.59,0.6,0.405,0.4,0.41,13.84,37.6,33.45,13.84,0.58,367.9,0.61,764.0,0.39,746.0,0.42,367.9
2026-01-06 17:33:35.490000+00:00,2026-01-06 17:33:36.163323+00:00,215.49,0.595,0.59,0.6,0.405,0.4,0.41,13.84,157.45,157.45,13.84,0.58,326.9,0.61,759.0,0.39,759.0,0.42,326.9
2026-01-06 17:33:35.961000+00:00,2026-01-06 17:33:36.641027+00:00,215.961,0.595,0.59,0.6,0.405,0.4,0.41,7.57,157.45,157.45,7.57,0.58,326.9,0.61,881.0,0.39,942.0,0.42,143.9
2026-01-06 17:33:36.651000+00:00,2026-01-06 17:33:37.167249+00:00,216.651,0.595,0.59,0.6,0.405,0.4,0.41,7.57,139.45,139.45,7.57,0.58,108.9,0.61,830.0,0.39,830.0,0.42,108.9
2026-01-06 17:33:37.180000+00:00,2026-01-06 17:33:37.661369+00:00,217.18,0.585,0.58,0.59,0.42,0.41,0.43,8.9,5.0,171.0,164.53,0.57,164.53,0.6,360.97,0.4,158.45,0.44,757.0
2026-01-06 17:33:37.714000+00:00,2026-01-06 17:33:38.189989+00:00,217.714,0.575,0.57,0.58,0.43,0.42,0.44,14.53,303.0,285.0,198.0,0.56,198.0,0.59,301.98,0.41,371.98,0.45,444.0
2026-01-06 17:33:38.154000+00:00,2026-01-06 17:33:38.663651+00:00,218.154,0.5700000000000001,0.56,0.58,0.43,0.42,0.44,15.0,360.0,285.0,15.0,0.55,140.0,0.59,403.0,0.41,323.0,0.45,140.0
2026-01-06 17:33:38.693000+00:00,2026-01-06 17:33:39.201487+00:00,218.693,0.5700000000000001,0.56,0.58,0.43,0.42,0.44,15.0,289.0,289.0,15.0,0.55,140.0,0.59,323.0,0.41,341.0,0.45,140.0
2026-01-06 17:33:39.181000+00:00,2026-01-06 17:33:39.675944+00:00,219.181,0.555,0.55,0.56,0.445,0.44,0.45,155.0,77.0,77.0,155.0,0.54,736.69,0.57,421.0,0.43,346.0,0.46,553.69
2026-01-06 17:33:39.733000+00:00,2026-01-06 17:33:40.220102+00:00,219.733,0.565,0.56,0.57,0.435,0.43,0.44,65.47,183.0,183.0,65.47,0.55,353.77,0.58,285.0,0.42,285.0,0.45,353.77
2026-01-06 17:33:40.233000+00:00,2026-01-06 17:33:40.682264+00:00,220.233,0.59,0.58,0.6,0.41000000000000003,0.4,0.42,91.0,313.0,313.0,91.0,0.57,261.0,0.61,333.41,0.39,333.41,0.43,261.0
2026-01-06 17:33:40.739000+00:00,2026-01-06 17:33:41.238204+00:00,220.739,0.59,0.58,0.6,0.41000000000000003,0.4,0.42,86.0,313.0,313.0,86.0,0.57,322.0,0.61,168.41,0.39,168.41,0.43,322.0
2026-01-06 17:33:41.216000+00:00,2026-01-06 17:33:41.694243+00:00,221.216,0.59,0.58,0.6,0.41000000000000003,0.4,0.42,86.0,170.0,170.0,86.0,0.57,422.0,0.61,168.41,0.39,240.41,0.43,440.0
2026-01-06 17:33:41.774000+00:00,2026-01-06 17:33:42.238569+00:00,221.774,0.59,0.58,0.6,0.41000000000000003,0.4,0.42,96.0,158.34,158.34,96.0,0.57,440.0,0.61,240.41,0.39,225.42,0.43,440.0
2026-01-06 17:33:42.237000+00:00,2026-01-06 17:33:42.711417+00:00,222.237,0.595,0.59,0.6,0.405,0.4,0.41,20.0,50.0,50.0,56.0,0.58,253.0,0.61,33.0,0.39,10.0,0.42,278.0
2026-01-06 17:33:42.785000+00:00,2026-01-06 17:33:43.254532+00:00,222.785,0.615,0.61,0.62,0.385,0.38,0.39,44.85,667.98,631.98,44.85,0.6,15.0,0.63,366.49,0.37,376.49,0.4,23.0
2026-01-06 17:33:43.154000+00:00,2026-01-06 17:33:43.726455+00:00,223.154,0.615,0.61,0.62,0.385,0.38,0.39,44.85,618.98,688.98,34.85,0.6,23.0,0.63,430.49,0.37,500.49,0.4,23.0
2026-01-06 17:33:43.759000+00:00,2026-01-06 17:33:44.257945+00:00,223.759,0.615,0.61,0.62,0.395,0.39,0.4,34.85,721.86,22.69,12.5,0.6,23.0,0.63,446.49,0.38,752.86,0.41,50.0
2026-01-06 17:33:44.256000+00:00,2026-01-06 17:33:44.738751+00:00,224.256,0.605,0.6,0.61,0.395,0.39,0.4,12.5,45.69,63.69,12.5,0.59,50.0,0.62,806.86,0.38,806.86,0.41,50.0
2026-01-06 17:33:44.533000+00:00,2026-01-06 17:33:45.269722+00:00,224.533,0.605,0.6,0.61,0.395,0.39,0.4,12.5,63.69,63.69,12.5,0.59,50.0,0.62,806.86,0.38,806.86,0.41,50.0
2026-01-06 17:33:45.267000+00:00,2026-01-06 17:33:45.758084+00:00,225.267,0.605,0.6,0.61,0.395,0.39,0.4,17.5,36.0,36.0,14.77,0.59,50.0,0.62,773.98,0.38,773.98,0.41,150.0
2026-01-06 17:33:45.821000+00:00,2026-01-06 17:33:46.290661+00:00,225.821,0.615,0.61,0.62,0.375,0.37,0.38,15.0,72.0,196.51,15.0,0.6,136.77,0.63,293.51,0.36,435.0,0.39,115.0
2026-01-06 17:33:46.298000+00:00,2026-01-06 17:33:46.784462+00:00,226.298,0.635,0.63,0.64,0.365,0.36,0.37,178.49,87.06,87.06,178.49,0.62,170.0,0.65,271.21,0.35,271.21,0.38,170.0
2026-01-06 17:33:46.824000+00:00,2026-01-06 17:33:47.299645+00:00,226.824,0.65,0.64,0.66,0.345,0.34,0.35,147.0,242.59,189.59,15.0,0.63,422.49,0.67,271.0,0.33,269.0,0.36,147.0
2026-01-06 17:33:47.300000+00:00,2026-01-06 17:33:47.798548+00:00,227.3,0.665,0.66,0.67,0.335,0.33,0.34,50.0,72.0,72.0,50.0,0.65,96.0,0.68,207.04,0.32,207.04,0.35,96.0
2026-01-06 17:33:47.878000+00:00,2026-01-06 17:33:48.308944+00:00,227.878,0.655,0.65,0.66,0.345,0.34,0.35,71.0,257.0,172.0,106.0,0.64,243.0,0.67,398.0,0.33,484.0,0.36,218.0
2026-01-06 17:33:48.317000+00:00,2026-01-06 17:33:48.793245+00:00,228.317,0.655,0.65,0.66,0.355,0.35,0.36,88.0,268.0,57.0,25.0,0.64,35.0,0.67,490.0,0.34,298.0,0.37,163.49
2026-01-06 17:33:48.814000+00:00,2026-01-06 17:33:49.304892+00:00,228.814,0.645,0.64,0.65,0.355,0.35,0.36,20.0,312.0,342.0,20.0,0.63,178.49,0.66,228.0,0.34,268.0,0.37,178.49
2026-01-06 17:33:49.316000+00:00,2026-01-06 17:33:49.805013+00:00,229.316,0.645,0.64,0.65,0.355,0.35,0.36,19.0,145.46,145.46,19.0,0.63,106.0,0.66,308.0,0.34,308.0,0.37,106.0
2026-01-06 17:33:49.816000+00:00,2026-01-06 17:33:50.320296+00:00,229.816,0.645,0.64,0.65,0.355,0.35,0.36,15.0,140.46,122.46,15.0,0.63,106.0,0.66,308.0,0.34,308.0,0.37,106.0
2026-01-06 17:33:50.338000+00:00,2026-01-06 17:33:50.818051+00:00,230.338,0.645,0.64,0.65,0.355,0.35,0.36,15.0,74.46,76.0,15.0,0.63,53.0,0.66,344.0,0.34,414.0,0.37,53.0
2026-01-06 17:33:50.838000+00:00,2026-01-06 17:33:51.323846+00:00,230.838,0.64,0.63,0.65,0.365,0.36,0.37,86.0,161.0,5.0,15.0,0.62,46.0,0.66,362.0,0.35,433.0,0.38,107.0
2026-01-06 17:33:51.346000+00:00,2026-01-06 17:33:51.824916+00:00,231.346,0.635,0.63,0.64,0.365,0.36,0.37,15.0,139.0,183.85,15.0,0.62,71.0,0.65,476.0,0.35,546.0,0.38,71.0
2026-01-06 17:33:51.847000+00:00,2026-01-06 17:33:52.342923+00:00,231.847,0.62,0.61,0.63,0.38,0.37,0.39,15.0,434.98,495.98,15.0,0.6,354.0,0.64,497.85,0.36,497.85,0.4,171.0
2026-01-06 17:33:52.434000+00:00,2026-01-06 17:33:52.831611+00:00,232.434,0.62,0.61,0.63,0.38,0.37,0.39,20.0,460.0,460.0,20.0,0.6,146.5,0.64,398.85,0.36,398.85,0.4,146.5
2026-01-06 17:33:52.757000+00:00,2026-01-06 17:33:53.337548+00:00,232.757,0.62,0.61,0.63,0.38,0.37,0.39,15.0,465.0,465.0,15.0,0.6,151.5,0.64,398.85,0.36,398.85,0.4,222.5
2026-01-06 17:33:53.368000+00:00,2026-01-06 17:33:53.847889+00:00,233.368,0.62,0.61,0.63,0.375,0.37,0.38,75.0,294.0,289.0,18.0,0.6,181.5,0.64,266.85,0.36,351.85,0.39,107.0
2026-01-06 17:33:53.868000+00:00,2026-01-06 17:33:54.346996+00:00,233.868,0.625,0.62,0.63,0.375,0.37,0.38,18.0,289.0,106.0,18.0,0.61,152.0,0.64,201.85,0.36,30.0,0.39,127.0
2026-01-06 17:33:54.308000+00:00,2026-01-06 17:33:54.857717+00:00,234.308,0.625,0.62,0.63,0.375,0.37,0.38,18.0,111.0,111.0,18.0,0.61,127.0,0.64,25.0,0.36,25.0,0.39,127.0
2026-01-06 17:33:54.860000+00:00,2026-01-06 17:33:55.355892+00:00,234.86,0.625,0.62,0.63,0.375,0.37,0.38,18.0,111.0,40.0,94.0,0.61,145.0,0.64,25.0,0.36,43.0,0.39,356.0
2026-01-06 17:33:55.389000+00:00,2026-01-06 17:33:55.871129+00:00,235.389,0.635,0.63,0.64,0.365,0.36,0.37,5.0,51.0,86.0,5.0,0.62,229.0,0.65,771.0,0.35,816.0,0.38,129.0
2026-01-06 17:33:55.887000+00:00,2026-01-06 17:33:56.375808+00:00,235.887,0.63,0.62,0.64,0.37,0.36,0.38,129.0,86.0,104.0,111.0,0.61,380.0,0.65,633.0,0.35,582.0,0.39,326.0
2026-01-06 17:33:56.391000+00:00,2026-01-06 17:33:56.881711+00:00,236.391,0.635,0.63,0.64,0.365,0.36,0.37,42.0,988.0,1049.0,39.29,0.62,120.0,0.65,394.42,0.35,455.42,0.38,120.0
2026-01-06 17:33:56.919000+00:00,2026-01-06 17:33:57.380728+00:00,236.919,0.615,0.61,0.62,0.385,0.38,0.39,14.19,218.63,194.64,14.19,0.6,18.0,0.63,355.0,0.37,431.0,0.4,5.0
2026-01-06 17:33:57.176000+00:00,2026-01-06 17:33:57.889667+00:00,237.176,0.615,0.61,0.62,0.385,0.38,0.39,14.19,194.64,194.64,14.19,0.6,5.0,0.63,451.0,0.37,451.0,0.4,5.0
2026-01-06 17:33:57.737000+00:00,2026-01-06 17:33:58.391843+00:00,237.737,0.615,0.61,0.62,0.385,0.38,0.39,14.19,194.64,309.64,14.19,0.6,105.0,0.63,451.0,0.37,381.0,0.4,105.0
2026-01-06 17:33:58.179000+00:00,2026-01-06 17:33:58.903714+00:00,238.179,0.615,0.61,0.62,0.385,0.38,0.39,14.19,309.64,309.64,14.19,0.6,105.0,0.63,381.0,0.37,381.0,0.4,105.0
2026-01-06 17:33:58.851000+00:00,2026-01-06 17:33:59.399768+00:00,238.851,0.615,0.61,0.62,0.385,0.38,0.39,14.19,375.64,406.64,14.19,0.59,195.32,0.63,353.42,0.37,368.42,0.41,185.32
2026-01-06 17:33:59.430000+00:00,2026-01-06 17:33:59.912939+00:00,239.43,0.6,0.59,0.61,0.4,0.39,0.41,144.32,140.0,145.0,149.32,0.58,847.0,0.62,311.64,0.38,306.64,0.42,842.0
2026-01-06 17:33:59.919000+00:00,2026-01-06 17:34:00.407841+00:00,239.919,0.595,0.59,0.6,0.405,0.4,0.41,84.35,392.97,397.97,84.35,0.58,193.0,0.61,629.42,0.39,593.42,0.42,28.0
2026-01-06 17:34:00.451000+00:00,2026-01-06 17:34:00.927231+00:00,240.451,0.585,0.58,0.59,0.415,0.41,0.42,188.0,177.62,177.62,301.0,0.57,161.43,0.6,318.98,0.4,318.98,0.43,275.43
2026-01-06 17:34:00.876000+00:00,2026-01-06 17:34:01.422017+00:00,240.876,0.585,0.58,0.59,0.395,0.39,0.4,362.0,111.28,60.0,5.0,0.57,371.43,0.6,14.98,0.38,214.33,0.41,208.99
2026-01-06 17:34:01.469000+00:00,2026-01-06 17:34:01.925677+00:00,241.469,0.595,0.59,0.6,0.405,0.4,0.41,146.99,230.0,364.0,146.99,0.58,30.0,0.61,500.0,0.39,464.0,0.42,30.0
2026-01-06 17:34:01.955000+00:00,2026-01-06 17:34:02.423172+00:00,241.955,0.595,0.59,0.6,0.405,0.4,0.41,146.99,375.33,375.33,141.99,0.58,30.0,0.61,479.0,0.39,474.0,0.42,30.0
2026-01-06 17:34:02.436000+00:00,2026-01-06 17:34:02.927399+00:00,242.436,0.5700000000000001,0.56,0.58,0.43,0.42,0.44,318.13,85.0,90.0,321.11,0.55,788.77,0.59,116.0,0.41,116.0,0.45,783.77
2026-01-06 17:34:02.961000+00:00,2026-01-06 17:34:03.434663+00:00,242.961,0.575,0.57,0.58,0.425,0.42,0.43,5.0,104.99,16.54,45.0,0.56,535.11,0.59,98.0,0.41,120.0,0.44,472.31
2026-01-06 17:34:03.442000+00:00,2026-01-06 17:34:03.923871+00:00,243.442,0.575,0.57,0.58,0.425,0.42,0.43,40.0,11.54,11.54,117.0,0.56,529.31,0.59,138.0,0.41,143.0,0.44,436.31
2026-01-06 17:34:03.940000+00:00,2026-01-06 17:34:04.450821+00:00,243.94,0.575,0.57,0.58,0.425,0.42,0.43,152.0,11.54,11.54,165.0,0.56,411.31,0.59,143.0,0.41,125.0,0.44,322.31
2026-01-06 17:34:04.452000+00:00,2026-01-06 17:34:04.936419+00:00,244.452,0.58,0.57,0.59,0.42,0.41,0.43,194.99,128.65,128.65,194.99,0.56,307.31,0.6,368.31,0.4,386.31,0.44,352.31
2026-01-06 17:34:04.786000+00:00,2026-01-06 17:34:05.461625+00:00,244.786,0.58,0.57,0.59,0.42,0.41,0.43,194.99,128.65,128.65,194.99,0.56,307.31,0.6,386.31,0.4,315.31,0.44,307.31
2026-01-06 17:34:05.374000+00:00,2026-01-06 17:34:05.935876+00:00,245.374,0.58,0.57,0.59,0.415,0.41,0.42,194.99,128.65,40.0,55.0,0.56,307.31,0.6,385.31,0.4,406.87,0.43,140.0
2026-01-06 17:34:05.984000+00:00,2026-01-06 17:34:06.473530+00:00,245.984,0.59,0.58,0.6,0.405,0.4,0.41,221.0,307.87,124.87,18.0,0.57,297.0,0.61,836.63,0.39,635.63,0.42,198.0
2026-01-06 17:34:06.471000+00:00,2026-01-06 17:34:06.957662+00:00,246.471,0.595,0.59,0.6,0.405,0.4,0.41,18.0,124.87,5.0,1.7,0.58,198.0,0.61,690.63,0.39,685.63,0.42,198.0
2026-01-06 17:34:07.372000+00:00,2026-01-06 17:34:07.973051+00:00,247.372,0.59,0.58,0.6,0.41000000000000003,0.4,0.42,271.32,90.0,90.0,371.32,0.57,318.0,0.61,728.63,0.39,728.63,0.43,318.0
2026-01-06 17:34:07.856000+00:00,2026-01-06 17:34:08.501003+00:00,247.856,0.59,0.58,0.6,0.41000000000000003,0.4,0.42,338.32,90.0,90.0,338.32,0.57,307.99,0.61,764.63,0.39,764.63,0.43,307.99
2026-01-06 17:34:08.388000+00:00,2026-01-06 17:34:08.990206+00:00,248.388,0.59,0.58,0.6,0.41000000000000003,0.4,0.42,335.32,90.0,90.0,335.32,0.57,298.0,0.61,787.63,0.39,781.75,0.43,298.0
2026-01-06 17:34:09.033000+00:00,2026-01-06 17:34:09.504233+00:00,249.033,0.585,0.58,0.59,0.415,0.41,0.42,320.32,13.71,12.0,458.62,0.57,550.0,0.6,35.0,0.4,35.0,0.43,520.0
2026-01-06 17:34:09.511000+00:00,2026-01-06 17:34:09.986978+00:00,249.511,0.595,0.59,0.6,0.395,0.39,0.4,21.66,35.0,15.0,84.33,0.58,968.29,0.61,15.0,0.38,28.13,0.41,239.8
2026-01-06 17:34:10.036000+00:00,2026-01-06 17:34:10.505249+00:00,250.036,0.625,0.61,0.64,0.365,0.36,0.37,127.66,469.56,2.56,49.99,0.6,338.6,0.65,416.11,0.35,136.53,0.38,28.13
2026-01-06 17:34:10.461000+00:00,2026-01-06 17:34:10.972578+00:00,250.461,0.64,0.63,0.65,0.36,0.35,0.37,111.65,126.09,126.09,131.65,0.62,153.13,0.66,338.0,0.34,338.0,0.38,153.13
2026-01-06 17:34:11.048000+00:00,2026-01-06 17:34:11.522849+00:00,251.048,0.645,0.64,0.65,0.355,0.35,0.36,86.7,23.0,23.0,61.66,0.63,60.0,0.66,636.0,0.34,671.0,0.37,85.0
2026-01-06 17:34:11.462000+00:00,2026-01-06 17:34:11.977508+00:00,251.462,0.645,0.64,0.65,0.355,0.35,0.36,91.66,23.0,23.0,75.43,0.63,55.0,0.66,671.0,0.34,671.0,0.37,55.0
2026-01-06 17:34:12.054000+00:00,2026-01-06 17:34:12.532352+00:00,252.054,0.645,0.64,0.65,0.355,0.35,0.36,80.43,23.0,23.0,64.4,0.63,55.0,0.66,671.0,0.34,671.0,0.37,55.0
2026-01-06 17:34:12.467000+00:00,2026-01-06 17:34:12.987284+00:00,252.467,0.645,0.64,0.65,0.355,0.35,0.36,59.4,121.0,121.0,59.4,0.63,55.0,0.66,755.0,0.34,755.0,0.37,55.0
2026-01-06 17:34:13.089000+00:00,2026-01-06 17:34:13.554518+00:00,253.089,0.63,0.62,0.64,0.375,0.37,0.38,344.0,301.0,103.0,289.0,0.61,361.99,0.65,419.0,0.36,300.0,0.39,416.99
2026-01-06 17:34:13.506000+00:00,2026-01-06 17:34:13.989969+00:00,253.506,0.625,0.62,0.63,0.375,0.37,0.38,196.0,5.0,5.0,323.0,0.61,84.0,0.64,290.0,0.36,254.0,0.39,170.0
2026-01-06 17:34:14.103000+00:00,2026-01-06 17:34:14.574557+00:00,254.103,0.635,0.63,0.64,0.365,0.36,0.37,85.0,71.0,86.0,120.0,0.62,372.0,0.65,345.0,0.35,345.0,0.38,337.0
2026-01-06 17:34:14.526000+00:00,2026-01-06 17:34:15.005300+00:00,254.526,0.635,0.63,0.64,0.365,0.36,0.37,120.0,91.0,91.0,120.0,0.62,352.0,0.65,297.0,0.35,279.0,0.38,252.0
2026-01-06 17:34:15.104000+00:00,2026-01-06 17:34:15.586059+00:00,255.104,0.635,0.63,0.64,0.365,0.36,0.37,120.0,80.68,85.68,120.0,0.62,252.0,0.65,372.0,0.35,385.0,0.38,252.0
2026-01-06 17:34:15.440000+00:00,2026-01-06 17:34:16.006352+00:00,255.44,0.635,0.63,0.64,0.365,0.36,0.37,120.0,85.68,85.68,120.0,0.62,191.0,0.65,446.0,0.35,446.0,0.38,191.0
2026-01-06 17:34:16.114000+00:00,2026-01-06 17:34:16.589611+00:00,256.114,0.635,0.63,0.64,0.365,0.36,0.37,125.0,65.68,65.68,212.0,0.62,223.0,0.65,274.0,0.35,259.0,0.38,241.0
2026-01-06 17:34:16.622000+00:00,2026-01-06 17:34:17.014758+00:00,256.622,0.645,0.64,0.65,0.355,0.35,0.36,50.0,71.0,71.0,68.0,0.63,147.0,0.66,586.0,0.34,586.0,0.37,147.0
2026-01-06 17:34:17.092000+00:00,2026-01-06 17:34:17.586579+00:00,257.092,0.645,0.64,0.65,0.355,0.35,0.36,83.0,5.0,5.0,83.0,0.63,147.0,0.66,581.0,0.34,581.0,0.37,147.0
2026-01-06 17:34:17.480000+00:00,2026-01-06 17:34:18.031076+00:00,257.48,0.645,0.64,0.65,0.355,0.35,0.36,79.41,75.0,75.0,79.41,0.63,232.0,0.66,651.0,0.34,651.0,0.37,232.0
2026-01-06 17:34:18.030000+00:00,2026-01-06 17:34:18.600476+00:00,258.03,0.645,0.64,0.65,0.355,0.35,0.36,79.41,75.0,75.0,79.41,0.63,214.0,0.66,669.0,0.34,723.0,0.37,422.0
2026-01-06 17:34:18.594000+00:00,2026-01-06 17:34:19.040789+00:00,258.594,0.645,0.64,0.65,0.355,0.35,0.36,65.0,75.0,75.0,65.0,0.63,368.0,0.66,741.0,0.34,741.0,0.37,350.0
2026-01-06 17:34:19.115000+00:00,2026-01-06 17:34:19.598460+00:00,259.115,0.645,0.64,0.65,0.355,0.35,0.36,42.22,75.0,75.0,57.22,0.63,365.0,0.66,741.0,0.34,756.0,0.37,365.0
2026-01-06 17:34:19.200000+00:00,2026-01-06 17:34:20.037351+00:00,259.2,0.645,0.64,0.65,0.355,0.35,0.36,57.22,75.0,75.0,57.22,0.63,365.0,0.66,756.0,0.34,756.0,0.37,350.0
2026-01-06 17:34:20.126000+00:00,2026-01-06 17:34:20.602731+00:00,260.126,0.645,0.64,0.65,0.355,0.35,0.36,57.22,129.0,129.0,57.22,0.63,314.0,0.66,738.0,0.34,738.0,0.37,314.0
2026-01-06 17:34:20.490000+00:00,2026-01-06 17:34:21.038838+00:00,260.49,0.645,0.64,0.65,0.355,0.35,0.36,52.22,129.0,129.0,52.22,0.63,314.0,0.66,738.0,0.34,738.0,0.37,314.0
2026-01-06 17:34:21.114000+00:00,2026-01-06 17:34:21.597893+00:00,261.114,0.645,0.64,0.65,0.355,0.35,0.36,52.22,75.0,75.0,52.22,0.63,365.0,0.66,756.0,0.34,756.0,0.37,383.0
2026-01-06 17:34:21.559000+00:00,2026-01-06 17:34:22.047488+00:00,261.559,0.645,0.64,0.65,0.355,0.35,0.36,52.22,75.0,75.0,52.22,0.63,419.0,0.66,666.0,0.34,684.0,0.37,419.0
2026-01-06 17:34:22.349000+00:00,2026-01-06 17:34:23.049743+00:00,262.349,0.645,0.64,0.65,0.355,0.35,0.36,52.22,75.0,75.0,52.22,0.63,265.0,0.66,702.0,0.34,702.0,0.37,265.0
2026-01-06 17:34:22.922000+00:00,2026-01-06 17:34:23.584599+00:00,262.922,0.645,0.64,0.65,0.355,0.35,0.36,52.22,75.0,75.0,52.22,0.63,265.0,0.66,702.0,0.34,702.0,0.37,265.0
2026-01-06 17:34:23.553000+00:00,2026-01-06 17:34:24.058719+00:00,263.553,0.645,0.64,0.65,0.355,0.35,0.36,52.22,75.0,75.0,52.22,0.63,247.0,0.66,756.0,0.34,756.0,0.37,247.0
2026-01-06 17:34:23.992000+00:00,2026-01-06 17:34:24.593593+00:00,263.992,0.645,0.64,0.65,0.355,0.35,0.36,44.99,110.0,110.0,44.99,0.63,212.0,0.66,746.0,0.34,746.0,0.37,212.0
2026-01-06 17:34:24.411000+00:00,2026-01-06 17:34:25.054853+00:00,264.411,0.645,0.64,0.65,0.355,0.35,0.36,44.99,110.0,110.0,44.99,0.63,212.0,0.66,726.0,0.34,726.0,0.37,212.0
2026-01-06 17:34:25.114000+00:00,2026-01-06 17:34:25.584577+00:00,265.114,0.645,0.64,0.65,0.35,0.34,0.36,49.99,110.0,20.0,271.99,0.63,212.0,0.66,669.0,0.33,347.0,0.37,317.0
2026-01-06 17:34:25.580000+00:00,2026-01-06 17:34:26.075331+00:00,265.58,0.655,0.65,0.66,0.345,0.34,0.35,438.0,15.0,15.0,499.0,0.64,252.99,0.67,55.0,0.33,55.0,0.36,252.99
2026-01-06 17:34:26.088000+00:00,2026-01-06 17:34:26.578408+00:00,266.088,0.675,0.67,0.68,0.325,0.32,0.33,35.0,164.05,128.05,55.0,0.66,111.0,0.69,767.0,0.31,894.0,0.34,111.0
2026-01-06 17:34:26.595000+00:00,2026-01-06 17:34:27.072425+00:00,266.595,0.675,0.67,0.68,0.325,0.32,0.33,217.0,74.05,74.05,288.0,0.66,274.7,0.69,673.0,0.31,673.0,0.34,274.7
2026-01-06 17:34:27.058000+00:00,2026-01-06 17:34:27.579801+00:00,267.058,0.685,0.68,0.69,0.315,0.31,0.32,11.4,163.0,171.0,11.4,0.67,217.0,0.7,221.66,0.3,221.66,0.33,222.0
2026-01-06 17:34:27.585000+00:00,2026-01-06 17:34:28.076699+00:00,267.585,0.685,0.68,0.69,0.315,0.31,0.32,11.4,171.0,176.0,11.4,0.67,212.0,0.7,221.66,0.3,221.66,0.33,212.0
2026-01-06 17:34:28.129000+00:00,2026-01-06 17:34:28.587336+00:00,268.129,0.685,0.68,0.69,0.315,0.31,0.32,5.34,177.0,177.0,5.34,0.67,212.0,0.7,221.66,0.3,414.66,0.33,212.0
2026-01-06 17:34:28.595000+00:00,2026-01-06 17:34:29.064482+00:00,268.595,0.6799999999999999,0.67,0.69,0.32,0.31,0.33,166.0,286.65,338.65,161.0,0.66,169.9,0.7,405.66,0.3,369.66,0.34,169.9
2026-01-06 17:34:29.032000+00:00,2026-01-06 17:34:29.594844+00:00,269.032,0.675,0.67,0.68,0.325,0.32,0.33,161.0,93.0,93.0,161.0,0.66,49.9,0.69,308.65,0.31,278.65,0.34,49.9
2026-01-06 17:34:29.591000+00:00,2026-01-06 17:34:30.069451+00:00,269.591,0.675,0.67,0.68,0.325,0.32,0.33,161.0,93.0,93.0,161.0,0.66,103.9,0.69,378.65,0.31,378.65,0.34,103.9
2026-01-06 17:34:30.043000+00:00,2026-01-06 17:34:30.609856+00:00,270.043,0.675,0.67,0.68,0.325,0.32,0.33,90.0,93.0,93.0,90.0,0.66,82.0,0.69,180.0,0.31,180.0,0.34,97.0
2026-01-06 17:34:30.578000+00:00,2026-01-06 17:34:31.073841+00:00,270.578,0.675,0.67,0.68,0.325,0.32,0.33,90.0,93.0,93.0,90.0,0.66,102.0,0.69,189.65,0.31,180.0,0.34,102.0
2026-01-06 17:34:31.117000+00:00,2026-01-06 17:34:31.624241+00:00,271.117,0.675,0.67,0.68,0.325,0.32,0.33,105.0,93.0,93.0,105.0,0.66,87.0,0.69,180.0,0.31,180.0,0.34,87.0
2026-01-06 17:34:31.406000+00:00,2026-01-06 17:34:32.072538+00:00,271.406,0.675,0.67,0.68,0.325,0.32,0.33,110.0,91.52,91.52,110.0,0.66,82.0,0.69,180.0,0.31,180.0,0.34,82.0
2026-01-06 17:34:32.599000+00:00,2026-01-06 17:34:33.089200+00:00,272.599,0.675,0.67,0.68,0.325,0.32,0.33,75.0,220.52,202.52,65.0,0.66,40.0,0.69,595.65,0.31,349.65,0.34,40.0
2026-01-06 17:34:32.951000+00:00,2026-01-06 17:34:33.622096+00:00,272.951,0.675,0.67,0.68,0.325,0.32,0.33,65.0,220.52,250.52,44.0,0.66,45.0,0.69,372.65,0.31,348.0,0.34,45.34
2026-01-06 17:34:33.627000+00:00,2026-01-06 17:34:34.102513+00:00,273.627,0.665,0.66,0.67,0.33,0.32,0.34,117.22,5.0,247.0,129.82,0.65,280.36,0.68,242.0,0.31,343.0,0.35,380.36
2026-01-06 17:34:34.009000+00:00,2026-01-06 17:34:34.642729+00:00,274.009,0.675,0.67,0.68,0.325,0.32,0.33,15.0,217.0,217.0,15.0,0.66,124.48,0.69,367.65,0.31,367.65,0.34,124.48
2026-01-06 17:34:34.542000+00:00,2026-01-06 17:34:35.116857+00:00,274.542,0.67,0.66,0.68,0.33,0.32,0.34,183.82,281.0,281.0,183.82,0.65,244.36,0.69,513.0,0.31,513.0,0.35,244.36
2026-01-06 17:34:35.164000+00:00,2026-01-06 17:34:35.651103+00:00,275.164,0.675,0.67,0.68,0.325,0.32,0.33,15.0,181.0,163.0,15.0,0.66,178.48,0.69,582.65,0.31,582.65,0.34,178.48
2026-01-06 17:34:35.647000+00:00,2026-01-06 17:34:36.126136+00:00,275.647,0.675,0.67,0.68,0.325,0.32,0.33,15.0,163.0,163.0,15.0,0.66,196.48,0.69,523.65,0.31,523.65,0.34,196.48
2026-01-06 17:34:36.136000+00:00,2026-01-06 17:34:36.653409+00:00,276.136,0.675,0.67,0.68,0.325,0.32,0.33,348.0,88.0,88.0,348.0,0.66,189.6,0.69,278.0,0.31,278.0,0.34,189.6
2026-01-06 17:34:36.678000+00:00,2026-01-06 17:34:37.142724+00:00,276.678,0.675,0.67,0.68,0.325,0.32,0.33,314.0,102.66,102.66,309.0,0.66,277.6,0.69,208.99,0.31,223.99,0.34,300.6
2026-01-06 17:34:37.081000+00:00,2026-01-06 17:34:37.672507+00:00,277.081,0.675,0.67,0.68,0.325,0.32,0.33,309.0,77.66,74.66,386.0,0.66,300.6,0.69,211.99,0.31,91.0,0.34,223.6
2026-01-06 17:34:37.591000+00:00,2026-01-06 17:34:38.138543+00:00,277.591,0.675,0.67,0.68,0.325,0.32,0.33,381.0,69.43,69.43,376.0,0.66,323.6,0.69,91.0,0.31,175.99,0.34,328.6
2026-01-06 17:34:38.219000+00:00,2026-01-06 17:34:38.690299+00:00,278.219,0.675,0.67,0.68,0.325,0.32,0.33,304.0,189.43,92.43,269.0,0.66,324.6,0.69,173.0,0.31,310.99,0.34,277.6
2026-01-06 17:34:38.652000+00:00,2026-01-06 17:34:39.143798+00:00,278.652,0.675,0.67,0.68,0.325,0.32,0.33,380.0,68.37,68.37,370.0,0.66,342.6,0.69,257.0,0.31,135.0,0.34,342.6
2026-01-06 17:34:39.141000+00:00,2026-01-06 17:34:39.691853+00:00,279.141,0.675,0.67,0.68,0.325,0.32,0.33,299.0,83.37,83.37,299.0,0.66,342.6,0.69,117.0,0.31,117.0,0.34,342.6
2026-01-06 17:34:39.491000+00:00,2026-01-06 17:34:40.143035+00:00,279.491,0.675,0.67,0.68,0.325,0.32,0.33,294.0,78.37,78.37,294.0,0.66,347.6,0.69,192.0,0.31,187.0,0.34,337.6
2026-01-06 17:34:40.218000+00:00,2026-01-06 17:34:40.703733+00:00,280.218,0.675,0.67,0.68,0.325,0.32,0.33,290.96,78.37,78.37,112.96,0.66,337.6,0.69,284.0,0.31,223.0,0.34,295.6
2026-01-06 17:34:40.661000+00:00,2026-01-06 17:34:41.153299+00:00,280.661,0.675,0.67,0.68,0.325,0.32,0.33,112.96,78.37,78.37,112.96,0.66,295.6,0.69,158.0,0.31,176.0,0.34,295.6
2026-01-06 17:34:41.244000+00:00,2026-01-06 17:34:41.719891+00:00,281.244,0.675,0.67,0.68,0.325,0.32,0.33,112.96,78.37,78.37,112.96,0.66,295.6,0.69,241.0,0.31,259.0,0.34,295.6
2026-01-06 17:34:41.457000+00:00,2026-01-06 17:34:42.163048+00:00,281.457,0.675,0.67,0.68,0.325,0.32,0.33,112.96,78.37,78.37,112.96,0.66,395.6,0.69,259.0,0.31,264.0,0.34,400.6
2026-01-06 17:34:42.545000+00:00,2026-01-06 17:34:43.160132+00:00,282.545,0.675,0.67,0.68,0.325,0.32,0.33,41.96,78.37,78.37,41.96,0.66,400.6,0.69,264.0,0.31,259.0,0.34,395.6
2026-01-06 17:34:42.749000+00:00,2026-01-06 17:34:43.734975+00:00,282.749,0.675,0.67,0.68,0.325,0.32,0.33,41.96,78.37,78.37,41.96,0.66,395.6,0.69,259.0,0.31,259.0,0.34,395.6
2026-01-06 17:34:43.655000+00:00,2026-01-06 17:34:44.173906+00:00,283.655,0.675,0.67,0.68,0.325,0.32,0.33,163.96,78.37,78.37,163.96,0.66,395.6,0.69,244.0,0.31,259.0,0.34,395.6
2026-01-06 17:34:44.141000+00:00,2026-01-06 17:34:44.749776+00:00,284.141,0.675,0.67,0.68,0.325,0.32,0.33,224.96,72.49,133.49,224.96,0.66,395.6,0.69,259.0,0.31,259.0,0.34,205.6
2026-01-06 17:34:44.424000+00:00,2026-01-06 17:34:45.173582+00:00,284.424,0.675,0.67,0.68,0.325,0.32,0.33,224.96,133.49,133.49,224.96,0.66,205.6,0.69,259.0,0.31,259.0,0.34,205.6
2026-01-06 17:34:45.249000+00:00,2026-01-06 17:34:45.750144+00:00,285.249,0.675,0.67,0.68,0.325,0.32,0.33,224.96,72.49,90.49,224.96,0.66,337.6,0.69,259.0,0.31,205.0,0.34,247.6
2026-01-06 17:34:45.574000+00:00,2026-01-06 17:34:46.183995+00:00,285.574,0.675,0.67,0.68,0.325,0.32,0.33,224.96,108.49,108.49,224.96,0.66,247.6,0.69,277.0,0.31,277.0,0.34,247.6
2026-01-06 17:34:46.254000+00:00,2026-01-06 17:34:46.758353+00:00,286.254,0.675,0.67,0.68,0.33,0.32,0.34,154.65,281.49,281.49,94.6,0.66,277.6,0.69,472.0,0.31,533.0,0.35,239.0
2026-01-06 17:34:46.700000+00:00,2026-01-06 17:34:47.190692+00:00,286.7,0.67,0.66,0.68,0.33,0.32,0.34,94.6,276.49,276.49,94.6,0.65,239.0,0.69,533.0,0.31,533.0,0.35,239.0
2026-01-06 17:34:47.292000+00:00,2026-01-06 17:34:47.768452+00:00,287.292,0.67,0.66,0.68,0.335,0.33,0.34,52.6,261.49,150.0,12.6,0.65,239.0,0.69,533.0,0.32,394.49,0.35,90.0
2026-01-06 17:34:47.707000+00:00,2026-01-06 17:34:48.186384+00:00,287.707,0.665,0.66,0.67,0.335,0.33,0.34,12.6,1018.0,1074.0,12.6,0.64,37.8,0.68,481.49,0.32,481.49,0.36,37.8
2026-01-06 17:34:48.263000+00:00,2026-01-06 17:34:48.771337+00:00,288.263,0.64,0.63,0.65,0.36,0.35,0.37,45.57,204.98,209.98,50.57,0.62,780.0,0.66,373.99,0.34,368.99,0.38,775.0
2026-01-06 17:34:48.574000+00:00,2026-01-06 17:34:49.196087+00:00,288.574,0.64,0.63,0.65,0.36,0.35,0.37,50.57,209.98,209.98,35.57,0.62,775.0,0.66,368.99,0.34,368.99,0.38,775.0
2026-01-06 17:34:49.302000+00:00,2026-01-06 17:34:49.782788+00:00,289.302,0.63,0.62,0.64,0.375,0.37,0.38,765.0,115.0,20.0,251.0,0.61,355.0,0.65,140.0,0.36,242.0,0.39,329.0
2026-01-06 17:34:49.728000+00:00,2026-01-06 17:34:50.218030+00:00,289.728,0.63,0.62,0.64,0.37,0.36,0.38,68.0,303.0,303.0,58.0,0.61,187.0,0.65,574.98,0.35,574.98,0.39,187.0
2026-01-06 17:34:50.313000+00:00,2026-01-06 17:34:50.797985+00:00,290.313,0.615,0.61,0.62,0.395,0.39,0.4,35.0,150.0,127.0,218.0,0.6,665.0,0.63,157.0,0.38,223.97,0.41,316.0
2026-01-06 17:34:50.736000+00:00,2026-01-06 17:34:51.210874+00:00,290.736,0.6,0.59,0.61,0.4,0.39,0.41,225.0,120.0,120.0,225.0,0.58,293.0,0.62,291.0,0.38,352.0,0.42,110.0
2026-01-06 17:34:51.306000+00:00,2026-01-06 17:34:51.799451+00:00,291.306,0.6,0.59,0.61,0.4,0.39,0.41,183.12,120.0,110.0,183.12,0.58,115.0,0.62,352.0,0.38,352.0,0.42,115.0
2026-01-06 17:34:51.743000+00:00,2026-01-06 17:34:52.223787+00:00,291.743,0.595,0.59,0.6,0.405,0.4,0.41,35.0,115.0,120.0,35.0,0.58,210.0,0.61,70.0,0.39,99.0,0.42,174.0
2026-01-06 17:34:52.354000+00:00,2026-01-06 17:34:52.817656+00:00,292.354,0.605,0.6,0.61,0.395,0.39,0.4,10.62,115.0,130.0,10.62,0.59,47.6,0.62,471.99,0.38,471.99,0.41,40.0
2026-01-06 17:34:52.754000+00:00,2026-01-06 17:34:53.245016+00:00,292.754,0.605,0.6,0.61,0.395,0.39,0.4,10.62,209.0,194.0,10.62,0.59,40.0,0.62,417.99,0.38,417.99,0.41,40.0
2026-01-06 17:34:53.334000+00:00,2026-01-06 17:34:53.820054+00:00,293.334,0.605,0.6,0.61,0.405,0.4,0.41,10.62,169.0,115.0,140.0,0.59,40.0,0.62,435.99,0.39,114.0,0.42,215.62
2026-01-06 17:34:53.721000+00:00,2026-01-06 17:34:54.250678+00:00,293.721,0.595,0.59,0.6,0.4,0.39,0.41,40.0,115.0,130.0,52.6,0.58,215.62,0.61,114.0,0.38,442.0,0.42,174.62
2026-01-06 17:34:54.356000+00:00,2026-01-06 17:34:54.831804+00:00,294.356,0.615,0.61,0.62,0.385,0.38,0.39,250.6,183.0,183.0,255.6,0.6,333.0,0.63,454.0,0.37,454.0,0.4,343.0
2026-01-06 17:34:54.755000+00:00,2026-01-06 17:34:55.244450+00:00,294.755,0.625,0.62,0.63,0.375,0.37,0.38,66.0,150.0,144.0,171.97,0.61,306.6,0.64,192.99,0.36,192.99,0.39,342.6
2026-01-06 17:34:55.338000+00:00,2026-01-06 17:34:55.842161+00:00,295.338,0.625,0.62,0.63,0.375,0.37,0.38,171.97,144.0,144.0,161.97,0.61,342.6,0.64,192.99,0.36,192.99,0.39,342.6
