timestamp,seconds,mid,bid,ask,asset
2026-01-07 07:00:00+00:00,0.0,3250.57,3250.45,3250.69,ETH
2026-01-07 07:00:01+00:00,1.0,3250.61,3250.46,3250.74,ETH
2026-01-07 07:00:02+00:00,2.0,3250.7,3250.56,3250.93,ETH
2026-01-07 07:00:03+00:00,3.0,3250.82,3250.71,3251.07,ETH
2026-01-07 07:00:04+00:00,4.0,3250.91,3250.76,3251.07,ETH
2026-01-07 07:00:05+00:00,5.0,3250.92,3250.76,3251.07,ETH
2026-01-07 07:00:06+00:00,6.0,3250.97,3250.78,3251.12,ETH
2026-01-07 07:00:07+00:00,7.0,3251.04,3250.83,3251.16,ETH
2026-01-07 07:00:08+00:00,8.0,3251.07,3250.9,3251.18,ETH
2026-01-07 07:00:09+00:00,9.0,3251.06,3250.94,3251.16,ETH
2026-01-07 07:00:10+00:00,10.0,3251.06,3250.93,3251.11,ETH
2026-01-07 07:00:11+00:00,11.0,3251.07,3250.93,3251.13,ETH
2026-01-07 07:00:12+00:00,12.0,3251.07,3250.94,3251.12,ETH
2026-01-07 07:00:13+00:00,13.0,3251.07,3250.94,3251.12,ETH
2026-01-07 07:00:14+00:00,14.0,3251.02,3250.93,3251.11,ETH
2026-01-07 07:00:15+00:00,15.0,3251.03,3250.94,3251.11,ETH
2026-01-07 07:00:16+00:00,16.0,3251.07,3250.96,3251.16,ETH
2026-01-07 07:00:17+00:00,17.0,3251.06,3250.96,3251.18,ETH
2026-01-07 07:00:18+00:00,18.0,3251.04,3250.95,3251.18,ETH
2026-01-07 07:00:19+00:00,19.0,3251.06,3250.95,3251.16,ETH
2026-01-07 07:00:20+00:00,20.0,3251.07,3250.96,3251.15,ETH
2026-01-07 07:00:21+00:00,21.0,3251.07,3250.97,3251.16,ETH
2026-01-07 07:00:22+00:00,22.0,3251.11,3251.02,3251.19,ETH
2026-01-07 07:00:23+00:00,23.0,3251.21,3251.08,3251.31,ETH
2026-01-07 07:00:24+00:00,24.0,3251.27,3251.09,3251.41,ETH
2026-01-07 07:00:25+00:00,25.0,3251.29,3251.1,3251.41,ETH
2026-01-07 07:00:26+00:00,26.0,3251.31,3251.11,3251.41,ETH
2026-01-07 07:00:27+00:00,27.0,3251.3,3251.12,3251.41,ETH
2026-01-07 07:00:28+00:00,28.0,3251.35,3251.2,3251.45,ETH
2026-01-07 07:00:29+00:00,29.0,3251.44,3251.31,3251.53,ETH
2026-01-07 07:00:30+00:00,30.0,3251.48,3251.36,3251.56,ETH
2026-01-07 07:00:31+00:00,31.0,3251.5,3251.37,3251.6,ETH
2026-01-07 07:00:32+00:00,32.0,3251.53,3251.4,3251.62,ETH
2026-01-07 07:00:33+00:00,33.0,3251.54,3251.43,3251.58,ETH
2026-01-07 07:00:34+00:00,34.0,3251.56,3251.48,3251.6,ETH
2026-01-07 07:00:35+00:00,35.0,3251.56,3251.54,3251.66,ETH
2026-01-07 07:00:36+00:00,36.0,3251.56,3251.54,3251.66,ETH
2026-01-07 07:00:37+00:00,37.0,3251.57,3251.54,3251.67,ETH
2026-01-07 07:00:38+00:00,38.0,3251.59,3251.54,3251.62,ETH
2026-01-07 07:00:39+00:00,39.0,3251.61,3251.54,3251.67,ETH
2026-01-07 07:00:40+00:00,40.0,3251.67,3251.53,3251.71,ETH
2026-01-07 07:00:41+00:00,41.0,3251.64,3251.53,3251.89,ETH
2026-01-07 07:00:42+00:00,42.0,3251.66,3251.54,3251.81,ETH
2026-01-07 07:00:43+00:00,43.0,3251.69,3251.56,3251.8,ETH
2026-01-07 07:00:44+00:00,44.0,3251.69,3251.56,3251.8,ETH
2026-01-07 07:00:45+00:00,45.0,3251.73,3251.55,3251.8,ETH
2026-01-07 07:00:46+00:00,46.0,3251.68,3251.53,3251.73,ETH
2026-01-07 07:00:47+00:00,47.0,3251.69,3251.48,3251.76,ETH
2026-01-07 07:00:48+00:00,48.0,3251.66,3251.49,3251.7,ETH
2026-01-07 07:00:49+00:00,49.0,3251.61,3251.49,3251.67,ETH
2026-01-07 07:00:50+00:00,50.0,3251.64,3251.47,3251.73,ETH
2026-01-07 07:00:51+00:00,51.0,3251.61,3251.47,3251.72,ETH
2026-01-07 07:00:52+00:00,52.0,3251.63,3251.48,3251.68,ETH
2026-01-07 07:00:53+00:00,53.0,3251.62,3251.49,3251.68,ETH
2026-01-07 07:00:54+00:00,54.0,3251.61,3251.49,3251.68,ETH
2026-01-07 07:00:55+00:00,55.0,3251.6,3251.49,3251.68,ETH
2026-01-07 07:00:56+00:00,56.0,3251.61,3251.49,3251.67,ETH
2026-01-07 07:00:57+00:00,57.0,3251.61,3251.49,3251.68,ETH
2026-01-07 07:00:58+00:00,58.0,3251.61,3251.5,3251.68,ETH
2026-01-07 07:00:59+00:00,59.0,3251.63,3251.52,3251.68,ETH
2026-01-07 07:01:00+00:00,60.0,3251.63,3251.52,3251.68,ETH
2026-01-07 07:01:01+00:00,61.0,3251.6,3251.52,3251.67,ETH
2026-01-07 07:01:02+00:00,62.0,3251.6,3251.53,3251.67,ETH
2026-01-07 07:01:03+00:00,63.0,3251.58,3251.52,3251.67,ETH
2026-01-07 07:01:04+00:00,64.0,3251.62,3251.51,3251.67,ETH
2026-01-07 07:01:05+00:00,65.0,3252.06,3251.89,3252.27,ETH
2026-01-07 07:01:06+00:00,66.0,3252.12,3251.99,3252.25,ETH
2026-01-07 07:01:07+00:00,67.0,3251.97,3251.96,3252.18,ETH
2026-01-07 07:01:08+00:00,68.0,3251.73,3251.64,3251.8,ETH
2026-01-07 07:01:09+00:00,69.0,3251.75,3251.61,3251.8,ETH
2026-01-07 07:01:10+00:00,70.0,3251.85,3251.59,3252.12,ETH
2026-01-07 07:01:11+00:00,71.0,3252.43,3252.2,3252.47,ETH
2026-01-07 07:01:12+00:00,72.0,3252.43,3252.19,3252.47,ETH
2026-01-07 07:01:13+00:00,73.0,3252.43,3252.28,3252.66,ETH
2026-01-07 07:01:14+00:00,74.0,3252.53,3252.33,3252.59,ETH
2026-01-07 07:01:15+00:00,75.0,3252.54,3252.33,3252.61,ETH
2026-01-07 07:01:16+00:00,76.0,3252.59,3252.42,3252.63,ETH
2026-01-07 07:01:17+00:00,77.0,3252.59,3252.39,3252.76,ETH
2026-01-07 07:01:18+00:00,78.0,3252.59,3252.42,3252.84,ETH
2026-01-07 07:01:19+00:00,79.0,3252.59,3252.44,3252.83,ETH
2026-01-07 07:01:20+00:00,80.0,3252.59,3252.44,3252.83,ETH
2026-01-07 07:01:21+00:00,81.0,3252.59,3252.44,3252.78,ETH
2026-01-07 07:01:22+00:00,82.0,3252.59,3252.45,3252.68,ETH
2026-01-07 07:01:23+00:00,83.0,3252.59,3252.45,3252.7,ETH
2026-01-07 07:01:24+00:00,84.0,3252.59,3252.43,3252.66,ETH
2026-01-07 07:01:25+00:00,85.0,3252.74,3252.57,3252.88,ETH
2026-01-07 07:01:26+00:00,86.0,3252.95,3252.79,3253.11,ETH
2026-01-07 07:01:27+00:00,87.0,3252.98,3252.88,3253.16,ETH
2026-01-07 07:01:28+00:00,88.0,3252.93,3252.9,3253.16,ETH
2026-01-07 07:01:29+00:00,89.0,3252.92,3252.89,3253.16,ETH
2026-01-07 07:01:30+00:00,90.0,3252.92,3252.88,3253.16,ETH
2026-01-07 07:01:31+00:00,91.0,3252.85,3252.81,3253.01,ETH
2026-01-07 07:01:33+00:00,93.0,3252.78,3252.75,3252.94,ETH
2026-01-07 07:01:34+00:00,94.0,3252.94,3252.79,3253.0,ETH
2026-01-07 07:01:35+00:00,95.0,3253.02,3252.79,3253.12,ETH
2026-01-07 07:01:36+00:00,96.0,3252.93,3252.86,3253.12,ETH
2026-01-07 07:01:37+00:00,97.0,3253.0,3252.85,3253.12,ETH
2026-01-07 07:01:38+00:00,98.0,3253.0,3252.85,3253.12,ETH
2026-01-07 07:01:40+00:00,100.0,3253.03,3252.86,3253.12,ETH
2026-01-07 07:01:42+00:00,102.0,3252.99,3252.82,3253.04,ETH
2026-01-07 07:01:43+00:00,103.0,3253.02,3252.84,3253.06,ETH
2026-01-07 07:01:44+00:00,104.0,3253.01,3252.85,3253.07,ETH
2026-01-07 07:01:46+00:00,106.0,3252.97,3252.85,3253.06,ETH
2026-01-07 07:01:47+00:00,107.0,3253.03,3252.85,3253.07,ETH
2026-01-07 07:01:48+00:00,108.0,3253.06,3252.84,3253.14,ETH
2026-01-07 07:01:49+00:00,109.0,3253.19,3253.03,3253.29,ETH
2026-01-07 07:01:50+00:00,110.0,3253.42,3253.28,3253.63,ETH
2026-01-07 07:01:51+00:00,111.0,3253.57,3253.38,3253.83,ETH
2026-01-07 07:01:52+00:00,112.0,3253.71,3253.49,3253.9,ETH
2026-01-07 07:01:53+00:00,113.0,3253.8,3253.62,3253.98,ETH
2026-01-07 07:01:54+00:00,114.0,3253.8,3253.66,3253.99,ETH
2026-01-07 07:01:55+00:00,115.0,3253.8,3253.66,3253.96,ETH
2026-01-07 07:01:56+00:00,116.0,3253.79,3253.66,3253.95,ETH
2026-01-07 07:01:57+00:00,117.0,3253.79,3253.65,3253.95,ETH
2026-01-07 07:01:58+00:00,118.0,3253.79,3253.65,3253.95,ETH
2026-01-07 07:01:59+00:00,119.0,3253.79,3253.65,3253.95,ETH
2026-01-07 07:02:00+00:00,120.0,3253.79,3253.65,3253.94,ETH
2026-01-07 07:02:01+00:00,121.0,3253.79,3253.65,3253.93,ETH
2026-01-07 07:02:02+00:00,122.0,3253.79,3253.66,3253.93,ETH
2026-01-07 07:02:03+00:00,123.0,3253.79,3253.68,3253.93,ETH
2026-01-07 07:02:04+00:00,124.0,3253.79,3253.68,3253.93,ETH
2026-01-07 07:02:05+00:00,125.0,3253.79,3253.67,3253.93,ETH
2026-01-07 07:02:06+00:00,126.0,3253.79,3253.67,3253.93,ETH
2026-01-07 07:02:07+00:00,127.0,3253.79,3253.67,3253.93,ETH
2026-01-07 07:02:09+00:00,129.0,3253.79,3253.67,3253.93,ETH
2026-01-07 07:02:10+00:00,130.0,3253.79,3253.67,3253.93,ETH
2026-01-07 07:02:11+00:00,131.0,3253.79,3253.67,3253.93,ETH
2026-01-07 07:02:12+00:00,132.0,3253.79,3253.67,3253.93,ETH
2026-01-07 07:02:13+00:00,133.0,3253.7,3253.52,3253.79,ETH
2026-01-07 07:02:14+00:00,134.0,3253.41,3253.29,3253.56,ETH
2026-01-07 07:02:15+00:00,135.0,3253.2,3253.14,3253.35,ETH
2026-01-07 07:02:16+00:00,136.0,3253.19,3253.08,3253.23,ETH
2026-01-07 07:02:17+00:00,137.0,3253.17,3253.06,3253.22,ETH
2026-01-07 07:02:18+00:00,138.0,3253.18,3253.08,3253.31,ETH
2026-01-07 07:02:19+00:00,139.0,3253.2,3253.11,3253.4,ETH
2026-01-07 07:02:20+00:00,140.0,3253.2,3253.13,3253.32,ETH
2026-01-07 07:02:21+00:00,141.0,3253.2,3253.12,3253.25,ETH
2026-01-07 07:02:22+00:00,142.0,3253.18,3253.11,3253.22,ETH
2026-01-07 07:02:23+00:00,143.0,3253.18,3253.13,3253.24,ETH
2026-01-07 07:02:24+00:00,144.0,3253.19,3253.14,3253.25,ETH
2026-01-07 07:02:25+00:00,145.0,3253.19,3253.12,3253.27,ETH
2026-01-07 07:02:26+00:00,146.0,3253.2,3253.12,3253.31,ETH
2026-01-07 07:02:27+00:00,147.0,3253.42,3253.25,3253.54,ETH
2026-01-07 07:02:28+00:00,148.0,3253.73,3253.47,3253.85,ETH
2026-01-07 07:02:29+00:00,149.0,3253.82,3253.56,3253.92,ETH
2026-01-07 07:02:30+00:00,150.0,3253.87,3253.6,3253.94,ETH
2026-01-07 07:02:31+00:00,151.0,3253.91,3253.63,3253.97,ETH
2026-01-07 07:02:32+00:00,152.0,3253.91,3253.7,3254.0,ETH
2026-01-07 07:02:33+00:00,153.0,3253.92,3253.78,3253.99,ETH
2026-01-07 07:02:34+00:00,154.0,3253.92,3253.8,3253.96,ETH
2026-01-07 07:02:35+00:00,155.0,3253.91,3253.81,3253.95,ETH
2026-01-07 07:02:36+00:00,156.0,3253.89,3253.8,3253.94,ETH
2026-01-07 07:02:37+00:00,157.0,3253.93,3253.8,3254.1,ETH
2026-01-07 07:02:38+00:00,158.0,3253.93,3253.85,3254.13,ETH
2026-01-07 07:02:39+00:00,159.0,3253.93,3253.85,3253.99,ETH
2026-01-07 07:02:40+00:00,160.0,3254.13,3253.89,3254.3,ETH
2026-01-07 07:02:41+00:00,161.0,3254.13,3253.9,3254.27,ETH
2026-01-07 07:02:42+00:00,162.0,3254.13,3253.9,3254.24,ETH
2026-01-07 07:02:43+00:00,163.0,3254.13,3253.9,3254.23,ETH
2026-01-07 07:02:44+00:00,164.0,3254.14,3253.9,3254.23,ETH
2026-01-07 07:02:45+00:00,165.0,3254.14,3253.9,3254.23,ETH
2026-01-07 07:02:46+00:00,166.0,3254.14,3253.9,3254.23,ETH
2026-01-07 07:02:47+00:00,167.0,3254.15,3253.92,3254.39,ETH
2026-01-07 07:02:48+00:00,168.0,3254.43,3254.19,3254.53,ETH
2026-01-07 07:02:49+00:00,169.0,3254.39,3254.17,3254.44,ETH
2026-01-07 07:02:50+00:00,170.0,3254.27,3254.18,3254.44,ETH
2026-01-07 07:02:51+00:00,171.0,3254.31,3254.19,3254.43,ETH
2026-01-07 07:02:52+00:00,172.0,3254.3,3254.19,3254.43,ETH
2026-01-07 07:02:53+00:00,173.0,3254.35,3254.2,3254.43,ETH
2026-01-07 07:02:54+00:00,174.0,3254.51,3254.38,3254.65,ETH
2026-01-07 07:02:55+00:00,175.0,3254.5,3254.41,3254.65,ETH
2026-01-07 07:02:56+00:00,176.0,3254.47,3254.41,3254.65,ETH
2026-01-07 07:02:57+00:00,177.0,3254.46,3254.42,3254.73,ETH
2026-01-07 07:02:58+00:00,178.0,3254.48,3254.42,3254.81,ETH
2026-01-07 07:02:59+00:00,179.0,3254.52,3254.42,3254.81,ETH
2026-01-07 07:03:00+00:00,180.0,3254.54,3254.42,3254.81,ETH
2026-01-07 07:03:01+00:00,181.0,3254.58,3254.43,3254.81,ETH
2026-01-07 07:03:02+00:00,182.0,3254.7,3254.43,3254.81,ETH
2026-01-07 07:03:03+00:00,183.0,3254.73,3254.55,3254.82,ETH
2026-01-07 07:03:04+00:00,184.0,3254.76,3254.56,3254.81,ETH
2026-01-07 07:03:05+00:00,185.0,3254.77,3254.55,3254.83,ETH
2026-01-07 07:03:06+00:00,186.0,3254.77,3254.56,3254.81,ETH
2026-01-07 07:03:07+00:00,187.0,3254.77,3254.56,3254.84,ETH
2026-01-07 07:03:08+00:00,188.0,3254.43,3254.37,3254.72,ETH
2026-01-07 07:03:09+00:00,189.0,3254.38,3254.36,3254.75,ETH
2026-01-07 07:03:10+00:00,190.0,3254.36,3254.27,3254.51,ETH
2026-01-07 07:03:11+00:00,191.0,3254.19,3254.14,3254.42,ETH
2026-01-07 07:03:12+00:00,192.0,3254.19,3254.13,3254.4,ETH
2026-01-07 07:03:13+00:00,193.0,3254.19,3254.13,3254.39,ETH
2026-01-07 07:03:14+00:00,194.0,3254.19,3254.13,3254.35,ETH
2026-01-07 07:03:15+00:00,195.0,3254.19,3254.13,3254.35,ETH
2026-01-07 07:03:16+00:00,196.0,3254.19,3254.13,3254.35,ETH
2026-01-07 07:03:17+00:00,197.0,3254.19,3254.15,3254.37,ETH
2026-01-07 07:03:18+00:00,198.0,3254.19,3254.15,3254.38,ETH
2026-01-07 07:03:19+00:00,199.0,3254.19,3254.15,3254.37,ETH
2026-01-07 07:03:20+00:00,200.0,3254.19,3254.15,3254.26,ETH
2026-01-07 07:03:21+00:00,201.0,3254.19,3254.14,3254.26,ETH
2026-01-07 07:03:22+00:00,202.0,3254.19,3254.13,3254.24,ETH
2026-01-07 07:03:23+00:00,203.0,3254.19,3254.14,3254.24,ETH
2026-01-07 07:03:24+00:00,204.0,3254.15,3254.12,3254.22,ETH
2026-01-07 07:03:25+00:00,205.0,3254.1,3254.09,3254.21,ETH
2026-01-07 07:03:26+00:00,206.0,3254.1,3254.08,3254.21,ETH
2026-01-07 07:03:27+00:00,207.0,3254.1,3254.07,3254.18,ETH
2026-01-07 07:03:28+00:00,208.0,3254.1,3254.06,3254.15,ETH
2026-01-07 07:03:29+00:00,209.0,3254.07,3254.02,3254.12,ETH
2026-01-07 07:03:31+00:00,211.0,3253.9,3253.86,3253.94,ETH
2026-01-07 07:03:32+00:00,212.0,3253.93,3253.92,3254.06,ETH
2026-01-07 07:03:33+00:00,213.0,3253.9,3253.86,3253.95,ETH
2026-01-07 07:03:34+00:00,214.0,3253.88,3253.85,3253.93,ETH
2026-01-07 07:03:35+00:00,215.0,3253.89,3253.85,3253.93,ETH
2026-01-07 07:03:36+00:00,216.0,3253.86,3253.82,3253.93,ETH
2026-01-07 07:03:37+00:00,217.0,3253.93,3253.92,3253.93,ETH
2026-01-07 07:03:38+00:00,218.0,3253.93,3253.89,3253.97,ETH
2026-01-07 07:03:39+00:00,219.0,3253.93,3253.9,3253.96,ETH
2026-01-07 07:03:40+00:00,220.0,3253.92,3253.89,3253.96,ETH
2026-01-07 07:03:41+00:00,221.0,3253.94,3253.9,3253.97,ETH
2026-01-07 07:03:42+00:00,222.0,3253.93,3253.89,3253.97,ETH
2026-01-07 07:03:43+00:00,223.0,3253.91,3253.88,3253.96,ETH
2026-01-07 07:03:44+00:00,224.0,3253.91,3253.87,3253.96,ETH
2026-01-07 07:03:45+00:00,225.0,3253.96,3253.95,3254.1,ETH
2026-01-07 07:03:46+00:00,226.0,3253.93,3253.89,3253.97,ETH
2026-01-07 07:03:47+00:00,227.0,3253.96,3253.92,3254.01,ETH
2026-01-07 07:03:48+00:00,228.0,3253.85,3253.79,3253.97,ETH
2026-01-07 07:03:49+00:00,229.0,3253.71,3253.67,3253.94,ETH
2026-01-07 07:03:50+00:00,230.0,3253.67,3253.67,3253.92,ETH
2026-01-07 07:03:51+00:00,231.0,3253.67,3253.67,3253.92,ETH
2026-01-07 07:03:52+00:00,232.0,3253.67,3253.67,3253.84,ETH
2026-01-07 07:03:53+00:00,233.0,3253.69,3253.68,3253.76,ETH
2026-01-07 07:03:54+00:00,234.0,3253.72,3253.69,3253.76,ETH
2026-01-07 07:03:55+00:00,235.0,3253.72,3253.7,3253.86,ETH
2026-01-07 07:03:56+00:00,236.0,3253.72,3253.71,3253.87,ETH
2026-01-07 07:03:57+00:00,237.0,3253.72,3253.71,3253.81,ETH
2026-01-07 07:03:58+00:00,238.0,3253.72,3253.71,3253.81,ETH
2026-01-07 07:03:59+00:00,239.0,3253.72,3253.71,3253.81,ETH
2026-01-07 07:04:00+00:00,240.0,3253.74,3253.74,3253.82,ETH
2026-01-07 07:04:01+00:00,241.0,3253.73,3253.71,3253.8,ETH
2026-01-07 07:04:02+00:00,242.0,3253.72,3253.68,3253.77,ETH
2026-01-07 07:04:03+00:00,243.0,3253.75,3253.71,3253.8,ETH
2026-01-07 07:04:04+00:00,244.0,3253.77,3253.74,3253.82,ETH
2026-01-07 07:04:05+00:00,245.0,3253.77,3253.73,3253.82,ETH
2026-01-07 07:04:06+00:00,246.0,3253.73,3253.69,3253.77,ETH
2026-01-07 07:04:07+00:00,247.0,3253.7,3253.65,3253.82,ETH
2026-01-07 07:04:08+00:00,248.0,3253.64,3253.57,3253.82,ETH
2026-01-07 07:04:09+00:00,249.0,3253.61,3253.57,3253.77,ETH
2026-01-07 07:04:10+00:00,250.0,3253.64,3253.63,3253.77,ETH
2026-01-07 07:04:11+00:00,251.0,3253.6,3253.52,3253.78,ETH
2026-01-07 07:04:12+00:00,252.0,3253.76,3253.76,3253.88,ETH
2026-01-07 07:04:13+00:00,253.0,3253.72,3253.67,3253.8,ETH
2026-01-07 07:04:14+00:00,254.0,3253.71,3253.66,3253.76,ETH
2026-01-07 07:04:15+00:00,255.0,3253.71,3253.69,3253.78,ETH
2026-01-07 07:04:16+00:00,256.0,3253.71,3253.7,3253.83,ETH
2026-01-07 07:04:17+00:00,257.0,3253.71,3253.7,3253.81,ETH
2026-01-07 07:04:18+00:00,258.0,3253.71,3253.69,3253.78,ETH
2026-01-07 07:04:19+00:00,259.0,3253.71,3253.68,3253.76,ETH
2026-01-07 07:04:20+00:00,260.0,3253.71,3253.7,3253.81,ETH
2026-01-07 07:04:21+00:00,261.0,3253.71,3253.7,3253.8,ETH
2026-01-07 07:04:22+00:00,262.0,3253.71,3253.7,3253.83,ETH
2026-01-07 07:04:23+00:00,263.0,3253.71,3253.7,3253.84,ETH
2026-01-07 07:04:24+00:00,264.0,3253.71,3253.7,3253.84,ETH
2026-01-07 07:04:25+00:00,265.0,3253.71,3253.7,3253.81,ETH
2026-01-07 07:04:26+00:00,266.0,3253.7,3253.7,3253.81,ETH
2026-01-07 07:04:27+00:00,267.0,3253.7,3253.7,3253.81,ETH
2026-01-07 07:04:28+00:00,268.0,3253.7,3253.7,3253.85,ETH
2026-01-07 07:04:29+00:00,269.0,3253.7,3253.7,3253.83,ETH
2026-01-07 07:04:30+00:00,270.0,3253.71,3253.7,3253.83,ETH
2026-01-07 07:04:31+00:00,271.0,3253.71,3253.7,3253.83,ETH
2026-01-07 07:04:32+00:00,272.0,3253.71,3253.69,3253.82,ETH
2026-01-07 07:04:33+00:00,273.0,3253.67,3253.66,3253.78,ETH
2026-01-07 07:04:34+00:00,274.0,3253.6,3253.57,3253.68,ETH
2026-01-07 07:04:35+00:00,275.0,3253.57,3253.53,3253.63,ETH
2026-01-07 07:04:36+00:00,276.0,3253.58,3253.54,3253.63,ETH
2026-01-07 07:04:37+00:00,277.0,3253.53,3253.49,3253.63,ETH
2026-01-07 07:04:38+00:00,278.0,3253.53,3253.49,3253.63,ETH
2026-01-07 07:04:39+00:00,279.0,3253.35,3253.35,3253.61,ETH
2026-01-07 07:04:40+00:00,280.0,3253.55,3253.5,3253.59,ETH
2026-01-07 07:04:41+00:00,281.0,3253.47,3253.42,3253.6,ETH
2026-01-07 07:04:42+00:00,282.0,3253.5,3253.38,3253.6,ETH
2026-01-07 07:04:43+00:00,283.0,3253.54,3253.48,3253.63,ETH
2026-01-07 07:04:44+00:00,284.0,3253.53,3253.49,3253.62,ETH
2026-01-07 07:04:45+00:00,285.0,3253.55,3253.52,3253.62,ETH
2026-01-07 07:04:46+00:00,286.0,3253.55,3253.54,3253.65,ETH
2026-01-07 07:04:47+00:00,287.0,3253.69,3253.55,3253.76,ETH
2026-01-07 07:04:48+00:00,288.0,3253.75,3253.66,3253.85,ETH
2026-01-07 07:04:49+00:00,289.0,3253.75,3253.66,3253.85,ETH
2026-01-07 07:04:50+00:00,290.0,3253.75,3253.66,3253.87,ETH
2026-01-07 07:04:51+00:00,291.0,3253.75,3253.7,3253.89,ETH
2026-01-07 07:04:52+00:00,292.0,3253.75,3253.67,3253.89,ETH
2026-01-07 07:04:53+00:00,293.0,3253.75,3253.67,3253.89,ETH
2026-01-07 07:04:54+00:00,294.0,3253.75,3253.67,3253.84,ETH
2026-01-07 07:04:55+00:00,295.0,3253.74,3253.65,3253.78,ETH
2026-01-07 07:04:56+00:00,296.0,3253.75,3253.65,3253.8,ETH
2026-01-07 07:04:57+00:00,297.0,3253.66,3253.61,3253.87,ETH
2026-01-07 07:04:58+00:00,298.0,3253.75,3253.62,3253.83,ETH
2026-01-07 07:04:59+00:00,299.0,3253.73,3253.63,3253.81,ETH
2026-01-07 07:05:00+00:00,300.0,3253.76,3253.62,3253.9,ETH
2026-01-07 07:05:01+00:00,301.0,3253.8,3253.67,3253.97,ETH
2026-01-07 07:05:02+00:00,302.0,3253.8,3253.74,3253.93,ETH
2026-01-07 07:05:03+00:00,303.0,3253.77,3253.74,3253.91,ETH
2026-01-07 07:05:04+00:00,304.0,3253.76,3253.73,3253.92,ETH
2026-01-07 07:05:05+00:00,305.0,3253.72,3253.69,3253.89,ETH
2026-01-07 07:05:06+00:00,306.0,3253.67,3253.66,3253.85,ETH
2026-01-07 07:05:07+00:00,307.0,3253.67,3253.65,3253.87,ETH
2026-01-07 07:05:08+00:00,308.0,3253.68,3253.64,3253.89,ETH
2026-01-07 07:05:09+00:00,309.0,3253.67,3253.64,3253.89,ETH
2026-01-07 07:05:10+00:00,310.0,3253.6,3253.58,3253.79,ETH
2026-01-07 07:05:11+00:00,311.0,3253.52,3253.52,3253.76,ETH
2026-01-07 07:05:12+00:00,312.0,3253.52,3253.52,3253.79,ETH
2026-01-07 07:05:13+00:00,313.0,3253.52,3253.52,3253.74,ETH
2026-01-07 07:05:14+00:00,314.0,3253.52,3253.51,3253.65,ETH
2026-01-07 07:05:15+00:00,315.0,3253.48,3253.46,3253.54,ETH
2026-01-07 07:05:16+00:00,316.0,3253.39,3253.38,3253.49,ETH
2026-01-07 07:05:17+00:00,317.0,3253.35,3253.35,3253.49,ETH
2026-01-07 07:05:18+00:00,318.0,3253.35,3253.35,3253.53,ETH
2026-01-07 07:05:19+00:00,319.0,3253.35,3253.35,3253.52,ETH
2026-01-07 07:05:20+00:00,320.0,3253.31,3253.28,3253.43,ETH
2026-01-07 07:05:21+00:00,321.0,3253.31,3253.28,3253.4,ETH
2026-01-07 07:05:22+00:00,322.0,3253.35,3253.35,3253.46,ETH
2026-01-07 07:05:23+00:00,323.0,3253.35,3253.35,3253.47,ETH
2026-01-07 07:05:24+00:00,324.0,3253.35,3253.35,3253.45,ETH
2026-01-07 07:05:25+00:00,325.0,3253.35,3253.35,3253.45,ETH
2026-01-07 07:05:26+00:00,326.0,3253.35,3253.34,3253.43,ETH
2026-01-07 07:05:27+00:00,327.0,3253.34,3253.32,3253.4,ETH
2026-01-07 07:05:28+00:00,328.0,3253.3,3253.26,3253.37,ETH
2026-01-07 07:05:29+00:00,329.0,3253.27,3253.23,3253.35,ETH
2026-01-07 07:05:30+00:00,330.0,3253.19,3253.15,3253.27,ETH
2026-01-07 07:05:31+00:00,331.0,3253.12,3253.07,3253.19,ETH
2026-01-07 07:05:32+00:00,332.0,3253.1,3253.07,3253.21,ETH
2026-01-07 07:05:33+00:00,333.0,3253.07,3253.06,3253.22,ETH
2026-01-07 07:05:34+00:00,334.0,3253.07,3253.06,3253.2,ETH
2026-01-07 07:05:35+00:00,335.0,3253.07,3253.06,3253.19,ETH
2026-01-07 07:05:36+00:00,336.0,3253.08,3253.05,3253.18,ETH
2026-01-07 07:05:37+00:00,337.0,3253.09,3253.05,3253.17,ETH
2026-01-07 07:05:38+00:00,338.0,3253.1,3253.07,3253.17,ETH
2026-01-07 07:05:39+00:00,339.0,3253.12,3253.08,3253.17,ETH
2026-01-07 07:05:40+00:00,340.0,3253.12,3253.07,3253.17,ETH
2026-01-07 07:05:41+00:00,341.0,3253.1,3253.05,3253.21,ETH
2026-01-07 07:05:42+00:00,342.0,3253.1,3253.05,3253.27,ETH
2026-01-07 07:05:43+00:00,343.0,3253.11,3253.07,3253.23,ETH
2026-01-07 07:05:44+00:00,344.0,3253.15,3253.11,3253.2,ETH
2026-01-07 07:05:45+00:00,345.0,3253.19,3253.16,3253.28,ETH
2026-01-07 07:05:46+00:00,346.0,3253.21,3253.16,3253.34,ETH
2026-01-07 07:05:47+00:00,347.0,3253.17,3253.12,3253.34,ETH
2026-01-07 07:05:48+00:00,348.0,3253.26,3253.21,3253.34,ETH
2026-01-07 07:05:49+00:00,349.0,3253.22,3253.17,3253.34,ETH
2026-01-07 07:05:50+00:00,350.0,3253.24,3253.2,3253.34,ETH
2026-01-07 07:05:51+00:00,351.0,3253.32,3253.23,3253.38,ETH
2026-01-07 07:05:52+00:00,352.0,3253.3,3253.23,3253.43,ETH
2026-01-07 07:05:53+00:00,353.0,3253.3,3253.23,3253.42,ETH
2026-01-07 07:05:54+00:00,354.0,3253.3,3253.23,3253.41,ETH
2026-01-07 07:05:55+00:00,355.0,3253.3,3253.23,3253.43,ETH
2026-01-07 07:05:56+00:00,356.0,3253.3,3253.23,3253.34,ETH
2026-01-07 07:05:57+00:00,357.0,3253.3,3253.23,3253.34,ETH
2026-01-07 07:05:58+00:00,358.0,3253.3,3253.23,3253.41,ETH
2026-01-07 07:05:59+00:00,359.0,3253.29,3253.23,3253.4,ETH
2026-01-07 07:06:00+00:00,360.0,3253.29,3253.23,3253.4,ETH
2026-01-07 07:06:01+00:00,361.0,3253.27,3253.23,3253.32,ETH
2026-01-07 07:06:02+00:00,362.0,3253.29,3253.28,3253.34,ETH
2026-01-07 07:06:03+00:00,363.0,3253.29,3253.28,3253.4,ETH
2026-01-07 07:06:04+00:00,364.0,3253.29,3253.28,3253.39,ETH
2026-01-07 07:06:05+00:00,365.0,3253.29,3253.28,3253.38,ETH
2026-01-07 07:06:06+00:00,366.0,3253.29,3253.28,3253.42,ETH
2026-01-07 07:06:07+00:00,367.0,3253.29,3253.28,3253.51,ETH
2026-01-07 07:06:08+00:00,368.0,3253.29,3253.27,3253.42,ETH
2026-01-07 07:06:09+00:00,369.0,3253.25,3253.2,3253.31,ETH
2026-01-07 07:06:10+00:00,370.0,3253.25,3253.22,3253.38,ETH
2026-01-07 07:06:11+00:00,371.0,3253.29,3253.27,3253.43,ETH
2026-01-07 07:06:12+00:00,372.0,3253.21,3253.18,3253.34,ETH
2026-01-07 07:06:13+00:00,373.0,3253.2,3253.16,3253.3,ETH
2026-01-07 07:06:14+00:00,374.0,3253.24,3253.19,3253.3,ETH
2026-01-07 07:06:15+00:00,375.0,3253.24,3253.19,3253.31,ETH
2026-01-07 07:06:16+00:00,376.0,3253.27,3253.22,3253.32,ETH
2026-01-07 07:06:17+00:00,377.0,3253.29,3253.24,3253.33,ETH
2026-01-07 07:06:18+00:00,378.0,3253.27,3253.21,3253.33,ETH
2026-01-07 07:06:20+00:00,380.0,3253.26,3253.22,3253.31,ETH
2026-01-07 07:06:21+00:00,381.0,3253.25,3253.21,3253.29,ETH
2026-01-07 07:06:22+00:00,382.0,3253.29,3253.28,3253.45,ETH
2026-01-07 07:06:23+00:00,383.0,3253.29,3253.28,3253.44,ETH
2026-01-07 07:06:24+00:00,384.0,3253.23,3253.19,3253.29,ETH
2026-01-07 07:06:25+00:00,385.0,3253.25,3253.22,3253.29,ETH
2026-01-07 07:06:26+00:00,386.0,3253.21,3253.16,3253.29,ETH
2026-01-07 07:06:27+00:00,387.0,3253.29,3253.28,3253.46,ETH
2026-01-07 07:06:28+00:00,388.0,3253.29,3253.28,3253.44,ETH
2026-01-07 07:06:29+00:00,389.0,3253.29,3253.26,3253.32,ETH
2026-01-07 07:06:30+00:00,390.0,3253.29,3253.28,3253.45,ETH
2026-01-07 07:06:31+00:00,391.0,3253.29,3253.28,3253.45,ETH
2026-01-07 07:06:32+00:00,392.0,3253.29,3253.28,3253.45,ETH
2026-01-07 07:06:33+00:00,393.0,3253.29,3253.28,3253.44,ETH
2026-01-07 07:06:34+00:00,394.0,3253.29,3253.28,3253.44,ETH
2026-01-07 07:06:35+00:00,395.0,3253.29,3253.28,3253.44,ETH
2026-01-07 07:06:36+00:00,396.0,3253.29,3253.28,3253.49,ETH
2026-01-07 07:06:37+00:00,397.0,3253.29,3253.28,3253.48,ETH
2026-01-07 07:06:38+00:00,398.0,3253.34,3253.31,3253.44,ETH
2026-01-07 07:06:39+00:00,399.0,3253.34,3253.31,3253.47,ETH
2026-01-07 07:06:40+00:00,400.0,3253.2,3253.19,3253.45,ETH
2026-01-07 07:06:41+00:00,401.0,3253.1,3253.1,3253.37,ETH
2026-01-07 07:06:43+00:00,403.0,3253.1,3253.1,3253.36,ETH
2026-01-07 07:06:44+00:00,404.0,3253.1,3253.1,3253.25,ETH
2026-01-07 07:06:45+00:00,405.0,3253.1,3253.09,3253.17,ETH
2026-01-07 07:06:46+00:00,406.0,3253.1,3253.1,3253.18,ETH
2026-01-07 07:06:47+00:00,407.0,3253.15,3253.11,3253.2,ETH
2026-01-07 07:06:48+00:00,408.0,3253.18,3253.14,3253.22,ETH
2026-01-07 07:06:49+00:00,409.0,3253.19,3253.19,3253.46,ETH
2026-01-07 07:06:50+00:00,410.0,3253.19,3253.19,3253.46,ETH
2026-01-07 07:06:51+00:00,411.0,3253.19,3253.16,3253.25,ETH
2026-01-07 07:06:52+00:00,412.0,3253.19,3253.18,3253.26,ETH
2026-01-07 07:06:53+00:00,413.0,3253.19,3253.19,3253.38,ETH
2026-01-07 07:06:54+00:00,414.0,3253.19,3253.19,3253.43,ETH
2026-01-07 07:06:55+00:00,415.0,3253.21,3253.16,3253.26,ETH
2026-01-07 07:06:56+00:00,416.0,3253.22,3253.18,3253.27,ETH
2026-01-07 07:06:57+00:00,417.0,3253.2,3253.16,3253.25,ETH
2026-01-07 07:06:58+00:00,418.0,3253.24,3253.21,3253.4,ETH
2026-01-07 07:06:59+00:00,419.0,3253.24,3253.21,3253.44,ETH
2026-01-07 07:07:00+00:00,420.0,3253.2,3253.16,3253.37,ETH
2026-01-07 07:07:01+00:00,421.0,3253.21,3253.16,3253.36,ETH
2026-01-07 07:07:02+00:00,422.0,3253.25,3253.21,3253.44,ETH
2026-01-07 07:07:03+00:00,423.0,3253.24,3253.21,3253.45,ETH
2026-01-07 07:07:04+00:00,424.0,3253.24,3253.21,3253.45,ETH
2026-01-07 07:07:05+00:00,425.0,3253.23,3253.2,3253.35,ETH
2026-01-07 07:07:06+00:00,426.0,3253.22,3253.17,3253.26,ETH
2026-01-07 07:07:07+00:00,427.0,3253.2,3253.16,3253.24,ETH
2026-01-07 07:07:08+00:00,428.0,3253.2,3253.15,3253.23,ETH
2026-01-07 07:07:09+00:00,429.0,3253.21,3253.17,3253.33,ETH
2026-01-07 07:07:10+00:00,430.0,3253.22,3253.18,3253.35,ETH
2026-01-07 07:07:11+00:00,431.0,3253.22,3253.18,3253.28,ETH
2026-01-07 07:07:12+00:00,432.0,3253.22,3253.18,3253.28,ETH
2026-01-07 07:07:13+00:00,433.0,3253.22,3253.18,3253.29,ETH
2026-01-07 07:07:14+00:00,434.0,3253.22,3253.18,3253.31,ETH
2026-01-07 07:07:15+00:00,435.0,3253.22,3253.19,3253.32,ETH
2026-01-07 07:07:16+00:00,436.0,3253.22,3253.19,3253.33,ETH
2026-01-07 07:07:17+00:00,437.0,3253.22,3253.19,3253.34,ETH
2026-01-07 07:07:18+00:00,438.0,3253.22,3253.19,3253.32,ETH
2026-01-07 07:07:19+00:00,439.0,3253.22,3253.19,3253.35,ETH
2026-01-07 07:07:20+00:00,440.0,3253.22,3253.19,3253.35,ETH
2026-01-07 07:07:21+00:00,441.0,3253.22,3253.19,3253.29,ETH
2026-01-07 07:07:22+00:00,442.0,3253.22,3253.19,3253.3,ETH
2026-01-07 07:07:23+00:00,443.0,3253.19,3253.16,3253.26,ETH
2026-01-07 07:07:24+00:00,444.0,3253.05,3253.03,3253.2,ETH
2026-01-07 07:07:25+00:00,445.0,3252.94,3252.94,3253.19,ETH
2026-01-07 07:07:26+00:00,446.0,3252.94,3252.94,3253.2,ETH
2026-01-07 07:07:27+00:00,447.0,3252.94,3252.94,3253.2,ETH
2026-01-07 07:07:28+00:00,448.0,3252.94,3252.94,3253.22,ETH
2026-01-07 07:07:29+00:00,449.0,3252.83,3252.83,3253.12,ETH
2026-01-07 07:07:30+00:00,450.0,3252.72,3252.71,3252.98,ETH
2026-01-07 07:07:31+00:00,451.0,3252.71,3252.7,3252.9,ETH
2026-01-07 07:07:32+00:00,452.0,3252.68,3252.65,3252.78,ETH
2026-01-07 07:07:33+00:00,453.0,3252.68,3252.63,3252.73,ETH
2026-01-07 07:07:34+00:00,454.0,3252.65,3252.6,3252.72,ETH
2026-01-07 07:07:35+00:00,455.0,3252.47,3252.43,3252.61,ETH
2026-01-07 07:07:36+00:00,456.0,3252.16,3252.14,3252.32,ETH
2026-01-07 07:07:37+00:00,457.0,3251.83,3251.81,3252.03,ETH
2026-01-07 07:07:38+00:00,458.0,3251.66,3251.66,3251.89,ETH
2026-01-07 07:07:39+00:00,459.0,3251.66,3251.66,3251.8,ETH
2026-01-07 07:07:40+00:00,460.0,3251.66,3251.65,3251.77,ETH
2026-01-07 07:07:41+00:00,461.0,3251.66,3251.65,3251.84,ETH
2026-01-07 07:07:42+00:00,462.0,3251.66,3251.65,3251.82,ETH
2026-01-07 07:07:43+00:00,463.0,3251.66,3251.65,3251.74,ETH
2026-01-07 07:07:44+00:00,464.0,3251.66,3251.65,3251.75,ETH
2026-01-07 07:07:45+00:00,465.0,3251.66,3251.66,3251.76,ETH
2026-01-07 07:07:46+00:00,466.0,3251.66,3251.66,3251.76,ETH
2026-01-07 07:07:47+00:00,467.0,3251.66,3251.66,3251.79,ETH
2026-01-07 07:07:48+00:00,468.0,3251.66,3251.64,3251.71,ETH
2026-01-07 07:07:49+00:00,469.0,3251.66,3251.65,3251.78,ETH
2026-01-07 07:07:50+00:00,470.0,3251.65,3251.65,3251.85,ETH
2026-01-07 07:07:51+00:00,471.0,3251.65,3251.65,3251.85,ETH
2026-01-07 07:07:52+00:00,472.0,3251.65,3251.65,3251.88,ETH
2026-01-07 07:07:53+00:00,473.0,3251.65,3251.65,3251.88,ETH
2026-01-07 07:07:54+00:00,474.0,3251.65,3251.65,3251.95,ETH
2026-01-07 07:07:55+00:00,475.0,3251.65,3251.65,3251.96,ETH
2026-01-07 07:07:56+00:00,476.0,3251.65,3251.65,3251.8,ETH
2026-01-07 07:07:57+00:00,477.0,3251.65,3251.65,3251.82,ETH
2026-01-07 07:07:58+00:00,478.0,3251.65,3251.65,3251.8,ETH
2026-01-07 07:07:59+00:00,479.0,3251.65,3251.65,3251.78,ETH
2026-01-07 07:08:00+00:00,480.0,3251.65,3251.65,3251.78,ETH
2026-01-07 07:08:01+00:00,481.0,3251.65,3251.65,3251.78,ETH
2026-01-07 07:08:02+00:00,482.0,3251.65,3251.65,3251.82,ETH
2026-01-07 07:08:03+00:00,483.0,3251.46,3251.41,3251.76,ETH
2026-01-07 07:08:04+00:00,484.0,3251.26,3251.25,3251.37,ETH
2026-01-07 07:08:05+00:00,485.0,3251.26,3251.25,3251.49,ETH
2026-01-07 07:08:06+00:00,486.0,3251.26,3251.25,3251.48,ETH
2026-01-07 07:08:07+00:00,487.0,3251.26,3251.25,3251.5,ETH
2026-01-07 07:08:08+00:00,488.0,3251.26,3251.25,3251.5,ETH
2026-01-07 07:08:09+00:00,489.0,3251.22,3251.2,3251.5,ETH
2026-01-07 07:08:10+00:00,490.0,3251.18,3251.15,3251.5,ETH
2026-01-07 07:08:11+00:00,491.0,3251.18,3251.15,3251.29,ETH
2026-01-07 07:08:12+00:00,492.0,3251.15,3251.15,3251.39,ETH
2026-01-07 07:08:13+00:00,493.0,3251.15,3251.15,3251.28,ETH
2026-01-07 07:08:14+00:00,494.0,3251.15,3251.15,3251.36,ETH
2026-01-07 07:08:15+00:00,495.0,3251.19,3251.17,3251.34,ETH
2026-01-07 07:08:16+00:00,496.0,3251.2,3251.19,3251.4,ETH
2026-01-07 07:08:17+00:00,497.0,3251.24,3251.22,3251.39,ETH
2026-01-07 07:08:18+00:00,498.0,3251.58,3251.29,3251.86,ETH
2026-01-07 07:08:19+00:00,499.0,3252.29,3252.26,3252.37,ETH
2026-01-07 07:08:20+00:00,500.0,3252.35,3252.28,3252.39,ETH
2026-01-07 07:08:21+00:00,501.0,3252.19,3252.18,3252.5,ETH
2026-01-07 07:08:22+00:00,502.0,3252.29,3252.28,3252.5,ETH
2026-01-07 07:08:23+00:00,503.0,3252.29,3252.28,3252.4,ETH
2026-01-07 07:08:24+00:00,504.0,3252.28,3252.28,3252.44,ETH
2026-01-07 07:08:25+00:00,505.0,3252.28,3252.28,3252.48,ETH
2026-01-07 07:08:26+00:00,506.0,3252.28,3252.28,3252.49,ETH
2026-01-07 07:08:27+00:00,507.0,3252.28,3252.28,3252.66,ETH
2026-01-07 07:08:28+00:00,508.0,3252.28,3252.28,3252.45,ETH
2026-01-07 07:08:29+00:00,509.0,3252.28,3252.28,3252.46,ETH
2026-01-07 07:08:30+00:00,510.0,3252.28,3252.28,3252.45,ETH
2026-01-07 07:08:31+00:00,511.0,3252.29,3252.28,3252.42,ETH
2026-01-07 07:08:32+00:00,512.0,3252.36,3252.36,3252.52,ETH
2026-01-07 07:08:33+00:00,513.0,3252.36,3252.36,3252.45,ETH
2026-01-07 07:08:34+00:00,514.0,3252.36,3252.36,3252.49,ETH
2026-01-07 07:08:35+00:00,515.0,3252.36,3252.36,3252.5,ETH
2026-01-07 07:08:36+00:00,516.0,3252.36,3252.36,3252.51,ETH
2026-01-07 07:08:37+00:00,517.0,3252.36,3252.36,3252.53,ETH
2026-01-07 07:08:38+00:00,518.0,3252.36,3252.36,3252.54,ETH
2026-01-07 07:08:39+00:00,519.0,3252.36,3252.36,3252.54,ETH
2026-01-07 07:08:40+00:00,520.0,3252.36,3252.36,3252.54,ETH
2026-01-07 07:08:41+00:00,521.0,3252.36,3252.36,3252.5,ETH
2026-01-07 07:08:42+00:00,522.0,3252.36,3252.34,3252.46,ETH
2026-01-07 07:08:43+00:00,523.0,3252.36,3252.32,3252.5,ETH
2026-01-07 07:08:44+00:00,524.0,3252.36,3252.32,3252.56,ETH
2026-01-07 07:08:45+00:00,525.0,3252.36,3252.34,3252.59,ETH
2026-01-07 07:08:46+00:00,526.0,3252.37,3252.36,3252.6,ETH
2026-01-07 07:08:47+00:00,527.0,3252.38,3252.36,3252.6,ETH
2026-01-07 07:08:48+00:00,528.0,3252.49,3252.41,3252.65,ETH
2026-01-07 07:08:49+00:00,529.0,3252.59,3252.49,3252.74,ETH
2026-01-07 07:08:50+00:00,530.0,3252.67,3252.57,3252.84,ETH
2026-01-07 07:08:51+00:00,531.0,3252.74,3252.64,3252.89,ETH
2026-01-07 07:08:52+00:00,532.0,3252.74,3252.68,3252.89,ETH
2026-01-07 07:08:53+00:00,533.0,3252.81,3252.78,3253.0,ETH
2026-01-07 07:08:54+00:00,534.0,3253.01,3252.97,3253.34,ETH
2026-01-07 07:08:55+00:00,535.0,3253.21,3253.16,3253.58,ETH
2026-01-07 07:08:56+00:00,536.0,3253.29,3253.24,3253.58,ETH
2026-01-07 07:08:57+00:00,537.0,3253.3,3253.24,3253.58,ETH
2026-01-07 07:08:58+00:00,538.0,3253.31,3253.24,3253.58,ETH
2026-01-07 07:08:59+00:00,539.0,3253.28,3253.24,3253.58,ETH
2026-01-07 07:09:00+00:00,540.0,3253.28,3253.16,3253.41,ETH
2026-01-07 07:09:01+00:00,541.0,3253.28,3253.17,3253.4,ETH
2026-01-07 07:09:02+00:00,542.0,3252.64,3252.58,3252.69,ETH
2026-01-07 07:09:03+00:00,543.0,3252.45,3252.42,3252.72,ETH
2026-01-07 07:09:04+00:00,544.0,3252.93,3252.81,3253.06,ETH
2026-01-07 07:09:05+00:00,545.0,3253.01,3252.96,3253.2,ETH
2026-01-07 07:09:06+00:00,546.0,3253.12,3252.99,3253.19,ETH
2026-01-07 07:09:07+00:00,547.0,3253.05,3252.99,3253.19,ETH
2026-01-07 07:09:08+00:00,548.0,3253.18,3253.11,3253.25,ETH
2026-01-07 07:09:09+00:00,549.0,3253.18,3253.11,3253.3,ETH
2026-01-07 07:09:10+00:00,550.0,3253.19,3253.11,3253.28,ETH
2026-01-07 07:09:11+00:00,551.0,3253.19,3253.11,3253.26,ETH
2026-01-07 07:09:12+00:00,552.0,3253.19,3253.11,3253.26,ETH
2026-01-07 07:09:13+00:00,553.0,3253.18,3253.11,3253.24,ETH
2026-01-07 07:09:14+00:00,554.0,3253.18,3253.11,3253.23,ETH
2026-01-07 07:09:15+00:00,555.0,3253.18,3253.1,3253.24,ETH
2026-01-07 07:09:16+00:00,556.0,3253.18,3253.11,3253.22,ETH
2026-01-07 07:09:17+00:00,557.0,3253.18,3253.12,3253.21,ETH
2026-01-07 07:09:18+00:00,558.0,3253.18,3253.1,3253.21,ETH
2026-01-07 07:09:19+00:00,559.0,3253.18,3253.1,3253.21,ETH
2026-01-07 07:09:20+00:00,560.0,3253.18,3253.1,3253.25,ETH
2026-01-07 07:09:21+00:00,561.0,3253.19,3253.1,3253.25,ETH
2026-01-07 07:09:22+00:00,562.0,3253.19,3253.11,3253.27,ETH
2026-01-07 07:09:23+00:00,563.0,3253.18,3253.11,3253.39,ETH
2026-01-07 07:09:24+00:00,564.0,3253.16,3253.09,3253.2,ETH
2026-01-07 07:09:25+00:00,565.0,3253.14,3253.05,3253.3,ETH
2026-01-07 07:09:26+00:00,566.0,3253.1,3253.07,3253.2,ETH
2026-01-07 07:09:27+00:00,567.0,3253.1,3253.04,3253.2,ETH
2026-01-07 07:09:28+00:00,568.0,3253.08,3253.03,3253.2,ETH
2026-01-07 07:09:29+00:00,569.0,3253.19,3253.04,3253.22,ETH
2026-01-07 07:09:30+00:00,570.0,3253.07,3253.03,3253.2,ETH
2026-01-07 07:09:31+00:00,571.0,3253.19,3253.05,3253.3,ETH
2026-01-07 07:09:32+00:00,572.0,3253.19,3253.04,3253.24,ETH
2026-01-07 07:09:33+00:00,573.0,3253.19,3253.03,3253.31,ETH
2026-01-07 07:09:34+00:00,574.0,3253.19,3253.04,3253.35,ETH
2026-01-07 07:09:35+00:00,575.0,3253.19,3253.11,3253.33,ETH
2026-01-07 07:09:36+00:00,576.0,3253.2,3253.12,3253.38,ETH
2026-01-07 07:09:37+00:00,577.0,3253.2,3253.11,3253.33,ETH
2026-01-07 07:09:38+00:00,578.0,3253.2,3253.11,3253.34,ETH
2026-01-07 07:09:39+00:00,579.0,3253.21,3253.1,3253.32,ETH
2026-01-07 07:09:40+00:00,580.0,3253.19,3253.1,3253.29,ETH
2026-01-07 07:09:41+00:00,581.0,3253.23,3253.11,3253.33,ETH
2026-01-07 07:09:42+00:00,582.0,3253.27,3253.12,3253.36,ETH
2026-01-07 07:09:43+00:00,583.0,3253.3,3253.13,3253.39,ETH
2026-01-07 07:09:44+00:00,584.0,3253.33,3253.13,3253.38,ETH
2026-01-07 07:09:45+00:00,585.0,3253.34,3253.13,3253.38,ETH
2026-01-07 07:09:46+00:00,586.0,3253.35,3253.13,3253.4,ETH
2026-01-07 07:09:47+00:00,587.0,3253.36,3253.13,3253.42,ETH
2026-01-07 07:09:48+00:00,588.0,3253.36,3253.16,3253.41,ETH
2026-01-07 07:09:49+00:00,589.0,3253.3,3253.18,3253.4,ETH
2026-01-07 07:09:50+00:00,590.0,3253.24,3253.17,3253.39,ETH
2026-01-07 07:09:51+00:00,591.0,3253.25,3253.17,3253.39,ETH
2026-01-07 07:09:52+00:00,592.0,3253.42,3253.28,3253.48,ETH
2026-01-07 07:09:53+00:00,593.0,3253.57,3253.42,3253.58,ETH
2026-01-07 07:09:54+00:00,594.0,3253.57,3253.49,3253.6,ETH
2026-01-07 07:09:55+00:00,595.0,3253.59,3253.54,3253.7,ETH
2026-01-07 07:09:56+00:00,596.0,3253.62,3253.56,3253.76,ETH
2026-01-07 07:09:57+00:00,597.0,3253.66,3253.6,3253.75,ETH
2026-01-07 07:09:58+00:00,598.0,3253.72,3253.63,3253.79,ETH
2026-01-07 07:09:59+00:00,599.0,3253.79,3253.66,3253.79,ETH
2026-01-07 07:10:00+00:00,600.0,3253.79,3253.65,3253.82,ETH
2026-01-07 07:10:01+00:00,601.0,3253.78,3253.66,3253.9,ETH
2026-01-07 07:10:02+00:00,602.0,3253.76,3253.69,3254.0,ETH
2026-01-07 07:10:03+00:00,603.0,3253.75,3253.7,3254.06,ETH
2026-01-07 07:10:04+00:00,604.0,3253.75,3253.7,3254.05,ETH
2026-01-07 07:10:05+00:00,605.0,3253.74,3253.7,3254.05,ETH
2026-01-07 07:10:06+00:00,606.0,3253.74,3253.7,3254.05,ETH
2026-01-07 07:10:08+00:00,608.0,3253.72,3253.68,3253.87,ETH
2026-01-07 07:10:09+00:00,609.0,3253.81,3253.64,3253.87,ETH
2026-01-07 07:10:10+00:00,610.0,3253.8,3253.64,3253.89,ETH
2026-01-07 07:10:11+00:00,611.0,3253.81,3253.64,3253.9,ETH
2026-01-07 07:10:12+00:00,612.0,3253.79,3253.65,3253.91,ETH
2026-01-07 07:10:13+00:00,613.0,3253.74,3253.65,3253.9,ETH
2026-01-07 07:10:14+00:00,614.0,3253.72,3253.65,3253.9,ETH
2026-01-07 07:10:15+00:00,615.0,3253.75,3253.65,3253.91,ETH
2026-01-07 07:10:16+00:00,616.0,3253.78,3253.65,3253.91,ETH
2026-01-07 07:10:17+00:00,617.0,3253.79,3253.66,3253.91,ETH
2026-01-07 07:10:18+00:00,618.0,3253.78,3253.68,3253.91,ETH
2026-01-07 07:10:19+00:00,619.0,3253.78,3253.68,3253.91,ETH
2026-01-07 07:10:20+00:00,620.0,3253.77,3253.68,3253.91,ETH
2026-01-07 07:10:21+00:00,621.0,3253.74,3253.67,3253.91,ETH
2026-01-07 07:10:22+00:00,622.0,3253.72,3253.68,3253.91,ETH
2026-01-07 07:10:23+00:00,623.0,3253.74,3253.68,3253.91,ETH
2026-01-07 07:10:24+00:00,624.0,3253.76,3253.68,3253.91,ETH
2026-01-07 07:10:25+00:00,625.0,3253.76,3253.68,3253.91,ETH
2026-01-07 07:10:26+00:00,626.0,3253.79,3253.68,3253.91,ETH
2026-01-07 07:10:27+00:00,627.0,3253.86,3253.69,3253.96,ETH
2026-01-07 07:10:28+00:00,628.0,3253.9,3253.69,3254.01,ETH
2026-01-07 07:10:29+00:00,629.0,3253.9,3253.69,3254.01,ETH
2026-01-07 07:10:30+00:00,630.0,3253.9,3253.69,3254.01,ETH
2026-01-07 07:10:31+00:00,631.0,3253.88,3253.69,3253.96,ETH
2026-01-07 07:10:32+00:00,632.0,3253.87,3253.69,3253.91,ETH
2026-01-07 07:10:33+00:00,633.0,3253.89,3253.69,3253.95,ETH
2026-01-07 07:10:34+00:00,634.0,3253.9,3253.69,3253.99,ETH
2026-01-07 07:10:35+00:00,635.0,3253.9,3253.69,3253.96,ETH
2026-01-07 07:10:36+00:00,636.0,3253.83,3253.69,3253.91,ETH
2026-01-07 07:10:37+00:00,637.0,3253.86,3253.67,3253.91,ETH
2026-01-07 07:10:38+00:00,638.0,3253.85,3253.67,3253.91,ETH
2026-01-07 07:10:39+00:00,639.0,3253.9,3253.67,3253.99,ETH
2026-01-07 07:10:40+00:00,640.0,3253.83,3253.68,3253.91,ETH
2026-01-07 07:10:41+00:00,641.0,3253.83,3253.68,3253.91,ETH
2026-01-07 07:10:42+00:00,642.0,3253.82,3253.68,3253.91,ETH
2026-01-07 07:10:43+00:00,643.0,3253.9,3253.68,3253.97,ETH
2026-01-07 07:10:44+00:00,644.0,3253.9,3253.68,3254.02,ETH
2026-01-07 07:10:45+00:00,645.0,3253.9,3253.68,3253.99,ETH
2026-01-07 07:10:46+00:00,646.0,3253.9,3253.68,3253.99,ETH
2026-01-07 07:10:47+00:00,647.0,3253.86,3253.74,3254.03,ETH
2026-01-07 07:10:48+00:00,648.0,3253.98,3253.74,3254.07,ETH
2026-01-07 07:10:49+00:00,649.0,3253.95,3253.74,3254.0,ETH
2026-01-07 07:10:50+00:00,650.0,3253.96,3253.72,3254.09,ETH
2026-01-07 07:10:51+00:00,651.0,3253.98,3253.77,3254.12,ETH
2026-01-07 07:10:52+00:00,652.0,3253.88,3253.77,3253.99,ETH
2026-01-07 07:10:53+00:00,653.0,3253.86,3253.77,3253.99,ETH
2026-01-07 07:10:54+00:00,654.0,3253.84,3253.77,3253.99,ETH
2026-01-07 07:10:55+00:00,655.0,3253.99,3253.77,3254.04,ETH
2026-01-07 07:10:56+00:00,656.0,3253.99,3253.77,3254.08,ETH
2026-01-07 07:10:57+00:00,657.0,3253.98,3253.77,3254.02,ETH
2026-01-07 07:10:58+00:00,658.0,3253.98,3253.77,3254.02,ETH
2026-01-07 07:10:59+00:00,659.0,3253.99,3253.77,3254.04,ETH
2026-01-07 07:11:00+00:00,660.0,3253.99,3253.77,3254.04,ETH
2026-01-07 07:11:01+00:00,661.0,3253.99,3253.77,3254.08,ETH
2026-01-07 07:11:02+00:00,662.0,3253.99,3253.77,3254.05,ETH
2026-01-07 07:11:03+00:00,663.0,3253.99,3253.77,3254.05,ETH
2026-01-07 07:11:04+00:00,664.0,3253.99,3253.78,3254.1,ETH
2026-01-07 07:11:05+00:00,665.0,3253.93,3253.79,3253.99,ETH
2026-01-07 07:11:06+00:00,666.0,3253.89,3253.81,3253.99,ETH
2026-01-07 07:11:07+00:00,667.0,3253.87,3253.81,3253.99,ETH
2026-01-07 07:11:08+00:00,668.0,3253.88,3253.81,3253.99,ETH
2026-01-07 07:11:09+00:00,669.0,3253.99,3253.81,3254.07,ETH
2026-01-07 07:11:10+00:00,670.0,3254.0,3253.89,3254.15,ETH
2026-01-07 07:11:11+00:00,671.0,3253.96,3253.83,3254.0,ETH
2026-01-07 07:11:12+00:00,672.0,3253.98,3253.83,3254.01,ETH
2026-01-07 07:11:13+00:00,673.0,3253.96,3253.83,3254.0,ETH
2026-01-07 07:11:14+00:00,674.0,3253.99,3253.92,3254.31,ETH
2026-01-07 07:11:15+00:00,675.0,3254.04,3253.92,3254.27,ETH
2026-01-07 07:11:16+00:00,676.0,3254.27,3254.15,3254.35,ETH
2026-01-07 07:11:17+00:00,677.0,3254.27,3254.21,3254.34,ETH
2026-01-07 07:11:18+00:00,678.0,3254.32,3254.21,3254.37,ETH
2026-01-07 07:11:19+00:00,679.0,3254.37,3254.21,3254.42,ETH
2026-01-07 07:11:20+00:00,680.0,3254.35,3254.22,3254.41,ETH
2026-01-07 07:11:21+00:00,681.0,3254.33,3254.22,3254.38,ETH
2026-01-07 07:11:22+00:00,682.0,3254.33,3254.22,3254.45,ETH
2026-01-07 07:11:23+00:00,683.0,3254.38,3254.3,3254.45,ETH
2026-01-07 07:11:24+00:00,684.0,3254.31,3254.27,3254.45,ETH
2026-01-07 07:11:25+00:00,685.0,3254.27,3254.23,3254.45,ETH
2026-01-07 07:11:26+00:00,686.0,3254.25,3254.2,3254.44,ETH
2026-01-07 07:11:27+00:00,687.0,3254.36,3254.27,3254.43,ETH
2026-01-07 07:11:28+00:00,688.0,3254.47,3254.25,3254.7,ETH
2026-01-07 07:11:29+00:00,689.0,3254.59,3254.48,3254.7,ETH
2026-01-07 07:11:30+00:00,690.0,3254.67,3254.55,3254.77,ETH
2026-01-07 07:11:31+00:00,691.0,3254.7,3254.59,3254.84,ETH
2026-01-07 07:11:32+00:00,692.0,3254.67,3254.6,3254.84,ETH
2026-01-07 07:11:33+00:00,693.0,3254.69,3254.6,3254.84,ETH
2026-01-07 07:11:34+00:00,694.0,3254.68,3254.61,3254.84,ETH
2026-01-07 07:11:35+00:00,695.0,3254.66,3254.61,3254.84,ETH
2026-01-07 07:11:36+00:00,696.0,3254.68,3254.61,3254.84,ETH
2026-01-07 07:11:37+00:00,697.0,3254.7,3254.61,3254.84,ETH
2026-01-07 07:11:38+00:00,698.0,3254.69,3254.61,3254.84,ETH
2026-01-07 07:11:39+00:00,699.0,3254.66,3254.61,3254.84,ETH
2026-01-07 07:11:40+00:00,700.0,3254.88,3254.71,3255.07,ETH
2026-01-07 07:11:41+00:00,701.0,3255.19,3255.0,3255.3,ETH
2026-01-07 07:11:42+00:00,702.0,3255.25,3255.18,3255.3,ETH
2026-01-07 07:11:43+00:00,703.0,3255.28,3255.21,3255.35,ETH
2026-01-07 07:11:44+00:00,704.0,3255.33,3255.25,3255.42,ETH
2026-01-07 07:11:45+00:00,705.0,3255.38,3255.27,3255.44,ETH
2026-01-07 07:11:46+00:00,706.0,3255.4,3255.28,3255.45,ETH
2026-01-07 07:11:47+00:00,707.0,3255.44,3255.28,3255.48,ETH
2026-01-07 07:11:48+00:00,708.0,3255.44,3255.28,3255.51,ETH
2026-01-07 07:11:49+00:00,709.0,3255.44,3255.28,3255.51,ETH
2026-01-07 07:11:50+00:00,710.0,3255.42,3255.28,3255.47,ETH
2026-01-07 07:11:51+00:00,711.0,3255.16,3255.15,3255.4,ETH
2026-01-07 07:11:52+00:00,712.0,3255.37,3255.28,3255.42,ETH
2026-01-07 07:11:53+00:00,713.0,3255.36,3255.28,3255.41,ETH
2026-01-07 07:11:54+00:00,714.0,3255.38,3255.28,3255.42,ETH
2026-01-07 07:11:55+00:00,715.0,3255.41,3255.28,3255.45,ETH
2026-01-07 07:11:56+00:00,716.0,3255.41,3255.29,3255.48,ETH
2026-01-07 07:11:57+00:00,717.0,3255.41,3255.29,3255.48,ETH
2026-01-07 07:11:58+00:00,718.0,3255.41,3255.29,3255.47,ETH
2026-01-07 07:11:59+00:00,719.0,3255.39,3255.29,3255.43,ETH
2026-01-07 07:12:00+00:00,720.0,3255.38,3255.29,3255.43,ETH
2026-01-07 07:12:01+00:00,721.0,3255.41,3255.3,3255.46,ETH
2026-01-07 07:12:02+00:00,722.0,3255.41,3255.37,3255.58,ETH
2026-01-07 07:12:03+00:00,723.0,3255.53,3255.36,3255.58,ETH
2026-01-07 07:12:04+00:00,724.0,3255.53,3255.36,3255.58,ETH
2026-01-07 07:12:05+00:00,725.0,3255.47,3255.36,3255.59,ETH
2026-01-07 07:12:06+00:00,726.0,3255.58,3255.37,3255.64,ETH
2026-01-07 07:12:07+00:00,727.0,3255.58,3255.38,3255.65,ETH
2026-01-07 07:12:08+00:00,728.0,3255.53,3255.38,3255.59,ETH
2026-01-07 07:12:09+00:00,729.0,3255.56,3255.38,3255.6,ETH
2026-01-07 07:12:10+00:00,730.0,3255.55,3255.39,3255.59,ETH
2026-01-07 07:12:11+00:00,731.0,3255.52,3255.39,3255.59,ETH
2026-01-07 07:12:12+00:00,732.0,3255.5,3255.39,3255.59,ETH
2026-01-07 07:12:13+00:00,733.0,3255.56,3255.4,3255.67,ETH
2026-01-07 07:12:14+00:00,734.0,3255.61,3255.42,3255.74,ETH
2026-01-07 07:12:15+00:00,735.0,3255.61,3255.44,3255.74,ETH
2026-01-07 07:12:16+00:00,736.0,3255.65,3255.44,3255.74,ETH
2026-01-07 07:12:17+00:00,737.0,3255.67,3255.42,3255.78,ETH
2026-01-07 07:12:18+00:00,738.0,3255.67,3255.41,3255.82,ETH
2026-01-07 07:12:19+00:00,739.0,3255.67,3255.41,3255.82,ETH
2026-01-07 07:12:20+00:00,740.0,3255.67,3255.41,3255.82,ETH
2026-01-07 07:12:21+00:00,741.0,3255.69,3255.41,3255.82,ETH
2026-01-07 07:12:22+00:00,742.0,3255.7,3255.41,3255.82,ETH
2026-01-07 07:12:23+00:00,743.0,3255.7,3255.41,3255.82,ETH
2026-01-07 07:12:24+00:00,744.0,3255.7,3255.42,3255.82,ETH
2026-01-07 07:12:25+00:00,745.0,3255.7,3255.42,3255.82,ETH
2026-01-07 07:12:26+00:00,746.0,3255.78,3255.53,3255.91,ETH
2026-01-07 07:12:27+00:00,747.0,3255.8,3255.61,3256.01,ETH
2026-01-07 07:12:28+00:00,748.0,3255.73,3255.59,3256.01,ETH
2026-01-07 07:12:29+00:00,749.0,3255.75,3255.59,3256.01,ETH
2026-01-07 07:12:30+00:00,750.0,3255.76,3255.59,3256.01,ETH
2026-01-07 07:12:31+00:00,751.0,3255.76,3255.59,3256.01,ETH
2026-01-07 07:12:32+00:00,752.0,3255.79,3255.59,3256.01,ETH
2026-01-07 07:12:33+00:00,753.0,3255.81,3255.59,3256.01,ETH
2026-01-07 07:12:34+00:00,754.0,3255.81,3255.59,3256.01,ETH
2026-01-07 07:12:35+00:00,755.0,3255.8,3255.6,3256.01,ETH
2026-01-07 07:12:36+00:00,756.0,3255.81,3255.6,3256.01,ETH
2026-01-07 07:12:37+00:00,757.0,3255.75,3255.6,3256.01,ETH
2026-01-07 07:12:38+00:00,758.0,3255.72,3255.58,3255.8,ETH
2026-01-07 07:12:39+00:00,759.0,3255.79,3255.59,3255.87,ETH
2026-01-07 07:12:40+00:00,760.0,3255.79,3255.67,3255.87,ETH
2026-01-07 07:12:41+00:00,761.0,3255.79,3255.67,3255.85,ETH
2026-01-07 07:12:42+00:00,762.0,3255.79,3255.67,3255.85,ETH
2026-01-07 07:12:43+00:00,763.0,3255.79,3255.61,3255.92,ETH
2026-01-07 07:12:44+00:00,764.0,3255.79,3255.61,3255.86,ETH
2026-01-07 07:12:45+00:00,765.0,3255.79,3255.61,3255.86,ETH
2026-01-07 07:12:46+00:00,766.0,3255.79,3255.61,3255.9,ETH
2026-01-07 07:12:47+00:00,767.0,3255.79,3255.66,3255.87,ETH
2026-01-07 07:12:48+00:00,768.0,3255.79,3255.61,3255.92,ETH
2026-01-07 07:12:49+00:00,769.0,3255.79,3255.61,3255.93,ETH
2026-01-07 07:12:50+00:00,770.0,3255.79,3255.61,3255.94,ETH
2026-01-07 07:12:51+00:00,771.0,3255.79,3255.62,3256.03,ETH
2026-01-07 07:12:52+00:00,772.0,3255.79,3255.61,3256.01,ETH
2026-01-07 07:12:53+00:00,773.0,3255.79,3255.61,3255.97,ETH
2026-01-07 07:12:54+00:00,774.0,3255.79,3255.64,3255.94,ETH
2026-01-07 07:12:55+00:00,775.0,3255.79,3255.67,3255.91,ETH
2026-01-07 07:12:56+00:00,776.0,3255.79,3255.67,3255.89,ETH
2026-01-07 07:12:57+00:00,777.0,3255.79,3255.64,3255.89,ETH
2026-01-07 07:12:58+00:00,778.0,3255.79,3255.61,3255.92,ETH
2026-01-07 07:12:59+00:00,779.0,3255.79,3255.61,3255.86,ETH
2026-01-07 07:13:00+00:00,780.0,3255.79,3255.61,3255.86,ETH
2026-01-07 07:13:01+00:00,781.0,3255.79,3255.61,3255.83,ETH
2026-01-07 07:13:02+00:00,782.0,3255.84,3255.78,3256.16,ETH
2026-01-07 07:13:03+00:00,783.0,3256.14,3256.01,3256.18,ETH
2026-01-07 07:13:04+00:00,784.0,3256.15,3256.04,3256.19,ETH
2026-01-07 07:13:05+00:00,785.0,3256.08,3255.9,3256.17,ETH
2026-01-07 07:13:06+00:00,786.0,3255.89,3255.76,3256.14,ETH
2026-01-07 07:13:07+00:00,787.0,3255.77,3255.76,3256.14,ETH
2026-01-07 07:13:08+00:00,788.0,3255.77,3255.76,3256.09,ETH
2026-01-07 07:13:09+00:00,789.0,3255.77,3255.74,3256.04,ETH
2026-01-07 07:13:10+00:00,790.0,3255.77,3255.72,3256.03,ETH
2026-01-07 07:13:11+00:00,791.0,3255.77,3255.73,3256.02,ETH
2026-01-07 07:13:12+00:00,792.0,3255.76,3255.65,3255.96,ETH
2026-01-07 07:13:13+00:00,793.0,3255.75,3255.58,3255.9,ETH
2026-01-07 07:13:14+00:00,794.0,3255.75,3255.56,3255.9,ETH
2026-01-07 07:13:15+00:00,795.0,3255.75,3255.57,3255.93,ETH
2026-01-07 07:13:16+00:00,796.0,3255.75,3255.59,3255.9,ETH
2026-01-07 07:13:17+00:00,797.0,3255.72,3255.57,3255.81,ETH
2026-01-07 07:13:18+00:00,798.0,3255.7,3255.56,3255.76,ETH
2026-01-07 07:13:19+00:00,799.0,3255.67,3255.56,3255.76,ETH
2026-01-07 07:13:20+00:00,800.0,3255.66,3255.55,3255.76,ETH
2026-01-07 07:13:21+00:00,801.0,3255.69,3255.55,3255.76,ETH
2026-01-07 07:13:22+00:00,802.0,3255.7,3255.54,3255.76,ETH
2026-01-07 07:13:23+00:00,803.0,3255.69,3255.54,3255.76,ETH
2026-01-07 07:13:24+00:00,804.0,3255.71,3255.54,3255.76,ETH
2026-01-07 07:13:25+00:00,805.0,3255.66,3255.58,3255.76,ETH
2026-01-07 07:13:26+00:00,806.0,3255.66,3255.54,3255.76,ETH
2026-01-07 07:13:27+00:00,807.0,3255.75,3255.54,3255.81,ETH
2026-01-07 07:13:28+00:00,808.0,3255.75,3255.58,3255.81,ETH
2026-01-07 07:13:29+00:00,809.0,3255.75,3255.59,3255.8,ETH
2026-01-07 07:13:30+00:00,810.0,3255.71,3255.62,3255.76,ETH
2026-01-07 07:13:31+00:00,811.0,3255.74,3255.58,3255.78,ETH
2026-01-07 07:13:32+00:00,812.0,3255.66,3255.59,3255.76,ETH
2026-01-07 07:13:33+00:00,813.0,3255.7,3255.54,3255.76,ETH
2026-01-07 07:13:34+00:00,814.0,3255.7,3255.55,3255.77,ETH
2026-01-07 07:13:35+00:00,815.0,3255.71,3255.59,3255.76,ETH
2026-01-07 07:13:36+00:00,816.0,3255.71,3255.62,3255.76,ETH
2026-01-07 07:13:37+00:00,817.0,3255.7,3255.57,3255.76,ETH
2026-01-07 07:13:38+00:00,818.0,3255.68,3255.55,3255.76,ETH
2026-01-07 07:13:39+00:00,819.0,3255.71,3255.55,3255.78,ETH
2026-01-07 07:13:40+00:00,820.0,3255.74,3255.55,3255.79,ETH
2026-01-07 07:13:41+00:00,821.0,3255.74,3255.55,3255.78,ETH
2026-01-07 07:13:42+00:00,822.0,3255.74,3255.54,3255.78,ETH
2026-01-07 07:13:43+00:00,823.0,3255.72,3255.53,3255.76,ETH
2026-01-07 07:13:44+00:00,824.0,3255.72,3255.53,3255.76,ETH
2026-01-07 07:13:45+00:00,825.0,3255.73,3255.52,3255.77,ETH
2026-01-07 07:13:46+00:00,826.0,3255.73,3255.52,3255.77,ETH
2026-01-07 07:13:47+00:00,827.0,3255.7,3255.51,3255.76,ETH
2026-01-07 07:13:48+00:00,828.0,3255.75,3255.54,3255.83,ETH
2026-01-07 07:13:49+00:00,829.0,3255.78,3255.66,3255.99,ETH
2026-01-07 07:13:50+00:00,830.0,3255.79,3255.67,3255.99,ETH
2026-01-07 07:13:51+00:00,831.0,3255.82,3255.67,3255.99,ETH
2026-01-07 07:13:52+00:00,832.0,3255.82,3255.67,3255.99,ETH
2026-01-07 07:13:53+00:00,833.0,3255.81,3255.66,3255.99,ETH
2026-01-07 07:13:54+00:00,834.0,3255.86,3255.66,3255.99,ETH
2026-01-07 07:13:55+00:00,835.0,3255.8,3255.67,3255.99,ETH
2026-01-07 07:13:56+00:00,836.0,3255.86,3255.66,3255.99,ETH
2026-01-07 07:13:57+00:00,837.0,3255.86,3255.66,3255.99,ETH
2026-01-07 07:13:58+00:00,838.0,3255.88,3255.64,3255.99,ETH
2026-01-07 07:13:59+00:00,839.0,3255.83,3255.64,3255.99,ETH
2026-01-07 07:14:00+00:00,840.0,3255.881,3255.65,3255.99,ETH
2026-01-07 07:14:01+00:00,841.0,3255.891,3255.66,3255.99,ETH
2026-01-07 07:14:02+00:00,842.0,3255.851,3255.67,3255.99,ETH
2026-01-07 07:14:03+00:00,843.0,3255.911,3255.75,3255.99,ETH
2026-01-07 07:14:04+00:00,844.0,3255.921,3255.75,3255.99,ETH
2026-01-07 07:14:05+00:00,845.0,3256.001,3255.75,3256.17,ETH
2026-01-07 07:14:06+00:00,846.0,3256.201,3256.01,3256.32,ETH
2026-01-07 07:14:07+00:00,847.0,3256.301,3256.06,3256.37,ETH
2026-01-07 07:14:08+00:00,848.0,3256.361,3256.13,3256.44,ETH
2026-01-07 07:14:09+00:00,849.0,3256.331,3256.14,3256.44,ETH
2026-01-07 07:14:10+00:00,850.0,3256.331,3256.14,3256.44,ETH
2026-01-07 07:14:11+00:00,851.0,3256.371,3256.16,3256.44,ETH
2026-01-07 07:14:12+00:00,852.0,3256.391,3256.18,3256.44,ETH
2026-01-07 07:14:13+00:00,853.0,3256.401,3256.21,3256.44,ETH
2026-01-07 07:14:14+00:00,854.0,3256.411,3256.24,3256.45,ETH
2026-01-07 07:14:15+00:00,855.0,3256.431,3256.26,3256.47,ETH
2026-01-07 07:14:16+00:00,856.0,3256.431,3256.26,3256.47,ETH
2026-01-07 07:14:17+00:00,857.0,3256.411,3256.26,3256.45,ETH
2026-01-07 07:14:18+00:00,858.0,3256.421,3256.26,3256.47,ETH
2026-01-07 07:14:19+00:00,859.0,3256.431,3256.25,3256.48,ETH
2026-01-07 07:14:20+00:00,860.0,3256.431,3256.25,3256.47,ETH
2026-01-07 07:14:22+00:00,862.0,3256.431,3256.26,3256.49,ETH
2026-01-07 07:14:23+00:00,863.0,3256.431,3256.26,3256.5,ETH
2026-01-07 07:14:24+00:00,864.0,3256.431,3256.26,3256.5,ETH
2026-01-07 07:14:25+00:00,865.0,3256.431,3256.26,3256.48,ETH
2026-01-07 07:14:26+00:00,866.0,3256.431,3256.26,3256.5,ETH
2026-01-07 07:14:27+00:00,867.0,3256.431,3256.26,3256.47,ETH
2026-01-07 07:14:28+00:00,868.0,3256.451,3256.26,3256.55,ETH
2026-01-07 07:14:29+00:00,869.0,3256.601,3256.36,3256.8,ETH
2026-01-07 07:14:30+00:00,870.0,3256.601,3256.38,3256.7,ETH
2026-01-07 07:14:31+00:00,871.0,3256.591,3256.38,3256.65,ETH
2026-01-07 07:14:32+00:00,872.0,3256.431,3256.27,3256.5,ETH
2026-01-07 07:14:33+00:00,873.0,3256.431,3256.27,3256.51,ETH
2026-01-07 07:14:34+00:00,874.0,3256.431,3256.29,3256.51,ETH
2026-01-07 07:14:35+00:00,875.0,3256.421,3256.3,3256.48,ETH
2026-01-07 07:14:36+00:00,876.0,3256.421,3256.3,3256.47,ETH
2026-01-07 07:14:37+00:00,877.0,3256.431,3256.3,3256.48,ETH
2026-01-07 07:14:38+00:00,878.0,3256.431,3256.3,3256.48,ETH
2026-01-07 07:14:39+00:00,879.0,3256.431,3256.3,3256.48,ETH
2026-01-07 07:14:40+00:00,880.0,3256.421,3256.3,3256.48,ETH
2026-01-07 07:14:41+00:00,881.0,3256.441,3256.32,3256.52,ETH
2026-01-07 07:14:42+00:00,882.0,3256.491,3256.36,3256.56,ETH
2026-01-07 07:14:43+00:00,883.0,3256.531,3256.36,3256.61,ETH
2026-01-07 07:14:44+00:00,884.0,3256.571,3256.37,3256.65,ETH
2026-01-07 07:14:45+00:00,885.0,3256.611,3256.41,3256.65,ETH
2026-01-07 07:14:46+00:00,886.0,3256.651,3256.48,3256.71,ETH
2026-01-07 07:14:47+00:00,887.0,3256.701,3256.53,3256.74,ETH
2026-01-07 07:14:48+00:00,888.0,3256.721,3256.53,3256.77,ETH
2026-01-07 07:14:49+00:00,889.0,3256.721,3256.53,3256.81,ETH
2026-01-07 07:14:50+00:00,890.0,3256.711,3256.53,3256.79,ETH
2026-01-07 07:14:51+00:00,891.0,3256.631,3256.52,3256.74,ETH
2026-01-07 07:14:52+00:00,892.0,3256.671,3256.59,3256.83,ETH
2026-01-07 07:14:53+00:00,893.0,3256.841,3256.66,3256.94,ETH
2026-01-07 07:14:54+00:00,894.0,3256.881,3256.67,3256.94,ETH
2026-01-07 07:14:55+00:00,895.0,3256.891,3256.69,3256.94,ETH
2026-01-07 07:14:56+00:00,896.0,3256.891,3256.71,3256.94,ETH
2026-01-07 07:14:57+00:00,897.0,3256.891,3256.71,3256.94,ETH
2026-01-07 07:14:58+00:00,898.0,3256.821,3256.72,3256.94,ETH
2026-01-07 07:14:59+00:00,899.0,3256.761,3256.72,3256.94,ETH
