timestamp,collected_at,seconds,mid,bid,ask,asset
2026-01-06 11:15:00+00:00,2026-01-06 11:23:58.686286+00:00,0.0,3235.402,3235.13,3235.52,ETH
2026-01-06 11:15:01+00:00,2026-01-06 11:23:59.707334+00:00,1.0,3235.392,3235.17,3235.52,ETH
2026-01-06 11:15:02+00:00,2026-01-06 11:24:00.653576+00:00,2.0,3235.402,3235.17,3235.45,ETH
2026-01-06 11:15:03+00:00,2026-01-06 11:24:01.735502+00:00,3.0,3235.362,3235.17,3235.42,ETH
2026-01-06 11:15:04+00:00,2026-01-06 11:24:02.728552+00:00,4.0,3235.362,3235.18,3235.5,ETH
2026-01-06 11:15:05+00:00,2026-01-06 11:24:03.706641+00:00,5.0,3235.392,3235.17,3235.53,ETH
2026-01-06 11:15:06+00:00,2026-01-06 11:24:04.717513+00:00,6.0,3235.322,3235.17,3235.44,ETH
2026-01-06 11:15:07+00:00,2026-01-06 11:24:05.722862+00:00,7.0,3235.261,3235.17,3235.43,ETH
2026-01-06 11:15:08+00:00,2026-01-06 11:24:06.785280+00:00,8.0,3235.382,3235.13,3235.45,ETH
2026-01-06 11:15:09+00:00,2026-01-06 11:24:07.784021+00:00,9.0,3235.392,3235.14,3235.45,ETH
2026-01-06 11:15:10+00:00,2026-01-06 11:24:08.779276+00:00,10.0,3235.322,3235.06,3235.46,ETH
2026-01-06 11:15:11+00:00,2026-01-06 11:24:09.782137+00:00,11.0,3235.251,3234.98,3235.43,ETH
2026-01-06 11:15:12+00:00,2026-01-06 11:24:10.789776+00:00,12.0,3235.231,3234.98,3235.38,ETH
2026-01-06 11:15:13+00:00,2026-01-06 11:24:11.792038+00:00,13.0,3235.111,3234.95,3235.28,ETH
2026-01-06 11:15:14+00:00,2026-01-06 11:24:12.790043+00:00,14.0,3234.891,3234.78,3235.08,ETH
2026-01-06 11:15:15+00:00,2026-01-06 11:24:13.788824+00:00,15.0,3234.801,3234.62,3235.01,ETH
2026-01-06 11:15:16+00:00,2026-01-06 11:24:14.786287+00:00,16.0,3234.821,3234.56,3235.01,ETH
2026-01-06 11:15:17+00:00,2026-01-06 11:24:15.799484+00:00,17.0,3234.801,3234.54,3235.02,ETH
2026-01-06 11:15:18+00:00,2026-01-06 11:24:16.878961+00:00,18.0,3234.831,3234.57,3235.07,ETH
2026-01-06 11:15:19+00:00,2026-01-06 11:24:17.837970+00:00,19.0,3234.851,3234.59,3235.1,ETH
2026-01-06 11:15:20+00:00,2026-01-06 11:24:18.826078+00:00,20.0,3234.871,3234.61,3235.12,ETH
2026-01-06 11:15:21+00:00,2026-01-06 11:24:19.852819+00:00,21.0,3234.891,3234.64,3235.14,ETH
2026-01-06 11:15:22+00:00,2026-01-06 11:24:20.854111+00:00,22.0,3234.881,3234.64,3235.13,ETH
2026-01-06 11:15:23+00:00,2026-01-06 11:24:21.874874+00:00,23.0,3234.951,3234.77,3235.2,ETH
2026-01-06 11:15:24+00:00,2026-01-06 11:24:22.871753+00:00,24.0,3235.061,3234.95,3235.37,ETH
2026-01-06 11:15:25+00:00,2026-01-06 11:24:23.892134+00:00,25.0,3235.121,3235.01,3235.45,ETH
2026-01-06 11:15:26+00:00,2026-01-06 11:24:24.908863+00:00,26.0,3235.131,3234.99,3235.42,ETH
2026-01-06 11:15:27+00:00,2026-01-06 11:24:25.920875+00:00,27.0,3235.131,3234.97,3235.29,ETH
2026-01-06 11:15:28+00:00,2026-01-06 11:24:26.948533+00:00,28.0,3235.021,3234.76,3235.09,ETH
2026-01-06 11:15:29+00:00,2026-01-06 11:24:27.947544+00:00,29.0,3234.831,3234.54,3234.95,ETH
2026-01-06 11:15:30+00:00,2026-01-06 11:24:28.956971+00:00,30.0,3234.651,3234.51,3234.95,ETH
2026-01-06 11:15:31+00:00,2026-01-06 11:24:29.952881+00:00,31.0,3234.561,3234.51,3235.04,ETH
2026-01-06 11:15:32+00:00,2026-01-06 11:24:30.958266+00:00,32.0,3234.561,3234.51,3235.04,ETH
2026-01-06 11:15:33+00:00,2026-01-06 11:24:31.971348+00:00,33.0,3234.671,3234.47,3234.97,ETH
2026-01-06 11:15:34+00:00,2026-01-06 11:24:32.985908+00:00,34.0,3234.731,3234.48,3234.87,ETH
2026-01-06 11:15:35+00:00,2026-01-06 11:24:33.990777+00:00,35.0,3234.431,3234.39,3234.81,ETH
2026-01-06 11:15:36+00:00,2026-01-06 11:24:34.989357+00:00,36.0,3234.421,3234.38,3234.82,ETH
2026-01-06 11:15:37+00:00,2026-01-06 11:24:36.005878+00:00,37.0,3234.491,3234.45,3234.82,ETH
2026-01-06 11:15:38+00:00,2026-01-06 11:24:37.007931+00:00,38.0,3234.491,3234.46,3234.82,ETH
2026-01-06 11:15:39+00:00,2026-01-06 11:24:38.024321+00:00,39.0,3234.571,3234.49,3234.82,ETH
2026-01-06 11:15:40+00:00,2026-01-06 11:24:39.037758+00:00,40.0,3234.641,3234.49,3234.85,ETH
2026-01-06 11:15:41+00:00,2026-01-06 11:24:40.043362+00:00,41.0,3234.741,3234.53,3234.99,ETH
2026-01-06 11:15:42+00:00,2026-01-06 11:24:41.049740+00:00,42.0,3234.741,3234.52,3234.99,ETH
2026-01-06 11:15:43+00:00,2026-01-06 11:24:42.037734+00:00,43.0,3234.641,3234.52,3234.99,ETH
2026-01-06 11:15:44+00:00,2026-01-06 11:24:43.037860+00:00,44.0,3234.751,3234.52,3235.0,ETH
2026-01-06 11:15:45+00:00,2026-01-06 11:24:44.037119+00:00,45.0,3234.701,3234.52,3235.0,ETH
2026-01-06 11:15:46+00:00,2026-01-06 11:24:45.084578+00:00,46.0,3234.691,3234.52,3234.99,ETH
2026-01-06 11:15:47+00:00,2026-01-06 11:24:46.090437+00:00,47.0,3234.701,3234.53,3234.99,ETH
2026-01-06 11:15:48+00:00,2026-01-06 11:24:47.101648+00:00,48.0,3235.121,3234.97,3235.27,ETH
2026-01-06 11:15:49+00:00,2026-01-06 11:24:48.091331+00:00,49.0,3235.312,3235.07,3235.54,ETH
2026-01-06 11:15:50+00:00,2026-01-06 11:24:49.113474+00:00,50.0,3235.312,3235.07,3235.54,ETH
2026-01-06 11:15:51+00:00,2026-01-06 11:24:50.116682+00:00,51.0,3235.312,3235.07,3235.54,ETH
2026-01-06 11:15:52+00:00,2026-01-06 11:24:51.136289+00:00,52.0,3235.312,3235.08,3235.54,ETH
2026-01-06 11:15:53+00:00,2026-01-06 11:24:52.137177+00:00,53.0,3235.312,3235.08,3235.6,ETH
2026-01-06 11:15:54+00:00,2026-01-06 11:24:53.151522+00:00,54.0,3235.302,3235.08,3235.54,ETH
2026-01-06 11:15:55+00:00,2026-01-06 11:24:54.166238+00:00,55.0,3235.302,3235.08,3235.54,ETH
2026-01-06 11:15:56+00:00,2026-01-06 11:24:55.187221+00:00,56.0,3235.302,3235.08,3235.54,ETH
2026-01-06 11:15:57+00:00,2026-01-06 11:24:56.190018+00:00,57.0,3235.312,3235.08,3235.54,ETH
2026-01-06 11:15:58+00:00,2026-01-06 11:24:57.191169+00:00,58.0,3235.302,3235.08,3235.54,ETH
2026-01-06 11:15:59+00:00,2026-01-06 11:24:58.190543+00:00,59.0,3235.342,3235.1,3235.57,ETH
2026-01-06 11:16:00+00:00,2026-01-06 11:24:59.204608+00:00,60.0,3234.991,3234.91,3235.18,ETH
2026-01-06 11:16:01+00:00,2026-01-06 11:25:00.207096+00:00,61.0,3234.981,3234.76,3235.16,ETH
2026-01-06 11:16:02+00:00,2026-01-06 11:25:01.215796+00:00,62.0,3234.741,3234.5,3234.98,ETH
2026-01-06 11:16:03+00:00,2026-01-06 11:25:02.233339+00:00,63.0,3234.751,3234.5,3234.99,ETH
2026-01-06 11:16:04+00:00,2026-01-06 11:25:03.240570+00:00,64.0,3234.801,3234.56,3235.04,ETH
2026-01-06 11:16:05+00:00,2026-01-06 11:25:04.256862+00:00,65.0,3234.781,3234.54,3235.02,ETH
2026-01-06 11:16:06+00:00,2026-01-06 11:25:05.278052+00:00,66.0,3234.781,3234.54,3235.02,ETH
2026-01-06 11:16:07+00:00,2026-01-06 11:25:06.282056+00:00,67.0,3234.791,3234.55,3235.03,ETH
2026-01-06 11:16:08+00:00,2026-01-06 11:25:07.287986+00:00,68.0,3234.791,3234.55,3235.03,ETH
2026-01-06 11:16:09+00:00,2026-01-06 11:25:08.288670+00:00,69.0,3234.741,3234.5,3234.89,ETH
2026-01-06 11:16:10+00:00,2026-01-06 11:25:09.287498+00:00,70.0,3234.601,3234.46,3234.77,ETH
2026-01-06 11:16:11+00:00,2026-01-06 11:25:10.365253+00:00,71.0,3234.501,3234.25,3234.58,ETH
2026-01-06 11:16:12+00:00,2026-01-06 11:25:11.304649+00:00,72.0,3234.501,3234.25,3234.58,ETH
2026-01-06 11:16:13+00:00,2026-01-06 11:25:12.301549+00:00,73.0,3234.501,3234.25,3234.58,ETH
2026-01-06 11:16:14+00:00,2026-01-06 11:25:13.306114+00:00,74.0,3234.511,3234.25,3234.58,ETH
2026-01-06 11:16:15+00:00,2026-01-06 11:25:14.321943+00:00,75.0,3234.391,3234.21,3234.58,ETH
2026-01-06 11:16:16+00:00,2026-01-06 11:25:15.326100+00:00,76.0,3234.321,3234.03,3234.51,ETH
2026-01-06 11:16:17+00:00,2026-01-06 11:25:16.339780+00:00,77.0,3233.701,3233.68,3233.81,ETH
2026-01-06 11:16:18+00:00,2026-01-06 11:25:17.353246+00:00,78.0,3233.421,3233.28,3233.69,ETH
2026-01-06 11:16:19+00:00,2026-01-06 11:25:19.356309+00:00,79.0,3233.221,3233.13,3233.42,ETH
2026-01-06 11:16:20+00:00,2026-01-06 11:25:20.373159+00:00,80.0,3233.031,3232.95,3233.22,ETH
2026-01-06 11:16:21+00:00,2026-01-06 11:25:21.401159+00:00,81.0,3232.901,3232.86,3233.22,ETH
2026-01-06 11:16:22+00:00,2026-01-06 11:25:22.419478+00:00,82.0,3232.771,3232.64,3233.04,ETH
2026-01-06 11:16:23+00:00,2026-01-06 11:25:23.439719+00:00,83.0,3232.651,3232.41,3232.85,ETH
2026-01-06 11:16:24+00:00,2026-01-06 11:25:24.438422+00:00,84.0,3232.641,3232.38,3232.84,ETH
2026-01-06 11:16:25+00:00,2026-01-06 11:25:25.440130+00:00,85.0,3232.641,3232.38,3232.87,ETH
2026-01-06 11:16:26+00:00,2026-01-06 11:25:26.439542+00:00,86.0,3232.641,3232.38,3232.89,ETH
2026-01-06 11:16:27+00:00,2026-01-06 11:25:27.443461+00:00,87.0,3232.641,3232.37,3232.89,ETH
2026-01-06 11:16:28+00:00,2026-01-06 11:25:28.496335+00:00,88.0,3232.621,3232.36,3232.86,ETH
2026-01-06 11:16:29+00:00,2026-01-06 11:25:29.471922+00:00,89.0,3232.601,3232.34,3232.85,ETH
2026-01-06 11:16:30+00:00,2026-01-06 11:25:30.488682+00:00,90.0,3232.601,3232.33,3232.9,ETH
2026-01-06 11:16:31+00:00,2026-01-06 11:25:31.485342+00:00,91.0,3232.671,3232.47,3233.02,ETH
2026-01-06 11:16:32+00:00,2026-01-06 11:25:32.505410+00:00,92.0,3232.841,3232.65,3233.15,ETH
2026-01-06 11:16:33+00:00,2026-01-06 11:25:33.521890+00:00,93.0,3232.961,3232.71,3233.19,ETH
2026-01-06 11:16:34+00:00,2026-01-06 11:25:34.851707+00:00,94.0,3232.961,3232.75,3233.2,ETH
2026-01-06 11:16:35+00:00,2026-01-06 11:25:35.871374+00:00,95.0,3232.961,3232.74,3233.18,ETH
2026-01-06 11:16:36+00:00,2026-01-06 11:25:36.855257+00:00,96.0,3232.941,3232.72,3233.16,ETH
2026-01-06 11:16:38+00:00,2026-01-06 11:25:37.848309+00:00,98.0,3232.911,3232.66,3233.15,ETH
2026-01-06 11:16:39+00:00,2026-01-06 11:25:38.851046+00:00,99.0,3232.761,3232.56,3233.02,ETH
2026-01-06 11:16:40+00:00,2026-01-06 11:25:39.867545+00:00,100.0,3232.801,3232.55,3233.14,ETH
2026-01-06 11:16:41+00:00,2026-01-06 11:25:40.888513+00:00,101.0,3232.791,3232.54,3233.1,ETH
2026-01-06 11:16:42+00:00,2026-01-06 11:25:41.920972+00:00,102.0,3232.791,3232.54,3233.04,ETH
2026-01-06 11:16:43+00:00,2026-01-06 11:25:42.919522+00:00,103.0,3232.671,3232.57,3233.04,ETH
2026-01-06 11:16:44+00:00,2026-01-06 11:25:43.935997+00:00,104.0,3232.711,3232.55,3233.04,ETH
2026-01-06 11:16:45+00:00,2026-01-06 11:25:44.957101+00:00,105.0,3232.791,3232.54,3233.0,ETH
2026-01-06 11:16:46+00:00,2026-01-06 11:25:45.966707+00:00,106.0,3232.751,3232.54,3233.0,ETH
2026-01-06 11:16:47+00:00,2026-01-06 11:25:46.971630+00:00,107.0,3232.761,3232.52,3232.95,ETH
2026-01-06 11:16:48+00:00,2026-01-06 11:25:47.966365+00:00,108.0,3232.761,3232.53,3233.0,ETH
2026-01-06 11:16:49+00:00,2026-01-06 11:25:48.970351+00:00,109.0,3232.761,3232.53,3233.01,ETH
2026-01-06 11:16:50+00:00,2026-01-06 11:25:50.034149+00:00,110.0,3232.761,3232.53,3233.01,ETH
2026-01-06 11:16:51+00:00,2026-01-06 11:25:51.019159+00:00,111.0,3232.771,3232.53,3233.02,ETH
2026-01-06 11:16:52+00:00,2026-01-06 11:25:52.033181+00:00,112.0,3232.651,3232.53,3232.9,ETH
2026-01-06 11:16:53+00:00,2026-01-06 11:25:53.038313+00:00,113.0,3232.691,3232.52,3232.9,ETH
2026-01-06 11:16:54+00:00,2026-01-06 11:25:54.138435+00:00,114.0,3232.821,3232.6,3233.08,ETH
2026-01-06 11:16:55+00:00,2026-01-06 11:25:55.162851+00:00,115.0,3232.781,3232.6,3233.08,ETH
2026-01-06 11:16:56+00:00,2026-01-06 11:25:56.199775+00:00,116.0,3232.801,3232.63,3233.08,ETH
2026-01-06 11:16:57+00:00,2026-01-06 11:25:57.211844+00:00,117.0,3232.841,3232.73,3233.08,ETH
2026-01-06 11:16:58+00:00,2026-01-06 11:25:58.205246+00:00,118.0,3233.011,3232.73,3233.31,ETH
2026-01-06 11:16:59+00:00,2026-01-06 11:25:59.217330+00:00,119.0,3233.081,3232.84,3233.32,ETH
2026-01-06 11:17:00+00:00,2026-01-06 11:26:00.217506+00:00,120.0,3233.081,3232.9,3233.37,ETH
2026-01-06 11:17:01+00:00,2026-01-06 11:26:01.221593+00:00,121.0,3233.021,3232.9,3233.31,ETH
2026-01-06 11:17:02+00:00,2026-01-06 11:26:02.250336+00:00,122.0,3233.061,3232.87,3233.32,ETH
2026-01-06 11:17:03+00:00,2026-01-06 11:26:03.248922+00:00,123.0,3233.091,3232.92,3233.32,ETH
2026-01-06 11:17:04+00:00,2026-01-06 11:26:04.254183+00:00,124.0,3233.151,3232.92,3233.41,ETH
2026-01-06 11:17:05+00:00,2026-01-06 11:26:05.266543+00:00,125.0,3233.151,3232.92,3233.41,ETH
2026-01-06 11:17:06+00:00,2026-01-06 11:26:06.329418+00:00,126.0,3233.391,3233.18,3233.6,ETH
2026-01-06 11:17:07+00:00,2026-01-06 11:26:07.325257+00:00,127.0,3233.641,3233.41,3233.86,ETH
2026-01-06 11:17:08+00:00,2026-01-06 11:26:08.312197+00:00,128.0,3233.641,3233.45,3233.92,ETH
2026-01-06 11:17:09+00:00,2026-01-06 11:26:09.333349+00:00,129.0,3233.281,3233.1,3233.38,ETH
2026-01-06 11:17:10+00:00,2026-01-06 11:26:10.337059+00:00,130.0,3233.051,3232.8,3233.3,ETH
2026-01-06 11:17:11+00:00,2026-01-06 11:26:11.347220+00:00,131.0,3233.151,3232.9,3233.37,ETH
2026-01-06 11:17:12+00:00,2026-01-06 11:26:12.370361+00:00,132.0,3233.301,3233.09,3233.53,ETH
2026-01-06 11:17:13+00:00,2026-01-06 11:26:13.383840+00:00,133.0,3233.461,3233.28,3233.69,ETH
2026-01-06 11:17:14+00:00,2026-01-06 11:26:14.378960+00:00,134.0,3233.461,3233.35,3233.68,ETH
2026-01-06 11:17:15+00:00,2026-01-06 11:26:15.386642+00:00,135.0,3233.371,3233.32,3233.54,ETH
2026-01-06 11:17:16+00:00,2026-01-06 11:26:16.407264+00:00,136.0,3233.371,3233.14,3233.52,ETH
2026-01-06 11:17:17+00:00,2026-01-06 11:26:17.407621+00:00,137.0,3233.371,3233.14,3233.5,ETH
2026-01-06 11:17:18+00:00,2026-01-06 11:26:18.418166+00:00,138.0,3233.361,3233.13,3233.5,ETH
2026-01-06 11:17:19+00:00,2026-01-06 11:26:19.418976+00:00,139.0,3233.361,3233.13,3233.5,ETH
2026-01-06 11:17:20+00:00,2026-01-06 11:26:20.438950+00:00,140.0,3233.381,3233.13,3233.62,ETH
2026-01-06 11:17:21+00:00,2026-01-06 11:26:21.436569+00:00,141.0,3233.381,3233.14,3233.62,ETH
2026-01-06 11:17:22+00:00,2026-01-06 11:26:22.453833+00:00,142.0,3233.381,3233.13,3233.62,ETH
2026-01-06 11:17:23+00:00,2026-01-06 11:26:23.436886+00:00,143.0,3233.491,3233.2,3233.8,ETH
2026-01-06 11:17:24+00:00,2026-01-06 11:26:24.451490+00:00,144.0,3233.501,3233.2,3233.84,ETH
2026-01-06 11:17:25+00:00,2026-01-06 11:26:25.454065+00:00,145.0,3233.501,3233.2,3233.83,ETH
2026-01-06 11:17:26+00:00,2026-01-06 11:26:26.453746+00:00,146.0,3233.481,3233.2,3233.83,ETH
2026-01-06 11:17:27+00:00,2026-01-06 11:26:27.472239+00:00,147.0,3233.761,3233.43,3233.94,ETH
2026-01-06 11:17:28+00:00,2026-01-06 11:26:28.473907+00:00,148.0,3233.821,3233.5,3234.14,ETH
2026-01-06 11:17:29+00:00,2026-01-06 11:26:29.469443+00:00,149.0,3234.311,3234.0,3234.59,ETH
2026-01-06 11:17:30+00:00,2026-01-06 11:26:30.484819+00:00,150.0,3234.301,3234.05,3234.59,ETH
2026-01-06 11:17:31+00:00,2026-01-06 11:26:31.486799+00:00,151.0,3234.321,3234.05,3234.59,ETH
2026-01-06 11:17:32+00:00,2026-01-06 11:26:33.522667+00:00,152.0,3234.321,3234.05,3234.59,ETH
2026-01-06 11:17:33+00:00,2026-01-06 11:26:34.517226+00:00,153.0,3234.321,3234.05,3234.59,ETH
2026-01-06 11:17:34+00:00,2026-01-06 11:26:35.505948+00:00,154.0,3234.311,3234.04,3234.59,ETH
2026-01-06 11:17:35+00:00,2026-01-06 11:26:36.519784+00:00,155.0,3234.291,3234.04,3234.58,ETH
2026-01-06 11:17:36+00:00,2026-01-06 11:26:37.517750+00:00,156.0,3234.261,3234.04,3234.56,ETH
2026-01-06 11:17:37+00:00,2026-01-06 11:26:38.518909+00:00,157.0,3234.261,3234.04,3234.56,ETH
2026-01-06 11:17:38+00:00,2026-01-06 11:26:39.520650+00:00,158.0,3234.261,3234.04,3234.55,ETH
2026-01-06 11:17:39+00:00,2026-01-06 11:26:40.541842+00:00,159.0,3234.261,3234.03,3234.54,ETH
2026-01-06 11:17:40+00:00,2026-01-06 11:26:41.531195+00:00,160.0,3234.251,3234.02,3234.54,ETH
2026-01-06 11:17:41+00:00,2026-01-06 11:26:42.536021+00:00,161.0,3234.251,3234.02,3234.54,ETH
2026-01-06 11:17:42+00:00,2026-01-06 11:26:43.547210+00:00,162.0,3234.241,3234.02,3234.54,ETH
2026-01-06 11:17:43+00:00,2026-01-06 11:26:44.559922+00:00,163.0,3234.241,3234.02,3234.54,ETH
2026-01-06 11:17:44+00:00,2026-01-06 11:26:45.576938+00:00,164.0,3234.261,3234.02,3234.54,ETH
2026-01-06 11:17:45+00:00,2026-01-06 11:26:46.583666+00:00,165.0,3234.291,3234.04,3234.53,ETH
2026-01-06 11:17:46+00:00,2026-01-06 11:26:47.583242+00:00,166.0,3234.311,3234.05,3234.52,ETH
2026-01-06 11:17:47+00:00,2026-01-06 11:26:48.589043+00:00,167.0,3234.311,3234.05,3234.52,ETH
2026-01-06 11:17:48+00:00,2026-01-06 11:26:49.591347+00:00,168.0,3234.311,3234.05,3234.52,ETH
2026-01-06 11:17:49+00:00,2026-01-06 11:26:50.599781+00:00,169.0,3234.311,3234.05,3234.52,ETH
2026-01-06 11:17:50+00:00,2026-01-06 11:26:51.598372+00:00,170.0,3234.311,3234.05,3234.52,ETH
2026-01-06 11:17:51+00:00,2026-01-06 11:26:52.593413+00:00,171.0,3234.311,3234.05,3234.57,ETH
2026-01-06 11:17:52+00:00,2026-01-06 11:26:53.602001+00:00,172.0,3234.331,3234.05,3234.64,ETH
2026-01-06 11:17:53+00:00,2026-01-06 11:26:54.618963+00:00,173.0,3234.341,3234.05,3234.67,ETH
2026-01-06 11:17:54+00:00,2026-01-06 11:26:55.622661+00:00,174.0,3234.381,3234.1,3234.72,ETH
2026-01-06 11:17:55+00:00,2026-01-06 11:26:56.618941+00:00,175.0,3234.421,3234.15,3234.76,ETH
2026-01-06 11:17:56+00:00,2026-01-06 11:26:57.619019+00:00,176.0,3234.651,3234.36,3234.92,ETH
2026-01-06 11:17:57+00:00,2026-01-06 11:26:58.615302+00:00,177.0,3234.651,3234.36,3234.95,ETH
2026-01-06 11:17:58+00:00,2026-01-06 11:26:59.612445+00:00,178.0,3234.651,3234.47,3234.95,ETH
2026-01-06 11:17:59+00:00,2026-01-06 11:27:00.621464+00:00,179.0,3234.651,3234.48,3234.95,ETH
2026-01-06 11:18:00+00:00,2026-01-06 11:27:01.629408+00:00,180.0,3234.651,3234.48,3234.95,ETH
2026-01-06 11:18:01+00:00,2026-01-06 11:27:02.625106+00:00,181.0,3234.881,3234.6,3235.19,ETH
2026-01-06 11:18:02+00:00,2026-01-06 11:27:03.633988+00:00,182.0,3234.951,3234.68,3235.27,ETH
2026-01-06 11:18:03+00:00,2026-01-06 11:27:04.643291+00:00,183.0,3235.031,3234.81,3235.33,ETH
2026-01-06 11:18:04+00:00,2026-01-06 11:27:05.652319+00:00,184.0,3235.131,3235.02,3235.58,ETH
2026-01-06 11:18:05+00:00,2026-01-06 11:27:06.710252+00:00,185.0,3235.312,3235.09,3235.65,ETH
2026-01-06 11:18:06+00:00,2026-01-06 11:27:07.693492+00:00,186.0,3235.312,3235.1,3235.64,ETH
2026-01-06 11:18:07+00:00,2026-01-06 11:27:08.695472+00:00,187.0,3235.312,3235.1,3235.63,ETH
2026-01-06 11:18:08+00:00,2026-01-06 11:27:09.693236+00:00,188.0,3235.312,3235.1,3235.65,ETH
2026-01-06 11:18:09+00:00,2026-01-06 11:27:10.698221+00:00,189.0,3235.312,3235.1,3235.65,ETH
2026-01-06 11:18:10+00:00,2026-01-06 11:27:11.712790+00:00,190.0,3235.312,3235.1,3235.65,ETH
2026-01-06 11:18:11+00:00,2026-01-06 11:27:12.729327+00:00,191.0,3235.312,3235.1,3235.63,ETH
2026-01-06 11:18:12+00:00,2026-01-06 11:27:13.731599+00:00,192.0,3235.291,3235.09,3235.52,ETH
2026-01-06 11:18:13+00:00,2026-01-06 11:27:14.724030+00:00,193.0,3235.271,3235.01,3235.49,ETH
2026-01-06 11:18:14+00:00,2026-01-06 11:27:15.713206+00:00,194.0,3235.271,3234.94,3235.51,ETH
2026-01-06 11:18:15+00:00,2026-01-06 11:27:16.710287+00:00,195.0,3235.261,3234.93,3235.45,ETH
2026-01-06 11:18:16+00:00,2026-01-06 11:27:17.720654+00:00,196.0,3235.131,3234.91,3235.37,ETH
2026-01-06 11:18:17+00:00,2026-01-06 11:27:18.718291+00:00,197.0,3235.031,3234.91,3235.31,ETH
2026-01-06 11:18:18+00:00,2026-01-06 11:27:19.732997+00:00,198.0,3235.041,3234.91,3235.31,ETH
2026-01-06 11:18:19+00:00,2026-01-06 11:27:20.736912+00:00,199.0,3235.071,3234.91,3235.31,ETH
2026-01-06 11:18:20+00:00,2026-01-06 11:27:21.728837+00:00,200.0,3235.221,3234.91,3235.31,ETH
2026-01-06 11:18:21+00:00,2026-01-06 11:27:22.734340+00:00,201.0,3235.211,3234.92,3235.31,ETH
2026-01-06 11:18:22+00:00,2026-01-06 11:27:23.755647+00:00,202.0,3235.201,3234.92,3235.31,ETH
2026-01-06 11:18:23+00:00,2026-01-06 11:27:24.788579+00:00,203.0,3235.191,3234.92,3235.31,ETH
2026-01-06 11:18:24+00:00,2026-01-06 11:27:25.798173+00:00,204.0,3235.131,3234.92,3235.31,ETH
2026-01-06 11:18:25+00:00,2026-01-06 11:27:26.817906+00:00,205.0,3234.971,3234.78,3235.09,ETH
2026-01-06 11:18:26+00:00,2026-01-06 11:27:27.817904+00:00,206.0,3234.801,3234.56,3235.0,ETH
2026-01-06 11:18:27+00:00,2026-01-06 11:27:28.818070+00:00,207.0,3234.761,3234.49,3234.9,ETH
2026-01-06 11:18:28+00:00,2026-01-06 11:27:29.848285+00:00,208.0,3234.721,3234.42,3234.81,ETH
2026-01-06 11:18:29+00:00,2026-01-06 11:27:30.851042+00:00,209.0,3234.691,3234.42,3234.8,ETH
2026-01-06 11:18:30+00:00,2026-01-06 11:27:31.852950+00:00,210.0,3234.671,3234.42,3234.8,ETH
2026-01-06 11:18:31+00:00,2026-01-06 11:27:32.867205+00:00,211.0,3234.691,3234.42,3234.88,ETH
2026-01-06 11:18:32+00:00,2026-01-06 11:27:33.882412+00:00,212.0,3234.651,3234.41,3234.94,ETH
2026-01-06 11:18:33+00:00,2026-01-06 11:27:34.892494+00:00,213.0,3234.631,3234.41,3234.94,ETH
2026-01-06 11:18:34+00:00,2026-01-06 11:27:35.899649+00:00,214.0,3234.461,3234.16,3234.63,ETH
2026-01-06 11:18:35+00:00,2026-01-06 11:27:36.899242+00:00,215.0,3234.461,3234.16,3234.62,ETH
2026-01-06 11:18:36+00:00,2026-01-06 11:27:37.908729+00:00,216.0,3234.401,3234.16,3234.62,ETH
2026-01-06 11:18:37+00:00,2026-01-06 11:27:38.917349+00:00,217.0,3234.421,3234.17,3234.77,ETH
2026-01-06 11:18:38+00:00,2026-01-06 11:27:39.930540+00:00,218.0,3234.411,3234.17,3234.77,ETH
2026-01-06 11:18:39+00:00,2026-01-06 11:27:40.950717+00:00,219.0,3234.481,3234.18,3234.76,ETH
2026-01-06 11:18:40+00:00,2026-01-06 11:27:41.951641+00:00,220.0,3234.481,3234.3,3234.82,ETH
2026-01-06 11:18:41+00:00,2026-01-06 11:27:42.965283+00:00,221.0,3234.571,3234.32,3234.82,ETH
2026-01-06 11:18:42+00:00,2026-01-06 11:27:43.961767+00:00,222.0,3234.571,3234.32,3234.82,ETH
2026-01-06 11:18:43+00:00,2026-01-06 11:27:44.965953+00:00,223.0,3234.521,3234.31,3234.81,ETH
2026-01-06 11:18:44+00:00,2026-01-06 11:27:45.967145+00:00,224.0,3234.541,3234.31,3234.82,ETH
2026-01-06 11:18:45+00:00,2026-01-06 11:27:46.966864+00:00,225.0,3234.631,3234.31,3234.82,ETH
2026-01-06 11:18:46+00:00,2026-01-06 11:27:47.965690+00:00,226.0,3234.631,3234.31,3234.81,ETH
2026-01-06 11:18:47+00:00,2026-01-06 11:27:48.968428+00:00,227.0,3234.631,3234.31,3234.81,ETH
2026-01-06 11:18:48+00:00,2026-01-06 11:27:49.992630+00:00,228.0,3234.641,3234.31,3234.81,ETH
2026-01-06 11:18:49+00:00,2026-01-06 11:27:50.964546+00:00,229.0,3234.631,3234.31,3234.81,ETH
2026-01-06 11:18:50+00:00,2026-01-06 11:27:51.976789+00:00,230.0,3234.631,3234.31,3234.81,ETH
2026-01-06 11:18:51+00:00,2026-01-06 11:27:52.968263+00:00,231.0,3234.631,3234.31,3234.81,ETH
2026-01-06 11:18:52+00:00,2026-01-06 11:27:53.963378+00:00,232.0,3234.551,3234.31,3234.68,ETH
2026-01-06 11:18:53+00:00,2026-01-06 11:27:54.983237+00:00,233.0,3234.471,3234.31,3234.68,ETH
2026-01-06 11:18:54+00:00,2026-01-06 11:27:55.997587+00:00,234.0,3234.521,3234.28,3234.68,ETH
2026-01-06 11:18:55+00:00,2026-01-06 11:27:57.014186+00:00,235.0,3234.501,3234.28,3234.68,ETH
2026-01-06 11:18:56+00:00,2026-01-06 11:27:58.019711+00:00,236.0,3234.501,3234.31,3234.74,ETH
2026-01-06 11:18:57+00:00,2026-01-06 11:27:59.012904+00:00,237.0,3234.481,3234.3,3234.74,ETH
2026-01-06 11:18:58+00:00,2026-01-06 11:28:00.037080+00:00,238.0,3234.531,3234.29,3234.74,ETH
2026-01-06 11:18:59+00:00,2026-01-06 11:28:01.025973+00:00,239.0,3234.561,3234.29,3234.74,ETH
2026-01-06 11:19:00+00:00,2026-01-06 11:28:02.033410+00:00,240.0,3234.601,3234.29,3234.74,ETH
2026-01-06 11:19:01+00:00,2026-01-06 11:28:03.034446+00:00,241.0,3234.601,3234.3,3234.74,ETH
2026-01-06 11:19:02+00:00,2026-01-06 11:28:04.032395+00:00,242.0,3235.131,3234.79,3235.26,ETH
2026-01-06 11:19:03+00:00,2026-01-06 11:28:05.031278+00:00,243.0,3235.131,3234.79,3235.42,ETH
2026-01-06 11:19:04+00:00,2026-01-06 11:28:06.033156+00:00,244.0,3235.121,3234.88,3235.29,ETH
2026-01-06 11:19:05+00:00,2026-01-06 11:28:07.051156+00:00,245.0,3235.131,3234.88,3235.29,ETH
2026-01-06 11:19:06+00:00,2026-01-06 11:28:08.049715+00:00,246.0,3235.111,3234.88,3235.29,ETH
2026-01-06 11:19:07+00:00,2026-01-06 11:28:09.063943+00:00,247.0,3235.141,3234.88,3235.29,ETH
2026-01-06 11:19:08+00:00,2026-01-06 11:28:10.066117+00:00,248.0,3235.041,3234.88,3235.29,ETH
2026-01-06 11:19:09+00:00,2026-01-06 11:28:12.082714+00:00,249.0,3235.121,3234.88,3235.3,ETH
2026-01-06 11:19:10+00:00,2026-01-06 11:28:13.068696+00:00,250.0,3235.121,3234.88,3235.3,ETH
2026-01-06 11:19:11+00:00,2026-01-06 11:28:14.061087+00:00,251.0,3235.111,3234.88,3235.25,ETH
2026-01-06 11:19:12+00:00,2026-01-06 11:28:15.077114+00:00,252.0,3235.061,3234.88,3235.2,ETH
2026-01-06 11:19:13+00:00,2026-01-06 11:28:16.091393+00:00,253.0,3235.021,3234.89,3235.2,ETH
2026-01-06 11:19:15+00:00,2026-01-06 11:28:17.193462+00:00,255.0,3235.031,3234.89,3235.2,ETH
2026-01-06 11:19:16+00:00,2026-01-06 11:28:18.216072+00:00,256.0,3235.001,3234.88,3235.2,ETH
2026-01-06 11:19:17+00:00,2026-01-06 11:28:19.192462+00:00,257.0,3235.131,3234.88,3235.21,ETH
2026-01-06 11:19:18+00:00,2026-01-06 11:28:20.209131+00:00,258.0,3235.131,3234.88,3235.2,ETH
2026-01-06 11:19:19+00:00,2026-01-06 11:28:21.199661+00:00,259.0,3235.131,3234.89,3235.19,ETH
2026-01-06 11:19:20+00:00,2026-01-06 11:28:22.208105+00:00,260.0,3235.131,3234.89,3235.21,ETH
2026-01-06 11:19:21+00:00,2026-01-06 11:28:23.257730+00:00,261.0,3235.131,3234.89,3235.2,ETH
2026-01-06 11:19:22+00:00,2026-01-06 11:28:24.266163+00:00,262.0,3235.121,3234.89,3235.19,ETH
2026-01-06 11:19:23+00:00,2026-01-06 11:28:25.265905+00:00,263.0,3235.121,3234.88,3235.19,ETH
2026-01-06 11:19:24+00:00,2026-01-06 11:28:26.258916+00:00,264.0,3235.121,3234.88,3235.2,ETH
2026-01-06 11:19:25+00:00,2026-01-06 11:28:27.281234+00:00,265.0,3235.121,3234.88,3235.2,ETH
2026-01-06 11:19:26+00:00,2026-01-06 11:28:28.281981+00:00,266.0,3235.031,3234.88,3235.19,ETH
2026-01-06 11:19:27+00:00,2026-01-06 11:28:29.280569+00:00,267.0,3235.031,3234.88,3235.2,ETH
2026-01-06 11:19:28+00:00,2026-01-06 11:28:30.276986+00:00,268.0,3235.121,3234.88,3235.22,ETH
2026-01-06 11:19:29+00:00,2026-01-06 11:28:31.289766+00:00,269.0,3235.011,3234.88,3235.2,ETH
2026-01-06 11:19:30+00:00,2026-01-06 11:28:32.323147+00:00,270.0,3235.101,3234.85,3235.2,ETH
2026-01-06 11:19:31+00:00,2026-01-06 11:28:33.298307+00:00,271.0,3235.101,3234.85,3235.2,ETH
2026-01-06 11:19:32+00:00,2026-01-06 11:28:34.310512+00:00,272.0,3235.101,3234.85,3235.23,ETH
2026-01-06 11:19:33+00:00,2026-01-06 11:28:35.316468+00:00,273.0,3235.101,3234.85,3235.23,ETH
2026-01-06 11:19:34+00:00,2026-01-06 11:28:37.311593+00:00,274.0,3234.971,3234.75,3235.11,ETH
2026-01-06 11:19:35+00:00,2026-01-06 11:28:38.331994+00:00,275.0,3234.941,3234.65,3235.07,ETH
2026-01-06 11:19:36+00:00,2026-01-06 11:28:39.332368+00:00,276.0,3234.941,3234.63,3235.1,ETH
2026-01-06 11:19:37+00:00,2026-01-06 11:28:40.328296+00:00,277.0,3234.941,3234.61,3235.09,ETH
2026-01-06 11:19:38+00:00,2026-01-06 11:28:41.330551+00:00,278.0,3234.941,3234.61,3235.08,ETH
2026-01-06 11:19:39+00:00,2026-01-06 11:28:42.396719+00:00,279.0,3234.941,3234.61,3235.07,ETH
2026-01-06 11:19:40+00:00,2026-01-06 11:28:43.393513+00:00,280.0,3234.921,3234.57,3235.08,ETH
2026-01-06 11:19:41+00:00,2026-01-06 11:28:44.396640+00:00,281.0,3234.901,3234.54,3235.09,ETH
2026-01-06 11:19:42+00:00,2026-01-06 11:28:45.398886+00:00,282.0,3234.901,3234.54,3235.06,ETH
2026-01-06 11:19:43+00:00,2026-01-06 11:28:46.411869+00:00,283.0,3234.901,3234.54,3235.04,ETH
2026-01-06 11:19:44+00:00,2026-01-06 11:28:47.412788+00:00,284.0,3234.921,3234.56,3235.04,ETH
2026-01-06 11:19:45+00:00,2026-01-06 11:28:48.407850+00:00,285.0,3234.931,3234.58,3235.05,ETH
2026-01-06 11:19:46+00:00,2026-01-06 11:28:49.413944+00:00,286.0,3234.991,3234.65,3235.17,ETH
2026-01-06 11:19:47+00:00,2026-01-06 11:28:50.413868+00:00,287.0,3235.061,3234.72,3235.35,ETH
2026-01-06 11:19:48+00:00,2026-01-06 11:28:51.425886+00:00,288.0,3235.061,3234.74,3235.38,ETH
2026-01-06 11:19:49+00:00,2026-01-06 11:28:52.432797+00:00,289.0,3235.051,3234.76,3235.35,ETH
2026-01-06 11:19:50+00:00,2026-01-06 11:28:53.446543+00:00,290.0,3235.031,3234.75,3235.31,ETH
2026-01-06 11:19:51+00:00,2026-01-06 11:28:54.443241+00:00,291.0,3235.031,3234.76,3235.28,ETH
2026-01-06 11:19:52+00:00,2026-01-06 11:28:55.446121+00:00,292.0,3235.021,3234.71,3235.28,ETH
2026-01-06 11:19:53+00:00,2026-01-06 11:28:56.448996+00:00,293.0,3235.021,3234.66,3235.29,ETH
2026-01-06 11:19:54+00:00,2026-01-06 11:28:57.460715+00:00,294.0,3235.021,3234.66,3235.28,ETH
2026-01-06 11:19:55+00:00,2026-01-06 11:28:58.462040+00:00,295.0,3235.011,3234.66,3235.19,ETH
2026-01-06 11:19:56+00:00,2026-01-06 11:28:59.462340+00:00,296.0,3235.011,3234.65,3235.13,ETH
2026-01-06 11:19:57+00:00,2026-01-06 11:29:00.652973+00:00,297.0,3235.011,3234.65,3235.13,ETH
2026-01-06 11:19:58+00:00,2026-01-06 11:29:01.695807+00:00,298.0,3234.981,3234.62,3235.04,ETH
2026-01-06 11:19:59+00:00,2026-01-06 11:29:02.717945+00:00,299.0,3234.951,3234.61,3235.02,ETH
2026-01-06 11:20:00+00:00,2026-01-06 11:29:03.707059+00:00,300.0,3234.931,3234.59,3234.98,ETH
2026-01-06 11:20:01+00:00,2026-01-06 11:29:04.722396+00:00,301.0,3234.791,3234.56,3234.92,ETH
2026-01-06 11:20:02+00:00,2026-01-06 11:29:05.704657+00:00,302.0,3234.611,3234.45,3234.83,ETH
2026-01-06 11:20:03+00:00,2026-01-06 11:29:06.713788+00:00,303.0,3234.511,3234.27,3234.76,ETH
2026-01-06 11:20:04+00:00,2026-01-06 11:29:07.714199+00:00,304.0,3234.431,3234.18,3234.69,ETH
2026-01-06 11:20:05+00:00,2026-01-06 11:29:08.730588+00:00,305.0,3234.441,3234.18,3234.63,ETH
2026-01-06 11:20:06+00:00,2026-01-06 11:29:09.716112+00:00,306.0,3234.451,3234.18,3234.64,ETH
2026-01-06 11:20:07+00:00,2026-01-06 11:29:10.722813+00:00,307.0,3234.441,3234.18,3234.67,ETH
2026-01-06 11:20:08+00:00,2026-01-06 11:29:11.740901+00:00,308.0,3234.441,3234.18,3234.67,ETH
2026-01-06 11:20:09+00:00,2026-01-06 11:29:12.760594+00:00,309.0,3234.341,3234.15,3234.55,ETH
2026-01-06 11:20:10+00:00,2026-01-06 11:29:13.773986+00:00,310.0,3234.181,3233.94,3234.32,ETH
2026-01-06 11:20:11+00:00,2026-01-06 11:29:14.776783+00:00,311.0,3234.071,3233.75,3234.2,ETH
2026-01-06 11:20:12+00:00,2026-01-06 11:29:15.813403+00:00,312.0,3234.001,3233.75,3234.16,ETH
2026-01-06 11:20:13+00:00,2026-01-06 11:29:16.796793+00:00,313.0,3233.971,3233.67,3234.13,ETH
2026-01-06 11:20:14+00:00,2026-01-06 11:29:17.813497+00:00,314.0,3233.861,3233.59,3234.06,ETH
2026-01-06 11:20:15+00:00,2026-01-06 11:29:18.817200+00:00,315.0,3233.791,3233.6,3233.99,ETH
2026-01-06 11:20:16+00:00,2026-01-06 11:29:19.827821+00:00,316.0,3233.821,3233.61,3233.95,ETH
2026-01-06 11:20:17+00:00,2026-01-06 11:29:20.826327+00:00,317.0,3233.751,3233.57,3233.87,ETH
2026-01-06 11:20:18+00:00,2026-01-06 11:29:21.837140+00:00,318.0,3233.511,3233.38,3233.68,ETH
2026-01-06 11:20:19+00:00,2026-01-06 11:29:22.846429+00:00,319.0,3233.291,3233.22,3233.54,ETH
2026-01-06 11:20:20+00:00,2026-01-06 11:29:23.860388+00:00,320.0,3233.301,3233.22,3233.54,ETH
2026-01-06 11:20:21+00:00,2026-01-06 11:29:24.862844+00:00,321.0,3233.351,3233.22,3233.53,ETH
2026-01-06 11:20:22+00:00,2026-01-06 11:29:25.859930+00:00,322.0,3233.611,3233.29,3233.87,ETH
2026-01-06 11:20:23+00:00,2026-01-06 11:29:26.881323+00:00,323.0,3233.931,3233.58,3234.24,ETH
2026-01-06 11:20:24+00:00,2026-01-06 11:29:27.892377+00:00,324.0,3233.941,3233.59,3234.29,ETH
2026-01-06 11:20:25+00:00,2026-01-06 11:29:28.895289+00:00,325.0,3234.121,3233.82,3234.48,ETH
2026-01-06 11:20:26+00:00,2026-01-06 11:29:29.893294+00:00,326.0,3234.261,3233.9,3234.55,ETH
2026-01-06 11:20:27+00:00,2026-01-06 11:29:30.896921+00:00,327.0,3234.261,3233.9,3234.54,ETH
2026-01-06 11:20:28+00:00,2026-01-06 11:29:31.909247+00:00,328.0,3234.221,3233.86,3234.44,ETH
2026-01-06 11:20:29+00:00,2026-01-06 11:29:32.909300+00:00,329.0,3234.221,3233.87,3234.36,ETH
2026-01-06 11:20:30+00:00,2026-01-06 11:29:33.925320+00:00,330.0,3234.221,3233.88,3234.29,ETH
2026-01-06 11:20:31+00:00,2026-01-06 11:29:34.929852+00:00,331.0,3234.201,3233.84,3234.37,ETH
2026-01-06 11:20:32+00:00,2026-01-06 11:29:35.929325+00:00,332.0,3234.411,3234.05,3234.6,ETH
2026-01-06 11:20:33+00:00,2026-01-06 11:29:36.947741+00:00,333.0,3234.461,3234.11,3234.71,ETH
2026-01-06 11:20:34+00:00,2026-01-06 11:29:37.958599+00:00,334.0,3234.461,3234.16,3234.84,ETH
2026-01-06 11:20:35+00:00,2026-01-06 11:29:38.962701+00:00,335.0,3234.641,3234.29,3234.98,ETH
2026-01-06 11:20:36+00:00,2026-01-06 11:29:39.974775+00:00,336.0,3234.641,3234.31,3234.98,ETH
2026-01-06 11:20:37+00:00,2026-01-06 11:29:40.959923+00:00,337.0,3234.651,3234.31,3234.98,ETH
2026-01-06 11:20:38+00:00,2026-01-06 11:29:41.965702+00:00,338.0,3234.651,3234.31,3234.98,ETH
2026-01-06 11:20:39+00:00,2026-01-06 11:29:42.981654+00:00,339.0,3234.651,3234.31,3234.99,ETH
2026-01-06 11:20:40+00:00,2026-01-06 11:29:43.975291+00:00,340.0,3234.651,3234.31,3235.04,ETH
2026-01-06 11:20:41+00:00,2026-01-06 11:29:44.980618+00:00,341.0,3234.801,3234.44,3235.13,ETH
2026-01-06 11:20:42+00:00,2026-01-06 11:29:45.992368+00:00,342.0,3234.801,3234.44,3235.13,ETH
2026-01-06 11:20:43+00:00,2026-01-06 11:29:46.978614+00:00,343.0,3234.831,3234.48,3235.13,ETH
2026-01-06 11:20:44+00:00,2026-01-06 11:29:47.994991+00:00,344.0,3234.831,3234.48,3235.13,ETH
2026-01-06 11:20:45+00:00,2026-01-06 11:29:48.993688+00:00,345.0,3234.841,3234.49,3235.12,ETH
2026-01-06 11:20:46+00:00,2026-01-06 11:29:51.003414+00:00,346.0,3234.801,3234.54,3235.12,ETH
2026-01-06 11:20:47+00:00,2026-01-06 11:29:51.994688+00:00,347.0,3234.971,3234.66,3235.23,ETH
2026-01-06 11:20:48+00:00,2026-01-06 11:29:53.009218+00:00,348.0,3235.131,3234.78,3235.39,ETH
2026-01-06 11:20:49+00:00,2026-01-06 11:29:54.012922+00:00,349.0,3235.131,3234.78,3235.44,ETH
2026-01-06 11:20:50+00:00,2026-01-06 11:29:55.009183+00:00,350.0,3235.131,3234.77,3235.37,ETH
2026-01-06 11:20:51+00:00,2026-01-06 11:29:56.011515+00:00,351.0,3235.041,3234.77,3235.18,ETH
2026-01-06 11:20:52+00:00,2026-01-06 11:29:57.020938+00:00,352.0,3234.921,3234.76,3235.06,ETH
2026-01-06 11:20:53+00:00,2026-01-06 11:29:58.014006+00:00,353.0,3234.761,3234.6,3234.95,ETH
2026-01-06 11:20:54+00:00,2026-01-06 11:29:59.027847+00:00,354.0,3234.611,3234.33,3234.82,ETH
2026-01-06 11:20:55+00:00,2026-01-06 11:30:00.043379+00:00,355.0,3234.541,3234.2,3234.77,ETH
2026-01-06 11:20:56+00:00,2026-01-06 11:30:01.085731+00:00,356.0,3234.431,3234.16,3234.69,ETH
2026-01-06 11:20:57+00:00,2026-01-06 11:30:02.080421+00:00,357.0,3234.331,3234.16,3234.62,ETH
2026-01-06 11:20:58+00:00,2026-01-06 11:30:03.076113+00:00,358.0,3234.371,3234.14,3234.55,ETH
2026-01-06 11:20:59+00:00,2026-01-06 11:30:04.096485+00:00,359.0,3234.421,3234.12,3234.55,ETH
2026-01-06 11:21:00+00:00,2026-01-06 11:30:05.093692+00:00,360.0,3234.411,3234.1,3234.58,ETH
2026-01-06 11:21:01+00:00,2026-01-06 11:30:06.110742+00:00,361.0,3234.361,3234.1,3234.51,ETH
2026-01-06 11:21:02+00:00,2026-01-06 11:30:07.128502+00:00,362.0,3234.371,3234.1,3234.44,ETH
2026-01-06 11:21:03+00:00,2026-01-06 11:30:08.126538+00:00,363.0,3234.391,3234.1,3234.45,ETH
2026-01-06 11:21:04+00:00,2026-01-06 11:30:09.127186+00:00,364.0,3234.371,3234.1,3234.45,ETH
2026-01-06 11:21:05+00:00,2026-01-06 11:30:10.149178+00:00,365.0,3234.351,3234.11,3234.44,ETH
2026-01-06 11:21:07+00:00,2026-01-06 11:30:11.200931+00:00,367.0,3234.351,3234.12,3234.44,ETH
2026-01-06 11:21:08+00:00,2026-01-06 11:30:12.202481+00:00,368.0,3234.341,3234.08,3234.44,ETH
2026-01-06 11:21:09+00:00,2026-01-06 11:30:13.212326+00:00,369.0,3234.381,3234.09,3234.44,ETH
2026-01-06 11:21:10+00:00,2026-01-06 11:30:15.191497+00:00,370.0,3234.371,3234.09,3234.44,ETH
2026-01-06 11:21:11+00:00,2026-01-06 11:30:16.204526+00:00,371.0,3234.351,3234.09,3234.44,ETH
2026-01-06 11:21:12+00:00,2026-01-06 11:30:17.217886+00:00,372.0,3234.351,3234.09,3234.44,ETH
2026-01-06 11:21:13+00:00,2026-01-06 11:30:18.221704+00:00,373.0,3234.341,3234.1,3234.43,ETH
2026-01-06 11:21:14+00:00,2026-01-06 11:30:19.235361+00:00,374.0,3234.181,3234.01,3234.36,ETH
2026-01-06 11:21:15+00:00,2026-01-06 11:30:20.238332+00:00,375.0,3233.941,3233.79,3234.2,ETH
2026-01-06 11:21:16+00:00,2026-01-06 11:30:21.239941+00:00,376.0,3233.771,3233.64,3234.05,ETH
2026-01-06 11:21:17+00:00,2026-01-06 11:30:22.255943+00:00,377.0,3233.691,3233.59,3233.95,ETH
2026-01-06 11:21:18+00:00,2026-01-06 11:30:23.245831+00:00,378.0,3233.711,3233.59,3233.92,ETH
2026-01-06 11:21:19+00:00,2026-01-06 11:30:24.256903+00:00,379.0,3233.691,3233.55,3233.9,ETH
2026-01-06 11:21:20+00:00,2026-01-06 11:30:25.258181+00:00,380.0,3233.611,3233.51,3233.79,ETH
2026-01-06 11:21:21+00:00,2026-01-06 11:30:26.259734+00:00,381.0,3233.591,3233.51,3233.73,ETH
2026-01-06 11:21:22+00:00,2026-01-06 11:30:27.273263+00:00,382.0,3233.511,3233.45,3233.69,ETH
2026-01-06 11:21:23+00:00,2026-01-06 11:30:28.276692+00:00,383.0,3233.421,3233.27,3233.54,ETH
2026-01-06 11:21:24+00:00,2026-01-06 11:30:29.294710+00:00,384.0,3233.541,3233.29,3233.6,ETH
2026-01-06 11:21:25+00:00,2026-01-06 11:30:30.289182+00:00,385.0,3233.711,3233.42,3233.95,ETH
2026-01-06 11:21:26+00:00,2026-01-06 11:30:31.293774+00:00,386.0,3233.771,3233.45,3234.11,ETH
2026-01-06 11:21:27+00:00,2026-01-06 11:30:32.324009+00:00,387.0,3233.801,3233.47,3234.1,ETH
2026-01-06 11:21:28+00:00,2026-01-06 11:30:33.327267+00:00,388.0,3233.781,3233.47,3234.08,ETH
2026-01-06 11:21:29+00:00,2026-01-06 11:30:34.353877+00:00,389.0,3233.781,3233.47,3234.1,ETH
2026-01-06 11:21:30+00:00,2026-01-06 11:30:35.342368+00:00,390.0,3233.791,3233.47,3234.1,ETH
2026-01-06 11:21:31+00:00,2026-01-06 11:30:36.323272+00:00,391.0,3233.791,3233.47,3234.1,ETH
2026-01-06 11:21:32+00:00,2026-01-06 11:30:37.347121+00:00,392.0,3233.791,3233.47,3234.05,ETH
2026-01-06 11:21:33+00:00,2026-01-06 11:30:38.358984+00:00,393.0,3233.781,3233.47,3234.0,ETH
2026-01-06 11:21:34+00:00,2026-01-06 11:30:39.376658+00:00,394.0,3233.801,3233.47,3234.0,ETH
2026-01-06 11:21:35+00:00,2026-01-06 11:30:40.394446+00:00,395.0,3233.801,3233.48,3234.0,ETH
2026-01-06 11:21:36+00:00,2026-01-06 11:30:41.396279+00:00,396.0,3233.821,3233.49,3234.0,ETH
2026-01-06 11:21:37+00:00,2026-01-06 11:30:42.401411+00:00,397.0,3233.851,3233.51,3234.0,ETH
2026-01-06 11:21:38+00:00,2026-01-06 11:30:43.402684+00:00,398.0,3233.851,3233.51,3234.01,ETH
2026-01-06 11:21:39+00:00,2026-01-06 11:30:44.406962+00:00,399.0,3233.831,3233.51,3234.05,ETH
2026-01-06 11:21:40+00:00,2026-01-06 11:30:45.422735+00:00,400.0,3233.831,3233.51,3234.04,ETH
2026-01-06 11:21:41+00:00,2026-01-06 11:30:46.422817+00:00,401.0,3233.841,3233.51,3234.0,ETH
2026-01-06 11:21:42+00:00,2026-01-06 11:30:47.424445+00:00,402.0,3233.841,3233.51,3234.0,ETH
2026-01-06 11:21:43+00:00,2026-01-06 11:30:48.422212+00:00,403.0,3233.951,3233.61,3234.26,ETH
2026-01-06 11:21:44+00:00,2026-01-06 11:30:49.443391+00:00,404.0,3233.941,3233.61,3234.26,ETH
2026-01-06 11:21:45+00:00,2026-01-06 11:30:50.462338+00:00,405.0,3233.951,3233.6,3234.26,ETH
2026-01-06 11:21:46+00:00,2026-01-06 11:30:51.443168+00:00,406.0,3233.941,3233.6,3234.26,ETH
2026-01-06 11:21:47+00:00,2026-01-06 11:30:52.446335+00:00,407.0,3233.941,3233.6,3234.26,ETH
2026-01-06 11:21:48+00:00,2026-01-06 11:30:53.444647+00:00,408.0,3233.951,3233.6,3234.26,ETH
2026-01-06 11:21:49+00:00,2026-01-06 11:30:54.426163+00:00,409.0,3234.411,3234.09,3234.71,ETH
2026-01-06 11:21:50+00:00,2026-01-06 11:30:55.601538+00:00,410.0,3234.521,3234.19,3234.72,ETH
2026-01-06 11:21:51+00:00,2026-01-06 11:30:56.634403+00:00,411.0,3234.521,3234.19,3234.71,ETH
2026-01-06 11:21:52+00:00,2026-01-06 11:30:57.706865+00:00,412.0,3234.521,3234.19,3234.73,ETH
2026-01-06 11:21:53+00:00,2026-01-06 11:30:58.693380+00:00,413.0,3234.521,3234.19,3234.78,ETH
2026-01-06 11:21:54+00:00,2026-01-06 11:30:59.678714+00:00,414.0,3234.561,3234.24,3234.84,ETH
2026-01-06 11:21:55+00:00,2026-01-06 11:31:00.722298+00:00,415.0,3234.601,3234.34,3234.92,ETH
2026-01-06 11:21:56+00:00,2026-01-06 11:31:01.741085+00:00,416.0,3234.721,3234.49,3235.07,ETH
2026-01-06 11:21:57+00:00,2026-01-06 11:31:02.695192+00:00,417.0,3234.841,3234.62,3235.16,ETH
2026-01-06 11:21:58+00:00,2026-01-06 11:31:03.692661+00:00,418.0,3234.851,3234.62,3235.16,ETH
2026-01-06 11:21:59+00:00,2026-01-06 11:31:04.691745+00:00,419.0,3234.851,3234.62,3235.17,ETH
2026-01-06 11:22:00+00:00,2026-01-06 11:31:05.694352+00:00,420.0,3235.201,3234.84,3235.49,ETH
2026-01-06 11:22:01+00:00,2026-01-06 11:31:06.708929+00:00,421.0,3235.181,3234.95,3235.55,ETH
2026-01-06 11:22:02+00:00,2026-01-06 11:31:07.702750+00:00,422.0,3235.241,3234.96,3235.59,ETH
2026-01-06 11:22:03+00:00,2026-01-06 11:31:08.711465+00:00,423.0,3235.251,3234.96,3235.59,ETH
2026-01-06 11:22:04+00:00,2026-01-06 11:31:09.691264+00:00,424.0,3235.251,3234.97,3235.59,ETH
2026-01-06 11:22:05+00:00,2026-01-06 11:31:10.689917+00:00,425.0,3235.251,3234.97,3235.59,ETH
2026-01-06 11:22:06+00:00,2026-01-06 11:31:11.689761+00:00,426.0,3235.261,3234.98,3235.6,ETH
2026-01-06 11:22:07+00:00,2026-01-06 11:31:12.694355+00:00,427.0,3235.332,3235.01,3235.65,ETH
2026-01-06 11:22:08+00:00,2026-01-06 11:31:13.708855+00:00,428.0,3235.372,3235.03,3235.71,ETH
2026-01-06 11:22:09+00:00,2026-01-06 11:31:14.719917+00:00,429.0,3235.392,3235.02,3235.71,ETH
2026-01-06 11:22:10+00:00,2026-01-06 11:31:15.732957+00:00,430.0,3235.392,3235.23,3235.76,ETH
2026-01-06 11:22:11+00:00,2026-01-06 11:31:16.743882+00:00,431.0,3235.752,3235.46,3235.96,ETH
2026-01-06 11:22:12+00:00,2026-01-06 11:31:17.740108+00:00,432.0,3235.772,3235.46,3235.96,ETH
2026-01-06 11:22:13+00:00,2026-01-06 11:31:18.739056+00:00,433.0,3235.772,3235.46,3235.96,ETH
2026-01-06 11:22:14+00:00,2026-01-06 11:31:19.753911+00:00,434.0,3235.762,3235.45,3235.96,ETH
2026-01-06 11:22:15+00:00,2026-01-06 11:31:20.756777+00:00,435.0,3235.782,3235.46,3236.01,ETH
2026-01-06 11:22:16+00:00,2026-01-06 11:31:21.741415+00:00,436.0,3235.882,3235.53,3236.14,ETH
2026-01-06 11:22:17+00:00,2026-01-06 11:31:22.745436+00:00,437.0,3235.882,3235.54,3236.13,ETH
2026-01-06 11:22:18+00:00,2026-01-06 11:31:23.754430+00:00,438.0,3235.882,3235.53,3236.13,ETH
2026-01-06 11:22:19+00:00,2026-01-06 11:31:24.758921+00:00,439.0,3236.102,3235.78,3236.3,ETH
2026-01-06 11:22:20+00:00,2026-01-06 11:31:25.760544+00:00,440.0,3236.232,3235.87,3236.48,ETH
2026-01-06 11:22:21+00:00,2026-01-06 11:31:26.773328+00:00,441.0,3236.212,3235.93,3236.51,ETH
2026-01-06 11:22:22+00:00,2026-01-06 11:31:27.896869+00:00,442.0,3236.242,3235.98,3236.54,ETH
2026-01-06 11:22:23+00:00,2026-01-06 11:31:28.890272+00:00,443.0,3236.252,3236.02,3236.57,ETH
2026-01-06 11:22:24+00:00,2026-01-06 11:31:29.918978+00:00,444.0,3236.262,3236.02,3236.64,ETH
2026-01-06 11:22:25+00:00,2026-01-06 11:31:30.926412+00:00,445.0,3236.322,3236.16,3236.8,ETH
2026-01-06 11:22:26+00:00,2026-01-06 11:31:31.953542+00:00,446.0,3236.552,3236.24,3236.87,ETH
2026-01-06 11:22:27+00:00,2026-01-06 11:31:32.951783+00:00,447.0,3236.592,3236.28,3236.88,ETH
2026-01-06 11:22:28+00:00,2026-01-06 11:31:33.952586+00:00,448.0,3236.582,3236.27,3236.84,ETH
2026-01-06 11:22:29+00:00,2026-01-06 11:31:34.957793+00:00,449.0,3236.592,3236.28,3236.82,ETH
2026-01-06 11:22:30+00:00,2026-01-06 11:31:35.972098+00:00,450.0,3236.592,3236.28,3236.82,ETH
2026-01-06 11:22:31+00:00,2026-01-06 11:31:36.974959+00:00,451.0,3236.602,3236.35,3236.82,ETH
2026-01-06 11:22:32+00:00,2026-01-06 11:31:37.984713+00:00,452.0,3236.572,3236.35,3236.82,ETH
2026-01-06 11:22:33+00:00,2026-01-06 11:31:39.010370+00:00,453.0,3236.582,3236.35,3236.8,ETH
2026-01-06 11:22:34+00:00,2026-01-06 11:31:39.990659+00:00,454.0,3236.592,3236.34,3236.8,ETH
2026-01-06 11:22:35+00:00,2026-01-06 11:31:40.992245+00:00,455.0,3236.592,3236.34,3236.8,ETH
2026-01-06 11:22:36+00:00,2026-01-06 11:31:42.004193+00:00,456.0,3236.592,3236.34,3236.8,ETH
2026-01-06 11:22:37+00:00,2026-01-06 11:31:43.008773+00:00,457.0,3236.592,3236.34,3236.8,ETH
2026-01-06 11:22:38+00:00,2026-01-06 11:31:44.009945+00:00,458.0,3236.592,3236.34,3236.81,ETH
2026-01-06 11:22:39+00:00,2026-01-06 11:31:45.030099+00:00,459.0,3236.592,3236.32,3236.93,ETH
2026-01-06 11:22:40+00:00,2026-01-06 11:31:46.044619+00:00,460.0,3236.612,3236.33,3236.93,ETH
2026-01-06 11:22:41+00:00,2026-01-06 11:31:47.055567+00:00,461.0,3236.622,3236.35,3236.96,ETH
2026-01-06 11:22:42+00:00,2026-01-06 11:31:48.053910+00:00,462.0,3236.782,3236.46,3237.12,ETH
2026-01-06 11:22:43+00:00,2026-01-06 11:31:49.073158+00:00,463.0,3236.822,3236.5,3237.12,ETH
2026-01-06 11:22:44+00:00,2026-01-06 11:31:50.083061+00:00,464.0,3236.882,3236.56,3237.21,ETH
2026-01-06 11:22:45+00:00,2026-01-06 11:31:51.071489+00:00,465.0,3236.902,3236.61,3237.22,ETH
2026-01-06 11:22:46+00:00,2026-01-06 11:31:52.072502+00:00,466.0,3236.952,3236.63,3237.27,ETH
2026-01-06 11:22:47+00:00,2026-01-06 11:31:53.090829+00:00,467.0,3236.972,3236.68,3237.29,ETH
2026-01-06 11:22:48+00:00,2026-01-06 11:31:54.104584+00:00,468.0,3236.992,3236.74,3237.31,ETH
2026-01-06 11:22:49+00:00,2026-01-06 11:31:55.121690+00:00,469.0,3236.992,3236.75,3237.32,ETH
2026-01-06 11:22:50+00:00,2026-01-06 11:31:56.103749+00:00,470.0,3236.982,3236.75,3237.32,ETH
2026-01-06 11:22:51+00:00,2026-01-06 11:31:57.126032+00:00,471.0,3236.992,3236.75,3237.34,ETH
2026-01-06 11:22:52+00:00,2026-01-06 11:31:58.140188+00:00,472.0,3237.012,3236.75,3237.35,ETH
2026-01-06 11:22:53+00:00,2026-01-06 11:31:59.142098+00:00,473.0,3237.022,3236.75,3237.37,ETH
2026-01-06 11:22:54+00:00,2026-01-06 11:32:00.147479+00:00,474.0,3237.022,3236.75,3237.36,ETH
2026-01-06 11:22:55+00:00,2026-01-06 11:32:01.150275+00:00,475.0,3237.012,3236.76,3237.35,ETH
2026-01-06 11:22:56+00:00,2026-01-06 11:32:02.140801+00:00,476.0,3237.012,3236.76,3237.35,ETH
2026-01-06 11:22:57+00:00,2026-01-06 11:32:03.152469+00:00,477.0,3237.012,3236.76,3237.35,ETH
2026-01-06 11:22:58+00:00,2026-01-06 11:32:04.142170+00:00,478.0,3237.012,3236.75,3237.35,ETH
2026-01-06 11:22:59+00:00,2026-01-06 11:32:05.153563+00:00,479.0,3237.022,3236.76,3237.35,ETH
2026-01-06 11:23:00+00:00,2026-01-06 11:32:06.168890+00:00,480.0,3237.022,3236.76,3237.35,ETH
2026-01-06 11:23:01+00:00,2026-01-06 11:32:07.172881+00:00,481.0,3237.072,3236.76,3237.4,ETH
2026-01-06 11:23:02+00:00,2026-01-06 11:32:08.186167+00:00,482.0,3237.072,3236.76,3237.22,ETH
2026-01-06 11:23:03+00:00,2026-01-06 11:32:09.187145+00:00,483.0,3236.692,3236.66,3236.85,ETH
2026-01-06 11:23:04+00:00,2026-01-06 11:32:10.197950+00:00,484.0,3236.642,3236.3,3236.85,ETH
2026-01-06 11:23:05+00:00,2026-01-06 11:32:11.214610+00:00,485.0,3236.722,3236.4,3236.99,ETH
2026-01-06 11:23:06+00:00,2026-01-06 11:32:12.333571+00:00,486.0,3237.032,3236.75,3237.23,ETH
2026-01-06 11:23:07+00:00,2026-01-06 11:32:13.338020+00:00,487.0,3237.022,3236.78,3237.26,ETH
2026-01-06 11:23:08+00:00,2026-01-06 11:32:14.347238+00:00,488.0,3237.022,3236.78,3237.26,ETH
2026-01-06 11:23:09+00:00,2026-01-06 11:32:15.358417+00:00,489.0,3237.032,3236.78,3237.26,ETH
2026-01-06 11:23:10+00:00,2026-01-06 11:32:16.372338+00:00,490.0,3237.042,3236.78,3237.26,ETH
2026-01-06 11:23:11+00:00,2026-01-06 11:32:17.367111+00:00,491.0,3237.042,3236.78,3237.26,ETH
2026-01-06 11:23:12+00:00,2026-01-06 11:32:18.371882+00:00,492.0,3237.312,3236.98,3237.57,ETH
2026-01-06 11:23:13+00:00,2026-01-06 11:32:19.383175+00:00,493.0,3237.962,3237.62,3238.25,ETH
2026-01-06 11:23:14+00:00,2026-01-06 11:32:20.387234+00:00,494.0,3237.952,3237.62,3238.2,ETH
2026-01-06 11:23:15+00:00,2026-01-06 11:32:21.407704+00:00,495.0,3237.932,3237.62,3238.15,ETH
2026-01-06 11:23:16+00:00,2026-01-06 11:32:22.406042+00:00,496.0,3237.922,3237.62,3238.1,ETH
2026-01-06 11:23:17+00:00,2026-01-06 11:32:23.405433+00:00,497.0,3237.892,3237.61,3238.1,ETH
2026-01-06 11:23:18+00:00,2026-01-06 11:32:24.419281+00:00,498.0,3237.892,3237.59,3238.04,ETH
2026-01-06 11:23:19+00:00,2026-01-06 11:32:25.417804+00:00,499.0,3237.852,3237.56,3238.09,ETH
2026-01-06 11:23:20+00:00,2026-01-06 11:32:26.439079+00:00,500.0,3237.862,3237.5,3238.08,ETH
2026-01-06 11:23:21+00:00,2026-01-06 11:32:27.438662+00:00,501.0,3237.862,3237.49,3238.08,ETH
2026-01-06 11:23:22+00:00,2026-01-06 11:32:28.450916+00:00,502.0,3237.832,3237.49,3238.07,ETH
2026-01-06 11:23:23+00:00,2026-01-06 11:32:29.469113+00:00,503.0,3237.782,3237.52,3238.07,ETH
2026-01-06 11:23:24+00:00,2026-01-06 11:32:30.474034+00:00,504.0,3237.792,3237.51,3238.04,ETH
2026-01-06 11:23:25+00:00,2026-01-06 11:32:31.470532+00:00,505.0,3237.832,3237.5,3238.03,ETH
2026-01-06 11:23:26+00:00,2026-01-06 11:32:32.470067+00:00,506.0,3237.822,3237.5,3238.03,ETH
2026-01-06 11:23:27+00:00,2026-01-06 11:32:33.488505+00:00,507.0,3237.812,3237.52,3238.05,ETH
2026-01-06 11:23:28+00:00,2026-01-06 11:32:34.483612+00:00,508.0,3237.812,3237.51,3238.04,ETH
2026-01-06 11:23:29+00:00,2026-01-06 11:32:35.489670+00:00,509.0,3237.812,3237.48,3238.05,ETH
2026-01-06 11:23:30+00:00,2026-01-06 11:32:36.503524+00:00,510.0,3237.792,3237.48,3238.0,ETH
2026-01-06 11:23:31+00:00,2026-01-06 11:32:37.522323+00:00,511.0,3237.852,3237.52,3238.1,ETH
2026-01-06 11:23:32+00:00,2026-01-06 11:32:38.516829+00:00,512.0,3237.842,3237.51,3238.1,ETH
2026-01-06 11:23:33+00:00,2026-01-06 11:32:39.519277+00:00,513.0,3237.822,3237.51,3238.0,ETH
2026-01-06 11:23:34+00:00,2026-01-06 11:32:40.506102+00:00,514.0,3237.822,3237.5,3237.99,ETH
2026-01-06 11:23:35+00:00,2026-01-06 11:32:41.521059+00:00,515.0,3237.822,3237.49,3237.91,ETH
2026-01-06 11:23:36+00:00,2026-01-06 11:32:43.551672+00:00,516.0,3237.822,3237.49,3237.97,ETH
2026-01-06 11:23:37+00:00,2026-01-06 11:32:44.555520+00:00,517.0,3237.812,3237.49,3237.97,ETH
2026-01-06 11:23:38+00:00,2026-01-06 11:32:45.551286+00:00,518.0,3237.802,3237.49,3237.93,ETH
2026-01-06 11:23:39+00:00,2026-01-06 11:32:46.554238+00:00,519.0,3237.802,3237.49,3237.87,ETH
2026-01-06 11:23:40+00:00,2026-01-06 11:32:47.551668+00:00,520.0,3237.802,3237.48,3237.86,ETH
2026-01-06 11:23:41+00:00,2026-01-06 11:32:48.547051+00:00,521.0,3237.802,3237.49,3237.89,ETH
2026-01-06 11:23:42+00:00,2026-01-06 11:32:49.551878+00:00,522.0,3237.772,3237.49,3237.89,ETH
2026-01-06 11:23:43+00:00,2026-01-06 11:32:50.562404+00:00,523.0,3237.662,3237.49,3237.88,ETH
2026-01-06 11:23:44+00:00,2026-01-06 11:32:51.571277+00:00,524.0,3237.602,3237.39,3237.84,ETH
2026-01-06 11:23:45+00:00,2026-01-06 11:32:52.570514+00:00,525.0,3237.632,3237.29,3237.79,ETH
2026-01-06 11:23:46+00:00,2026-01-06 11:32:53.576055+00:00,526.0,3237.612,3237.26,3237.78,ETH
2026-01-06 11:23:47+00:00,2026-01-06 11:32:54.583150+00:00,527.0,3237.592,3237.22,3237.76,ETH
2026-01-06 11:23:48+00:00,2026-01-06 11:32:55.598302+00:00,528.0,3237.622,3237.25,3237.81,ETH
2026-01-06 11:23:50+00:00,2026-01-06 11:32:56.703262+00:00,530.0,3237.662,3237.31,3237.88,ETH
2026-01-06 11:23:51+00:00,2026-01-06 11:32:57.699123+00:00,531.0,3237.662,3237.31,3238.01,ETH
2026-01-06 11:23:52+00:00,2026-01-06 11:32:58.733778+00:00,532.0,3237.662,3237.31,3238.01,ETH
2026-01-06 11:23:53+00:00,2026-01-06 11:32:59.713398+00:00,533.0,3237.702,3237.35,3238.01,ETH
2026-01-06 11:23:54+00:00,2026-01-06 11:33:00.710389+00:00,534.0,3237.702,3237.35,3238.05,ETH
2026-01-06 11:23:55+00:00,2026-01-06 11:33:01.722207+00:00,535.0,3237.682,3237.35,3237.96,ETH
2026-01-06 11:23:56+00:00,2026-01-06 11:33:02.703584+00:00,536.0,3237.672,3237.34,3237.93,ETH
2026-01-06 11:23:57+00:00,2026-01-06 11:33:03.722485+00:00,537.0,3237.632,3237.28,3237.9,ETH
2026-01-06 11:23:58+00:00,2026-01-06 11:33:04.725968+00:00,538.0,3237.622,3237.28,3237.81,ETH
2026-01-06 11:23:59+00:00,2026-01-06 11:33:05.733027+00:00,539.0,3237.622,3237.27,3237.81,ETH
2026-01-06 11:24:00+00:00,2026-01-06 11:33:07.734552+00:00,540.0,3237.602,3237.26,3237.8,ETH
2026-01-06 11:24:01+00:00,2026-01-06 11:33:08.732470+00:00,541.0,3237.592,3237.26,3237.8,ETH
2026-01-06 11:24:02+00:00,2026-01-06 11:33:09.741643+00:00,542.0,3237.592,3237.26,3237.86,ETH
2026-01-06 11:24:03+00:00,2026-01-06 11:33:10.754323+00:00,543.0,3237.622,3237.29,3237.96,ETH
2026-01-06 11:24:04+00:00,2026-01-06 11:33:11.758444+00:00,544.0,3237.662,3237.31,3237.94,ETH
2026-01-06 11:24:05+00:00,2026-01-06 11:33:12.750036+00:00,545.0,3237.662,3237.32,3237.89,ETH
2026-01-06 11:24:06+00:00,2026-01-06 11:33:13.753918+00:00,546.0,3237.652,3237.32,3237.89,ETH
2026-01-06 11:24:07+00:00,2026-01-06 11:33:14.770511+00:00,547.0,3237.652,3237.32,3237.88,ETH
2026-01-06 11:24:08+00:00,2026-01-06 11:33:15.837094+00:00,548.0,3237.652,3237.32,3237.88,ETH
2026-01-06 11:24:09+00:00,2026-01-06 11:33:16.834131+00:00,549.0,3237.652,3237.32,3237.89,ETH
2026-01-06 11:24:10+00:00,2026-01-06 11:33:17.814321+00:00,550.0,3237.652,3237.32,3237.89,ETH
2026-01-06 11:24:11+00:00,2026-01-06 11:33:18.832046+00:00,551.0,3237.652,3237.32,3237.89,ETH
2026-01-06 11:24:12+00:00,2026-01-06 11:33:19.838452+00:00,552.0,3237.652,3237.32,3237.92,ETH
2026-01-06 11:24:13+00:00,2026-01-06 11:33:20.834131+00:00,553.0,3237.662,3237.32,3237.94,ETH
2026-01-06 11:24:14+00:00,2026-01-06 11:33:21.839755+00:00,554.0,3237.662,3237.32,3237.94,ETH
2026-01-06 11:24:15+00:00,2026-01-06 11:33:22.835002+00:00,555.0,3237.672,3237.34,3237.94,ETH
2026-01-06 11:24:16+00:00,2026-01-06 11:33:23.836959+00:00,556.0,3237.682,3237.35,3237.92,ETH
2026-01-06 11:24:17+00:00,2026-01-06 11:33:24.856029+00:00,557.0,3237.682,3237.34,3237.91,ETH
2026-01-06 11:24:18+00:00,2026-01-06 11:33:25.856922+00:00,558.0,3237.682,3237.34,3237.9,ETH
2026-01-06 11:24:19+00:00,2026-01-06 11:33:26.855686+00:00,559.0,3237.712,3237.35,3237.95,ETH
2026-01-06 11:24:20+00:00,2026-01-06 11:33:27.853941+00:00,560.0,3237.732,3237.36,3238.0,ETH
2026-01-06 11:24:21+00:00,2026-01-06 11:33:28.841518+00:00,561.0,3237.732,3237.37,3237.99,ETH
2026-01-06 11:24:22+00:00,2026-01-06 11:33:29.852531+00:00,562.0,3237.742,3237.37,3237.99,ETH
2026-01-06 11:24:23+00:00,2026-01-06 11:33:30.856900+00:00,563.0,3237.742,3237.37,3237.99,ETH
2026-01-06 11:24:24+00:00,2026-01-06 11:33:31.852409+00:00,564.0,3237.742,3237.37,3238.04,ETH
2026-01-06 11:24:25+00:00,2026-01-06 11:33:32.850150+00:00,565.0,3237.742,3237.37,3238.04,ETH
2026-01-06 11:24:26+00:00,2026-01-06 11:33:33.848888+00:00,566.0,3237.742,3237.37,3237.99,ETH
2026-01-06 11:24:27+00:00,2026-01-06 11:33:34.838880+00:00,567.0,3237.792,3237.47,3238.25,ETH
2026-01-06 11:24:28+00:00,2026-01-06 11:33:35.850713+00:00,568.0,3238.222,3237.85,3238.53,ETH
2026-01-06 11:24:29+00:00,2026-01-06 11:33:36.833372+00:00,569.0,3238.302,3238.05,3238.66,ETH
2026-01-06 11:24:30+00:00,2026-01-06 11:33:37.858345+00:00,570.0,3240.102,3239.93,3240.23,ETH
2026-01-06 11:24:31+00:00,2026-01-06 11:33:38.869217+00:00,571.0,3240.392,3240.17,3240.77,ETH
2026-01-06 11:24:32+00:00,2026-01-06 11:33:39.885423+00:00,572.0,3241.042,3240.89,3241.05,ETH
2026-01-06 11:24:33+00:00,2026-01-06 11:33:40.899012+00:00,573.0,3240.092,3239.79,3240.19,ETH
2026-01-06 11:24:34+00:00,2026-01-06 11:33:41.921638+00:00,574.0,3240.052,3239.97,3240.22,ETH
2026-01-06 11:24:35+00:00,2026-01-06 11:33:42.930772+00:00,575.0,3240.572,3240.22,3240.86,ETH
2026-01-06 11:24:36+00:00,2026-01-06 11:33:43.957144+00:00,576.0,3240.932,3240.58,3241.27,ETH
2026-01-06 11:24:37+00:00,2026-01-06 11:33:44.954673+00:00,577.0,3240.882,3240.58,3241.22,ETH
2026-01-06 11:24:38+00:00,2026-01-06 11:33:45.952094+00:00,578.0,3240.862,3240.52,3241.07,ETH
2026-01-06 11:24:39+00:00,2026-01-06 11:33:46.966533+00:00,579.0,3240.702,3240.35,3241.02,ETH
2026-01-06 11:24:40+00:00,2026-01-06 11:33:47.979863+00:00,580.0,3240.692,3240.35,3240.97,ETH
2026-01-06 11:24:41+00:00,2026-01-06 11:33:48.987692+00:00,581.0,3240.612,3240.29,3240.74,ETH
2026-01-06 11:24:42+00:00,2026-01-06 11:33:49.985352+00:00,582.0,3240.302,3240.25,3240.58,ETH
2026-01-06 11:24:43+00:00,2026-01-06 11:33:51.018929+00:00,583.0,3240.282,3239.97,3240.36,ETH
2026-01-06 11:24:44+00:00,2026-01-06 11:33:52.013783+00:00,584.0,3240.282,3239.94,3240.37,ETH
2026-01-06 11:24:45+00:00,2026-01-06 11:33:53.036318+00:00,585.0,3240.272,3239.93,3240.32,ETH
2026-01-06 11:24:46+00:00,2026-01-06 11:33:54.049495+00:00,586.0,3240.252,3239.93,3240.31,ETH
2026-01-06 11:24:47+00:00,2026-01-06 11:33:55.067170+00:00,587.0,3240.232,3239.93,3240.31,ETH
2026-01-06 11:24:48+00:00,2026-01-06 11:33:57.095752+00:00,588.0,3240.252,3239.93,3240.3,ETH
2026-01-06 11:24:49+00:00,2026-01-06 11:33:58.099422+00:00,589.0,3240.012,3239.85,3240.16,ETH
2026-01-06 11:24:50+00:00,2026-01-06 11:33:59.118577+00:00,590.0,3239.962,3239.78,3240.22,ETH
2026-01-06 11:24:51+00:00,2026-01-06 11:34:00.129488+00:00,591.0,3240.152,3239.8,3240.42,ETH
2026-01-06 11:24:52+00:00,2026-01-06 11:34:01.123909+00:00,592.0,3240.242,3239.89,3240.45,ETH
2026-01-06 11:24:53+00:00,2026-01-06 11:34:02.137261+00:00,593.0,3240.322,3239.98,3240.53,ETH
2026-01-06 11:24:54+00:00,2026-01-06 11:34:03.149370+00:00,594.0,3240.332,3240.0,3240.58,ETH
2026-01-06 11:24:55+00:00,2026-01-06 11:34:04.132133+00:00,595.0,3240.362,3240.03,3240.59,ETH
2026-01-06 11:24:56+00:00,2026-01-06 11:34:05.127710+00:00,596.0,3240.362,3240.03,3240.59,ETH
2026-01-06 11:24:57+00:00,2026-01-06 11:34:06.144648+00:00,597.0,3240.362,3240.02,3240.59,ETH
2026-01-06 11:24:58+00:00,2026-01-06 11:34:07.143267+00:00,598.0,3240.362,3240.02,3240.59,ETH
2026-01-06 11:24:59+00:00,2026-01-06 11:34:08.147186+00:00,599.0,3240.232,3240.02,3240.57,ETH
2026-01-06 11:25:01+00:00,2026-01-06 11:34:09.219085+00:00,601.0,3239.692,3239.63,3239.86,ETH
2026-01-06 11:25:02+00:00,2026-01-06 11:34:10.228130+00:00,602.0,3239.552,3239.37,3239.6,ETH
2026-01-06 11:25:03+00:00,2026-01-06 11:34:11.233438+00:00,603.0,3239.252,3239.15,3239.49,ETH
2026-01-06 11:25:04+00:00,2026-01-06 11:34:12.247512+00:00,604.0,3239.202,3238.99,3239.26,ETH
2026-01-06 11:25:05+00:00,2026-01-06 11:34:13.263248+00:00,605.0,3239.282,3238.99,3239.4,ETH
2026-01-06 11:25:06+00:00,2026-01-06 11:34:14.266236+00:00,606.0,3239.242,3239.02,3239.27,ETH
2026-01-06 11:25:07+00:00,2026-01-06 11:34:15.279313+00:00,607.0,3239.192,3238.98,3239.25,ETH
2026-01-06 11:25:08+00:00,2026-01-06 11:34:16.299026+00:00,608.0,3239.162,3238.98,3239.25,ETH
2026-01-06 11:25:09+00:00,2026-01-06 11:34:17.315606+00:00,609.0,3238.952,3238.81,3238.98,ETH
2026-01-06 11:25:10+00:00,2026-01-06 11:34:18.334819+00:00,610.0,3238.932,3238.7,3238.98,ETH
2026-01-06 11:25:11+00:00,2026-01-06 11:34:19.333582+00:00,611.0,3238.952,3238.7,3239.01,ETH
2026-01-06 11:25:12+00:00,2026-01-06 11:34:20.336817+00:00,612.0,3238.942,3238.69,3238.99,ETH
2026-01-06 11:25:13+00:00,2026-01-06 11:34:21.332053+00:00,613.0,3238.932,3238.69,3238.97,ETH
2026-01-06 11:25:14+00:00,2026-01-06 11:34:22.352076+00:00,614.0,3238.922,3238.69,3239.02,ETH
2026-01-06 11:25:15+00:00,2026-01-06 11:34:23.336967+00:00,615.0,3238.922,3238.69,3239.09,ETH
2026-01-06 11:25:16+00:00,2026-01-06 11:34:24.350500+00:00,616.0,3238.812,3238.67,3238.97,ETH
2026-01-06 11:25:17+00:00,2026-01-06 11:34:25.334442+00:00,617.0,3238.722,3238.59,3238.85,ETH
2026-01-06 11:25:18+00:00,2026-01-06 11:34:26.332323+00:00,618.0,3238.752,3238.52,3238.84,ETH
2026-01-06 11:25:19+00:00,2026-01-06 11:34:27.348689+00:00,619.0,3238.722,3238.47,3238.8,ETH
2026-01-06 11:25:20+00:00,2026-01-06 11:34:28.349389+00:00,620.0,3238.682,3238.41,3238.73,ETH
2026-01-06 11:25:21+00:00,2026-01-06 11:34:29.356858+00:00,621.0,3238.682,3238.41,3238.73,ETH
2026-01-06 11:25:22+00:00,2026-01-06 11:34:30.353621+00:00,622.0,3238.682,3238.41,3238.76,ETH
2026-01-06 11:25:23+00:00,2026-01-06 11:34:31.363585+00:00,623.0,3238.682,3238.41,3238.77,ETH
2026-01-06 11:25:24+00:00,2026-01-06 11:34:32.371968+00:00,624.0,3238.682,3238.41,3238.76,ETH
2026-01-06 11:25:25+00:00,2026-01-06 11:34:33.365853+00:00,625.0,3238.602,3238.39,3238.68,ETH
2026-01-06 11:25:26+00:00,2026-01-06 11:34:34.372912+00:00,626.0,3238.512,3238.37,3238.57,ETH
2026-01-06 11:25:27+00:00,2026-01-06 11:34:35.412796+00:00,627.0,3238.502,3238.35,3238.54,ETH
2026-01-06 11:25:28+00:00,2026-01-06 11:34:36.413780+00:00,628.0,3238.462,3238.29,3238.54,ETH
2026-01-06 11:25:29+00:00,2026-01-06 11:34:37.416737+00:00,629.0,3238.462,3238.25,3238.54,ETH
2026-01-06 11:25:30+00:00,2026-01-06 11:34:38.419230+00:00,630.0,3239.462,3239.22,3239.52,ETH
2026-01-06 11:25:31+00:00,2026-01-06 11:34:39.436187+00:00,631.0,3240.422,3240.24,3240.49,ETH
2026-01-06 11:25:32+00:00,2026-01-06 11:34:40.429903+00:00,632.0,3240.402,3240.21,3240.51,ETH
2026-01-06 11:25:33+00:00,2026-01-06 11:34:41.433133+00:00,633.0,3240.182,3239.9,3240.33,ETH
2026-01-06 11:25:34+00:00,2026-01-06 11:34:42.433682+00:00,634.0,3239.862,3239.66,3240.01,ETH
2026-01-06 11:25:35+00:00,2026-01-06 11:34:43.449882+00:00,635.0,3239.632,3239.41,3239.82,ETH
2026-01-06 11:25:36+00:00,2026-01-06 11:34:45.476986+00:00,636.0,3239.512,3239.15,3239.67,ETH
2026-01-06 11:25:37+00:00,2026-01-06 11:34:46.485012+00:00,637.0,3239.512,3239.15,3239.7,ETH
2026-01-06 11:25:38+00:00,2026-01-06 11:34:47.483404+00:00,638.0,3239.512,3239.16,3239.65,ETH
2026-01-06 11:25:39+00:00,2026-01-06 11:34:48.479529+00:00,639.0,3239.512,3239.16,3239.66,ETH
2026-01-06 11:25:40+00:00,2026-01-06 11:34:49.482178+00:00,640.0,3239.522,3239.17,3239.59,ETH
2026-01-06 11:25:41+00:00,2026-01-06 11:34:50.479705+00:00,641.0,3239.512,3239.17,3239.59,ETH
2026-01-06 11:25:42+00:00,2026-01-06 11:34:51.480803+00:00,642.0,3239.512,3239.17,3239.6,ETH
2026-01-06 11:25:43+00:00,2026-01-06 11:34:52.482861+00:00,643.0,3239.532,3239.2,3239.69,ETH
2026-01-06 11:25:44+00:00,2026-01-06 11:34:53.494324+00:00,644.0,3239.532,3239.21,3239.7,ETH
2026-01-06 11:25:45+00:00,2026-01-06 11:34:54.497256+00:00,645.0,3239.542,3239.23,3239.82,ETH
2026-01-06 11:25:46+00:00,2026-01-06 11:34:55.502284+00:00,646.0,3239.542,3239.23,3239.78,ETH
2026-01-06 11:25:47+00:00,2026-01-06 11:34:56.512746+00:00,647.0,3239.552,3239.23,3239.81,ETH
2026-01-06 11:25:48+00:00,2026-01-06 11:34:57.530160+00:00,648.0,3239.552,3239.23,3239.83,ETH
2026-01-06 11:25:49+00:00,2026-01-06 11:34:58.609378+00:00,649.0,3239.452,3239.26,3239.82,ETH
2026-01-06 11:25:50+00:00,2026-01-06 11:34:59.609971+00:00,650.0,3239.442,3239.23,3239.55,ETH
2026-01-06 11:25:51+00:00,2026-01-06 11:35:00.629228+00:00,651.0,3239.462,3239.19,3239.56,ETH
2026-01-06 11:25:52+00:00,2026-01-06 11:35:01.666587+00:00,652.0,3239.462,3239.21,3239.56,ETH
2026-01-06 11:25:53+00:00,2026-01-06 11:35:02.645202+00:00,653.0,3239.462,3239.23,3239.56,ETH
2026-01-06 11:25:54+00:00,2026-01-06 11:35:03.642559+00:00,654.0,3239.422,3239.23,3239.56,ETH
2026-01-06 11:25:55+00:00,2026-01-06 11:35:04.662989+00:00,655.0,3239.412,3239.23,3239.57,ETH
2026-01-06 11:25:56+00:00,2026-01-06 11:35:05.663765+00:00,656.0,3239.392,3239.22,3239.59,ETH
2026-01-06 11:25:57+00:00,2026-01-06 11:35:06.660169+00:00,657.0,3239.382,3239.25,3239.59,ETH
2026-01-06 11:25:58+00:00,2026-01-06 11:35:07.672584+00:00,658.0,3239.412,3239.24,3239.59,ETH
2026-01-06 11:25:59+00:00,2026-01-06 11:35:08.714050+00:00,659.0,3239.432,3239.24,3239.59,ETH
2026-01-06 11:26:00+00:00,2026-01-06 11:35:09.723694+00:00,660.0,3239.532,3239.25,3239.62,ETH
2026-01-06 11:26:01+00:00,2026-01-06 11:35:10.708116+00:00,661.0,3239.542,3239.25,3239.59,ETH
2026-01-06 11:26:02+00:00,2026-01-06 11:35:11.723123+00:00,662.0,3239.512,3239.2,3239.59,ETH
2026-01-06 11:26:03+00:00,2026-01-06 11:35:12.714719+00:00,663.0,3239.512,3239.19,3239.61,ETH
2026-01-06 11:26:04+00:00,2026-01-06 11:35:13.707552+00:00,664.0,3239.522,3239.21,3239.61,ETH
2026-01-06 11:26:05+00:00,2026-01-06 11:35:14.721259+00:00,665.0,3239.522,3239.21,3239.61,ETH
2026-01-06 11:26:06+00:00,2026-01-06 11:35:15.720734+00:00,666.0,3239.532,3239.22,3239.61,ETH
2026-01-06 11:26:07+00:00,2026-01-06 11:35:16.741928+00:00,667.0,3239.532,3239.22,3239.59,ETH
2026-01-06 11:26:08+00:00,2026-01-06 11:35:17.736839+00:00,668.0,3239.532,3239.2,3239.61,ETH
2026-01-06 11:26:09+00:00,2026-01-06 11:35:18.733166+00:00,669.0,3239.532,3239.21,3239.61,ETH
2026-01-06 11:26:10+00:00,2026-01-06 11:35:19.743236+00:00,670.0,3239.532,3239.21,3239.61,ETH
2026-01-06 11:26:11+00:00,2026-01-06 11:35:20.742799+00:00,671.0,3239.532,3239.21,3239.61,ETH
2026-01-06 11:26:12+00:00,2026-01-06 11:35:21.731898+00:00,672.0,3239.532,3239.21,3239.6,ETH
2026-01-06 11:26:13+00:00,2026-01-06 11:35:22.746216+00:00,673.0,3239.532,3239.21,3239.61,ETH
2026-01-06 11:26:14+00:00,2026-01-06 11:35:23.758071+00:00,674.0,3239.532,3239.21,3239.61,ETH
2026-01-06 11:26:15+00:00,2026-01-06 11:35:24.767980+00:00,675.0,3239.532,3239.2,3239.6,ETH
2026-01-06 11:26:16+00:00,2026-01-06 11:35:25.780580+00:00,676.0,3239.532,3239.2,3239.6,ETH
2026-01-06 11:26:17+00:00,2026-01-06 11:35:26.793791+00:00,677.0,3239.452,3239.12,3239.49,ETH
2026-01-06 11:26:18+00:00,2026-01-06 11:35:27.809222+00:00,678.0,3239.452,3239.13,3239.49,ETH
2026-01-06 11:26:19+00:00,2026-01-06 11:35:28.793037+00:00,679.0,3239.452,3239.13,3239.5,ETH
2026-01-06 11:26:20+00:00,2026-01-06 11:35:29.800153+00:00,680.0,3239.462,3239.14,3239.57,ETH
2026-01-06 11:26:21+00:00,2026-01-06 11:35:30.817417+00:00,681.0,3239.452,3239.14,3239.6,ETH
2026-01-06 11:26:22+00:00,2026-01-06 11:35:31.812404+00:00,682.0,3239.462,3239.15,3239.74,ETH
2026-01-06 11:26:23+00:00,2026-01-06 11:35:33.836075+00:00,683.0,3239.472,3239.17,3239.75,ETH
2026-01-06 11:26:24+00:00,2026-01-06 11:35:34.842516+00:00,684.0,3239.462,3239.16,3239.75,ETH
2026-01-06 11:26:25+00:00,2026-01-06 11:35:35.850731+00:00,685.0,3239.462,3239.14,3239.74,ETH
2026-01-06 11:26:26+00:00,2026-01-06 11:35:36.854807+00:00,686.0,3239.462,3239.14,3239.74,ETH
2026-01-06 11:26:27+00:00,2026-01-06 11:35:37.864802+00:00,687.0,3239.462,3239.14,3239.74,ETH
2026-01-06 11:26:28+00:00,2026-01-06 11:35:38.861144+00:00,688.0,3239.472,3239.15,3239.73,ETH
2026-01-06 11:26:29+00:00,2026-01-06 11:35:39.879966+00:00,689.0,3239.482,3239.17,3239.73,ETH
2026-01-06 11:26:30+00:00,2026-01-06 11:35:40.883305+00:00,690.0,3239.472,3239.16,3239.71,ETH
2026-01-06 11:26:31+00:00,2026-01-06 11:35:41.903245+00:00,691.0,3239.462,3239.14,3239.7,ETH
2026-01-06 11:26:32+00:00,2026-01-06 11:35:42.901013+00:00,692.0,3239.462,3239.14,3239.71,ETH
2026-01-06 11:26:33+00:00,2026-01-06 11:35:43.909676+00:00,693.0,3239.462,3239.14,3239.75,ETH
2026-01-06 11:26:34+00:00,2026-01-06 11:35:44.910230+00:00,694.0,3239.472,3239.15,3239.78,ETH
2026-01-06 11:26:35+00:00,2026-01-06 11:35:45.913621+00:00,695.0,3239.512,3239.28,3239.81,ETH
2026-01-06 11:26:36+00:00,2026-01-06 11:35:46.926772+00:00,696.0,3239.712,3239.47,3239.99,ETH
2026-01-06 11:26:37+00:00,2026-01-06 11:35:47.910393+00:00,697.0,3239.832,3239.56,3240.06,ETH
2026-01-06 11:26:38+00:00,2026-01-06 11:35:48.927641+00:00,698.0,3239.712,3239.44,3239.88,ETH
2026-01-06 11:26:39+00:00,2026-01-06 11:35:49.926691+00:00,699.0,3239.602,3239.27,3239.74,ETH
2026-01-06 11:26:40+00:00,2026-01-06 11:35:50.946820+00:00,700.0,3239.352,3239.05,3239.53,ETH
2026-01-06 11:26:41+00:00,2026-01-06 11:35:51.961789+00:00,701.0,3239.102,3238.84,3239.3,ETH
2026-01-06 11:26:42+00:00,2026-01-06 11:35:52.972861+00:00,702.0,3239.002,3238.74,3239.11,ETH
2026-01-06 11:26:43+00:00,2026-01-06 11:35:53.964119+00:00,703.0,3238.952,3238.68,3239.01,ETH
2026-01-06 11:26:44+00:00,2026-01-06 11:35:54.981901+00:00,704.0,3238.952,3238.68,3239.08,ETH
2026-01-06 11:26:45+00:00,2026-01-06 11:35:56.059784+00:00,705.0,3238.952,3238.68,3239.16,ETH
2026-01-06 11:26:46+00:00,2026-01-06 11:35:57.076325+00:00,706.0,3238.942,3238.69,3239.07,ETH
2026-01-06 11:26:47+00:00,2026-01-06 11:35:58.078772+00:00,707.0,3238.872,3238.59,3239.01,ETH
2026-01-06 11:26:48+00:00,2026-01-06 11:35:59.093991+00:00,708.0,3238.782,3238.48,3238.93,ETH
2026-01-06 11:26:49+00:00,2026-01-06 11:36:00.116112+00:00,709.0,3238.772,3238.47,3238.82,ETH
2026-01-06 11:26:50+00:00,2026-01-06 11:36:01.124624+00:00,710.0,3238.702,3238.46,3238.8,ETH
2026-01-06 11:26:51+00:00,2026-01-06 11:36:02.129850+00:00,711.0,3238.562,3238.32,3238.67,ETH
2026-01-06 11:26:52+00:00,2026-01-06 11:36:03.128076+00:00,712.0,3238.492,3238.18,3238.55,ETH
2026-01-06 11:26:53+00:00,2026-01-06 11:36:04.140121+00:00,713.0,3238.492,3238.18,3238.55,ETH
2026-01-06 11:26:54+00:00,2026-01-06 11:36:05.143208+00:00,714.0,3238.472,3238.16,3238.55,ETH
2026-01-06 11:26:55+00:00,2026-01-06 11:36:06.145786+00:00,715.0,3238.392,3238.13,3238.47,ETH
2026-01-06 11:26:56+00:00,2026-01-06 11:36:07.146456+00:00,716.0,3238.342,3238.06,3238.37,ETH
2026-01-06 11:26:57+00:00,2026-01-06 11:36:08.160622+00:00,717.0,3238.342,3238.0,3238.34,ETH
2026-01-06 11:26:58+00:00,2026-01-06 11:36:09.159477+00:00,718.0,3238.342,3237.99,3238.34,ETH
2026-01-06 11:26:59+00:00,2026-01-06 11:36:10.175940+00:00,719.0,3238.342,3237.99,3238.34,ETH
2026-01-06 11:27:00+00:00,2026-01-06 11:36:11.178970+00:00,720.0,3238.382,3238.06,3238.44,ETH
2026-01-06 11:27:01+00:00,2026-01-06 11:36:12.177934+00:00,721.0,3238.432,3238.12,3238.59,ETH
2026-01-06 11:27:02+00:00,2026-01-06 11:36:13.195692+00:00,722.0,3238.452,3238.14,3238.68,ETH
2026-01-06 11:27:03+00:00,2026-01-06 11:36:14.192725+00:00,723.0,3238.472,3238.15,3238.67,ETH
2026-01-06 11:27:04+00:00,2026-01-06 11:36:15.194893+00:00,724.0,3238.472,3238.15,3238.7,ETH
2026-01-06 11:27:05+00:00,2026-01-06 11:36:16.196625+00:00,725.0,3238.472,3238.15,3238.78,ETH
2026-01-06 11:27:06+00:00,2026-01-06 11:36:17.205975+00:00,726.0,3238.472,3238.14,3238.69,ETH
2026-01-06 11:27:07+00:00,2026-01-06 11:36:18.213685+00:00,727.0,3238.452,3238.11,3238.58,ETH
2026-01-06 11:27:08+00:00,2026-01-06 11:36:19.228624+00:00,728.0,3238.442,3238.1,3238.64,ETH
2026-01-06 11:27:09+00:00,2026-01-06 11:36:20.228370+00:00,729.0,3238.492,3238.15,3238.76,ETH
2026-01-06 11:27:10+00:00,2026-01-06 11:36:21.265817+00:00,730.0,3238.542,3238.2,3238.84,ETH
2026-01-06 11:27:11+00:00,2026-01-06 11:36:22.265641+00:00,731.0,3238.542,3238.22,3238.87,ETH
2026-01-06 11:27:12+00:00,2026-01-06 11:36:23.303404+00:00,732.0,3238.782,3238.43,3239.13,ETH
2026-01-06 11:27:13+00:00,2026-01-06 11:36:24.270034+00:00,733.0,3239.092,3238.73,3239.46,ETH
2026-01-06 11:27:14+00:00,2026-01-06 11:36:25.263311+00:00,734.0,3239.392,3239.03,3239.67,ETH
2026-01-06 11:27:15+00:00,2026-01-06 11:36:26.263049+00:00,735.0,3239.592,3239.24,3239.85,ETH
2026-01-06 11:27:16+00:00,2026-01-06 11:36:27.276411+00:00,736.0,3239.592,3239.24,3239.92,ETH
2026-01-06 11:27:17+00:00,2026-01-06 11:36:28.285036+00:00,737.0,3239.952,3239.6,3240.26,ETH
2026-01-06 11:27:18+00:00,2026-01-06 11:36:29.287081+00:00,738.0,3240.302,3239.94,3240.58,ETH
2026-01-06 11:27:19+00:00,2026-01-06 11:36:30.291088+00:00,739.0,3240.312,3239.94,3240.59,ETH
2026-01-06 11:27:20+00:00,2026-01-06 11:36:31.290412+00:00,740.0,3240.312,3239.94,3240.59,ETH
2026-01-06 11:27:21+00:00,2026-01-06 11:36:32.290680+00:00,741.0,3240.282,3239.92,3240.51,ETH
2026-01-06 11:27:22+00:00,2026-01-06 11:36:33.291984+00:00,742.0,3240.172,3239.9,3240.35,ETH
2026-01-06 11:27:23+00:00,2026-01-06 11:36:34.297016+00:00,743.0,3240.082,3239.82,3240.21,ETH
2026-01-06 11:27:24+00:00,2026-01-06 11:36:35.305325+00:00,744.0,3239.972,3239.62,3240.19,ETH
2026-01-06 11:27:25+00:00,2026-01-06 11:36:36.308761+00:00,745.0,3240.152,3239.8,3240.4,ETH
2026-01-06 11:27:26+00:00,2026-01-06 11:36:37.311396+00:00,746.0,3240.312,3240.11,3240.47,ETH
2026-01-06 11:27:27+00:00,2026-01-06 11:36:38.329894+00:00,747.0,3240.172,3239.95,3240.37,ETH
2026-01-06 11:27:28+00:00,2026-01-06 11:36:39.345070+00:00,748.0,3240.152,3239.8,3240.37,ETH
2026-01-06 11:27:29+00:00,2026-01-06 11:36:40.339928+00:00,749.0,3240.152,3239.8,3240.37,ETH
2026-01-06 11:27:30+00:00,2026-01-06 11:36:41.348311+00:00,750.0,3240.122,3239.78,3240.33,ETH
2026-01-06 11:27:31+00:00,2026-01-06 11:36:42.342625+00:00,751.0,3240.092,3239.76,3240.27,ETH
2026-01-06 11:27:32+00:00,2026-01-06 11:36:43.378455+00:00,752.0,3240.122,3239.78,3240.33,ETH
2026-01-06 11:27:33+00:00,2026-01-06 11:36:44.373719+00:00,753.0,3240.202,3239.86,3240.44,ETH
2026-01-06 11:27:34+00:00,2026-01-06 11:36:45.385063+00:00,754.0,3240.252,3239.91,3240.49,ETH
2026-01-06 11:27:35+00:00,2026-01-06 11:36:46.395460+00:00,755.0,3240.692,3240.31,3241.06,ETH
2026-01-06 11:27:36+00:00,2026-01-06 11:36:47.396089+00:00,756.0,3240.692,3240.31,3241.06,ETH
2026-01-06 11:27:37+00:00,2026-01-06 11:36:48.410751+00:00,757.0,3240.792,3240.44,3241.11,ETH
2026-01-06 11:27:38+00:00,2026-01-06 11:36:49.406989+00:00,758.0,3240.792,3240.44,3241.09,ETH
2026-01-06 11:27:39+00:00,2026-01-06 11:36:50.410570+00:00,759.0,3240.942,3240.57,3241.25,ETH
2026-01-06 11:27:40+00:00,2026-01-06 11:36:51.425528+00:00,760.0,3241.022,3240.65,3241.37,ETH
2026-01-06 11:27:41+00:00,2026-01-06 11:36:52.443106+00:00,761.0,3241.022,3240.65,3241.39,ETH
2026-01-06 11:27:42+00:00,2026-01-06 11:36:53.443995+00:00,762.0,3241.022,3240.66,3241.39,ETH
2026-01-06 11:27:43+00:00,2026-01-06 11:36:54.428220+00:00,763.0,3241.052,3240.68,3241.42,ETH
2026-01-06 11:27:44+00:00,2026-01-06 11:36:55.431158+00:00,764.0,3241.052,3240.68,3241.42,ETH
2026-01-06 11:27:45+00:00,2026-01-06 11:36:56.438028+00:00,765.0,3241.282,3240.93,3241.59,ETH
2026-01-06 11:27:46+00:00,2026-01-06 11:36:57.442940+00:00,766.0,3241.302,3240.98,3241.62,ETH
2026-01-06 11:27:47+00:00,2026-01-06 11:36:58.448419+00:00,767.0,3241.532,3241.15,3241.87,ETH
2026-01-06 11:27:48+00:00,2026-01-06 11:36:59.480312+00:00,768.0,3241.532,3241.16,3241.9,ETH
2026-01-06 11:27:49+00:00,2026-01-06 11:37:00.459703+00:00,769.0,3240.712,3240.41,3240.84,ETH
2026-01-06 11:27:50+00:00,2026-01-06 11:37:01.476774+00:00,770.0,3240.672,3240.4,3240.8,ETH
2026-01-06 11:27:51+00:00,2026-01-06 11:37:02.461021+00:00,771.0,3240.632,3240.4,3240.76,ETH
2026-01-06 11:27:52+00:00,2026-01-06 11:37:03.478095+00:00,772.0,3240.592,3240.4,3240.72,ETH
2026-01-06 11:27:53+00:00,2026-01-06 11:37:04.491968+00:00,773.0,3240.242,3240.17,3240.46,ETH
2026-01-06 11:27:54+00:00,2026-01-06 11:37:05.491705+00:00,774.0,3240.002,3239.94,3240.3,ETH
2026-01-06 11:27:55+00:00,2026-01-06 11:37:06.508153+00:00,775.0,3239.922,3239.66,3239.96,ETH
2026-01-06 11:27:56+00:00,2026-01-06 11:37:07.519390+00:00,776.0,3239.892,3239.66,3239.95,ETH
2026-01-06 11:27:57+00:00,2026-01-06 11:37:08.525492+00:00,777.0,3239.882,3239.64,3239.94,ETH
2026-01-06 11:27:58+00:00,2026-01-06 11:37:09.535181+00:00,778.0,3239.842,3239.64,3239.94,ETH
2026-01-06 11:27:59+00:00,2026-01-06 11:37:10.546962+00:00,779.0,3239.892,3239.67,3240.08,ETH
2026-01-06 11:28:00+00:00,2026-01-06 11:37:11.540317+00:00,780.0,3239.862,3239.67,3240.09,ETH
2026-01-06 11:28:01+00:00,2026-01-06 11:37:12.542020+00:00,781.0,3240.012,3239.73,3240.22,ETH
2026-01-06 11:28:02+00:00,2026-01-06 11:37:13.562816+00:00,782.0,3239.932,3239.73,3240.08,ETH
2026-01-06 11:28:03+00:00,2026-01-06 11:37:14.570100+00:00,783.0,3240.022,3239.74,3240.19,ETH
2026-01-06 11:28:04+00:00,2026-01-06 11:37:15.562366+00:00,784.0,3240.022,3239.74,3240.19,ETH
2026-01-06 11:28:05+00:00,2026-01-06 11:37:16.576246+00:00,785.0,3240.032,3239.75,3240.19,ETH
2026-01-06 11:28:06+00:00,2026-01-06 11:37:17.579260+00:00,786.0,3240.032,3239.75,3240.19,ETH
2026-01-06 11:28:07+00:00,2026-01-06 11:37:18.590661+00:00,787.0,3239.972,3239.77,3240.23,ETH
2026-01-06 11:28:08+00:00,2026-01-06 11:37:19.605237+00:00,788.0,3239.982,3239.77,3240.16,ETH
2026-01-06 11:28:09+00:00,2026-01-06 11:37:20.612701+00:00,789.0,3239.962,3239.77,3240.18,ETH
2026-01-06 11:28:10+00:00,2026-01-06 11:37:21.623378+00:00,790.0,3240.042,3239.76,3240.15,ETH
2026-01-06 11:28:11+00:00,2026-01-06 11:37:22.634436+00:00,791.0,3240.042,3239.76,3240.15,ETH
2026-01-06 11:28:12+00:00,2026-01-06 11:37:23.651960+00:00,792.0,3239.992,3239.76,3240.15,ETH
2026-01-06 11:28:13+00:00,2026-01-06 11:37:24.643999+00:00,793.0,3240.052,3239.8,3240.26,ETH
2026-01-06 11:28:14+00:00,2026-01-06 11:37:25.656223+00:00,794.0,3240.062,3239.85,3240.38,ETH
2026-01-06 11:28:15+00:00,2026-01-06 11:37:26.658700+00:00,795.0,3240.082,3239.85,3240.38,ETH
2026-01-06 11:28:16+00:00,2026-01-06 11:37:27.670580+00:00,796.0,3240.122,3239.98,3240.55,ETH
2026-01-06 11:28:17+00:00,2026-01-06 11:37:28.707010+00:00,797.0,3240.112,3239.99,3240.55,ETH
2026-01-06 11:28:18+00:00,2026-01-06 11:37:29.693525+00:00,798.0,3240.262,3240.07,3240.59,ETH
2026-01-06 11:28:19+00:00,2026-01-06 11:37:30.693790+00:00,799.0,3240.362,3240.07,3240.66,ETH
2026-01-06 11:28:20+00:00,2026-01-06 11:37:31.686936+00:00,800.0,3240.482,3240.17,3240.74,ETH
2026-01-06 11:28:21+00:00,2026-01-06 11:37:32.689301+00:00,801.0,3240.482,3240.17,3240.74,ETH
2026-01-06 11:28:22+00:00,2026-01-06 11:37:33.701761+00:00,802.0,3240.502,3240.24,3240.75,ETH
2026-01-06 11:28:23+00:00,2026-01-06 11:37:34.711941+00:00,803.0,3240.572,3240.29,3240.81,ETH
2026-01-06 11:28:24+00:00,2026-01-06 11:37:35.703072+00:00,804.0,3240.642,3240.36,3240.88,ETH
2026-01-06 11:28:25+00:00,2026-01-06 11:37:36.711668+00:00,805.0,3240.642,3240.37,3240.92,ETH
2026-01-06 11:28:26+00:00,2026-01-06 11:37:37.711661+00:00,806.0,3240.682,3240.39,3240.94,ETH
2026-01-06 11:28:27+00:00,2026-01-06 11:37:38.713898+00:00,807.0,3240.682,3240.39,3240.98,ETH
2026-01-06 11:28:28+00:00,2026-01-06 11:37:39.713401+00:00,808.0,3240.552,3240.27,3240.81,ETH
2026-01-06 11:28:29+00:00,2026-01-06 11:37:40.720638+00:00,809.0,3240.552,3240.28,3240.77,ETH
2026-01-06 11:28:30+00:00,2026-01-06 11:37:41.734285+00:00,810.0,3240.552,3240.28,3240.77,ETH
2026-01-06 11:28:31+00:00,2026-01-06 11:37:42.732687+00:00,811.0,3240.552,3240.28,3240.77,ETH
2026-01-06 11:28:32+00:00,2026-01-06 11:37:43.744346+00:00,812.0,3240.552,3240.28,3240.77,ETH
2026-01-06 11:28:33+00:00,2026-01-06 11:37:44.736573+00:00,813.0,3240.552,3240.28,3240.77,ETH
2026-01-06 11:28:34+00:00,2026-01-06 11:37:45.758034+00:00,814.0,3240.542,3240.28,3240.72,ETH
2026-01-06 11:28:35+00:00,2026-01-06 11:37:46.755698+00:00,815.0,3240.552,3240.28,3240.73,ETH
2026-01-06 11:28:36+00:00,2026-01-06 11:37:47.752919+00:00,816.0,3240.552,3240.28,3240.6,ETH
2026-01-06 11:28:37+00:00,2026-01-06 11:37:48.751055+00:00,817.0,3240.232,3239.97,3240.36,ETH
2026-01-06 11:28:38+00:00,2026-01-06 11:37:49.758225+00:00,818.0,3240.302,3240.04,3240.46,ETH
2026-01-06 11:28:39+00:00,2026-01-06 11:37:50.771968+00:00,819.0,3240.302,3240.02,3240.49,ETH
2026-01-06 11:28:40+00:00,2026-01-06 11:37:51.776873+00:00,820.0,3240.312,3240.04,3240.56,ETH
2026-01-06 11:28:41+00:00,2026-01-06 11:37:52.775769+00:00,821.0,3240.302,3240.02,3240.58,ETH
2026-01-06 11:28:42+00:00,2026-01-06 11:37:53.796716+00:00,822.0,3240.302,3240.02,3240.58,ETH
2026-01-06 11:28:43+00:00,2026-01-06 11:37:54.795304+00:00,823.0,3240.302,3240.02,3240.58,ETH
2026-01-06 11:28:44+00:00,2026-01-06 11:37:55.813146+00:00,824.0,3240.302,3240.02,3240.58,ETH
2026-01-06 11:28:45+00:00,2026-01-06 11:37:56.822569+00:00,825.0,3240.292,3240.0,3240.58,ETH
2026-01-06 11:28:46+00:00,2026-01-06 11:37:57.828534+00:00,826.0,3240.292,3240.01,3240.58,ETH
2026-01-06 11:28:47+00:00,2026-01-06 11:37:59.820122+00:00,827.0,3240.292,3240.01,3240.65,ETH
2026-01-06 11:28:48+00:00,2026-01-06 11:38:00.820254+00:00,828.0,3240.352,3240.06,3240.71,ETH
2026-01-06 11:28:49+00:00,2026-01-06 11:38:01.842692+00:00,829.0,3240.402,3240.11,3240.7,ETH
2026-01-06 11:28:50+00:00,2026-01-06 11:38:02.840258+00:00,830.0,3240.402,3240.11,3240.7,ETH
2026-01-06 11:28:51+00:00,2026-01-06 11:38:03.836246+00:00,831.0,3240.412,3240.11,3240.69,ETH
2026-01-06 11:28:52+00:00,2026-01-06 11:38:04.859957+00:00,832.0,3240.412,3240.11,3240.7,ETH
2026-01-06 11:28:53+00:00,2026-01-06 11:38:05.868896+00:00,833.0,3240.402,3240.1,3240.69,ETH
2026-01-06 11:28:54+00:00,2026-01-06 11:38:06.889109+00:00,834.0,3240.392,3240.09,3240.68,ETH
2026-01-06 11:28:55+00:00,2026-01-06 11:38:07.888771+00:00,835.0,3240.382,3240.1,3240.67,ETH
2026-01-06 11:28:56+00:00,2026-01-06 11:38:08.892057+00:00,836.0,3240.392,3240.1,3240.67,ETH
2026-01-06 11:28:57+00:00,2026-01-06 11:38:09.892333+00:00,837.0,3240.382,3240.09,3240.67,ETH
2026-01-06 11:28:58+00:00,2026-01-06 11:38:10.904011+00:00,838.0,3240.382,3240.09,3240.67,ETH
2026-01-06 11:28:59+00:00,2026-01-06 11:38:11.906132+00:00,839.0,3240.382,3240.09,3240.67,ETH
2026-01-06 11:29:00+00:00,2026-01-06 11:38:12.920579+00:00,840.0,3240.382,3240.09,3240.67,ETH
2026-01-06 11:29:01+00:00,2026-01-06 11:38:13.929421+00:00,841.0,3240.382,3240.09,3240.67,ETH
2026-01-06 11:29:02+00:00,2026-01-06 11:38:14.923018+00:00,842.0,3240.312,3240.09,3240.58,ETH
2026-01-06 11:29:03+00:00,2026-01-06 11:38:15.923271+00:00,843.0,3240.022,3239.86,3240.23,ETH
2026-01-06 11:29:04+00:00,2026-01-06 11:38:16.939496+00:00,844.0,3239.442,3239.29,3239.68,ETH
2026-01-06 11:29:05+00:00,2026-01-06 11:38:17.935857+00:00,845.0,3239.062,3238.95,3239.28,ETH
2026-01-06 11:29:06+00:00,2026-01-06 11:38:18.938456+00:00,846.0,3239.332,3239.17,3239.54,ETH
2026-01-06 11:29:07+00:00,2026-01-06 11:38:19.951427+00:00,847.0,3239.802,3239.59,3240.08,ETH
2026-01-06 11:29:08+00:00,2026-01-06 11:38:20.953234+00:00,848.0,3240.002,3239.78,3240.31,ETH
2026-01-06 11:29:09+00:00,2026-01-06 11:38:22.043308+00:00,849.0,3240.112,3239.84,3240.42,ETH
2026-01-06 11:29:10+00:00,2026-01-06 11:38:23.065261+00:00,850.0,3240.202,3239.89,3240.46,ETH
2026-01-06 11:29:11+00:00,2026-01-06 11:38:24.060985+00:00,851.0,3240.202,3239.89,3240.46,ETH
2026-01-06 11:29:12+00:00,2026-01-06 11:38:25.074778+00:00,852.0,3240.202,3239.91,3240.46,ETH
2026-01-06 11:29:13+00:00,2026-01-06 11:38:26.089923+00:00,853.0,3240.202,3239.91,3240.46,ETH
2026-01-06 11:29:14+00:00,2026-01-06 11:38:27.105445+00:00,854.0,3240.212,3239.83,3240.46,ETH
2026-01-06 11:29:15+00:00,2026-01-06 11:38:28.110480+00:00,855.0,3240.212,3239.83,3240.46,ETH
2026-01-06 11:29:16+00:00,2026-01-06 11:38:29.124965+00:00,856.0,3240.202,3239.83,3240.46,ETH
2026-01-06 11:29:17+00:00,2026-01-06 11:38:30.138138+00:00,857.0,3240.202,3239.83,3240.46,ETH
2026-01-06 11:29:18+00:00,2026-01-06 11:38:31.131143+00:00,858.0,3240.202,3239.82,3240.46,ETH
2026-01-06 11:29:19+00:00,2026-01-06 11:38:32.135316+00:00,859.0,3240.202,3239.82,3240.46,ETH
2026-01-06 11:29:20+00:00,2026-01-06 11:38:33.138073+00:00,860.0,3240.202,3239.82,3240.46,ETH
2026-01-06 11:29:21+00:00,2026-01-06 11:38:34.159915+00:00,861.0,3240.202,3239.82,3240.46,ETH
2026-01-06 11:29:22+00:00,2026-01-06 11:38:35.154892+00:00,862.0,3240.202,3239.82,3240.46,ETH
2026-01-06 11:29:23+00:00,2026-01-06 11:38:36.148563+00:00,863.0,3240.202,3239.82,3240.46,ETH
2026-01-06 11:29:24+00:00,2026-01-06 11:38:37.151057+00:00,864.0,3240.162,3239.82,3240.46,ETH
2026-01-06 11:29:25+00:00,2026-01-06 11:38:38.225100+00:00,865.0,3240.142,3239.8,3240.46,ETH
2026-01-06 11:29:26+00:00,2026-01-06 11:38:39.219423+00:00,866.0,3240.122,3239.78,3240.43,ETH
2026-01-06 11:29:27+00:00,2026-01-06 11:38:40.225252+00:00,867.0,3240.072,3239.76,3240.4,ETH
2026-01-06 11:29:28+00:00,2026-01-06 11:38:41.214557+00:00,868.0,3240.062,3239.75,3240.4,ETH
2026-01-06 11:29:29+00:00,2026-01-06 11:38:42.240962+00:00,869.0,3240.052,3239.74,3240.4,ETH
2026-01-06 11:29:30+00:00,2026-01-06 11:38:43.248988+00:00,870.0,3240.042,3239.7,3240.38,ETH
2026-01-06 11:29:31+00:00,2026-01-06 11:38:44.256508+00:00,871.0,3239.902,3239.67,3240.25,ETH
2026-01-06 11:29:32+00:00,2026-01-06 11:38:45.271588+00:00,872.0,3239.722,3239.51,3240.06,ETH
2026-01-06 11:29:33+00:00,2026-01-06 11:38:46.274808+00:00,873.0,3239.512,3239.33,3239.9,ETH
2026-01-06 11:29:34+00:00,2026-01-06 11:38:47.281624+00:00,874.0,3239.362,3239.29,3239.83,ETH
2026-01-06 11:29:35+00:00,2026-01-06 11:38:48.288097+00:00,875.0,3239.262,3239.13,3239.74,ETH
2026-01-06 11:29:36+00:00,2026-01-06 11:38:49.290684+00:00,876.0,3238.942,3238.86,3239.03,ETH
2026-01-06 11:29:37+00:00,2026-01-06 11:38:50.307449+00:00,877.0,3238.782,3238.71,3239.02,ETH
2026-01-06 11:29:38+00:00,2026-01-06 11:38:51.321377+00:00,878.0,3238.542,3238.48,3238.6,ETH
2026-01-06 11:29:39+00:00,2026-01-06 11:38:52.306880+00:00,879.0,3238.322,3238.09,3238.47,ETH
2026-01-06 11:29:40+00:00,2026-01-06 11:38:53.339536+00:00,880.0,3238.282,3238.07,3238.33,ETH
2026-01-06 11:29:41+00:00,2026-01-06 11:38:54.350826+00:00,881.0,3238.272,3238.04,3238.42,ETH
2026-01-06 11:29:42+00:00,2026-01-06 11:38:55.360601+00:00,882.0,3238.201,3237.87,3238.33,ETH
2026-01-06 11:29:43+00:00,2026-01-06 11:38:56.372153+00:00,883.0,3238.191,3237.86,3238.33,ETH
2026-01-06 11:29:44+00:00,2026-01-06 11:38:57.387325+00:00,884.0,3238.141,3237.85,3238.3,ETH
2026-01-06 11:29:45+00:00,2026-01-06 11:38:58.390251+00:00,885.0,3238.121,3237.78,3238.15,ETH
2026-01-06 11:29:46+00:00,2026-01-06 11:38:59.402415+00:00,886.0,3238.071,3237.72,3238.16,ETH
2026-01-06 11:29:47+00:00,2026-01-06 11:39:00.402825+00:00,887.0,3238.061,3237.72,3238.15,ETH
2026-01-06 11:29:48+00:00,2026-01-06 11:39:01.434293+00:00,888.0,3238.081,3237.73,3238.17,ETH
2026-01-06 11:29:49+00:00,2026-01-06 11:39:02.424931+00:00,889.0,3238.101,3237.8,3238.29,ETH
2026-01-06 11:29:50+00:00,2026-01-06 11:39:03.427812+00:00,890.0,3238.161,3237.8,3238.57,ETH
2026-01-06 11:29:51+00:00,2026-01-06 11:39:04.433849+00:00,891.0,3238.512,3238.2,3238.69,ETH
2026-01-06 11:29:52+00:00,2026-01-06 11:39:05.440300+00:00,892.0,3238.492,3238.2,3238.73,ETH
2026-01-06 11:29:53+00:00,2026-01-06 11:39:06.441561+00:00,893.0,3238.442,3238.13,3238.68,ETH
2026-01-06 11:29:54+00:00,2026-01-06 11:39:07.454643+00:00,894.0,3238.382,3238.09,3238.49,ETH
2026-01-06 11:29:55+00:00,2026-01-06 11:39:08.472743+00:00,895.0,3238.382,3238.13,3238.46,ETH
2026-01-06 11:29:56+00:00,2026-01-06 11:39:09.677725+00:00,896.0,3238.382,3238.12,3238.46,ETH
2026-01-06 11:29:57+00:00,2026-01-06 11:39:10.634648+00:00,897.0,3238.382,3238.12,3238.45,ETH
2026-01-06 11:29:58+00:00,2026-01-06 11:39:11.652779+00:00,898.0,3238.342,3238.02,3238.46,ETH
2026-01-06 11:29:59+00:00,2026-01-06 11:39:12.654478+00:00,899.0,3238.191,3237.93,3238.33,ETH
