timestamp,collected_at,seconds,up_mid,up_best_bid,up_best_ask,down_mid,down_best_bid,down_best_ask,up_best_bid_size,up_best_ask_size,down_best_bid_size,down_best_ask_size
2026-01-06 11:15:00.910000+00:00,2026-01-06 11:15:01.190982+00:00,0.91,0.41,0.4,0.42,0.585,0.58,0.59,,,,
2026-01-06 11:15:01.865000+00:00,2026-01-06 11:15:02.197312+00:00,1.865,0.39,0.33,0.45,0.6100000000000001,0.55,0.67,,,,
2026-01-06 11:15:02.833000+00:00,2026-01-06 11:15:03.211505+00:00,2.833,0.335,0.33,0.34,0.665,0.66,0.67,,,,
2026-01-06 11:15:03.942000+00:00,2026-01-06 11:15:04.212289+00:00,3.942,0.4649999999999999,0.46,0.47,0.535,0.53,0.54,,,,
2026-01-06 11:15:04.922000+00:00,2026-01-06 11:15:05.217804+00:00,4.922,0.4649999999999999,0.46,0.47,0.535,0.53,0.54,,,,
2026-01-06 11:15:05.959000+00:00,2026-01-06 11:15:06.237609+00:00,5.959,0.4649999999999999,0.46,0.47,0.535,0.53,0.54,,,,
2026-01-06 11:15:06.975000+00:00,2026-01-06 11:15:07.252611+00:00,6.975,0.4649999999999999,0.46,0.47,0.535,0.53,0.54,,,,
2026-01-06 11:15:07.985000+00:00,2026-01-06 11:15:08.268334+00:00,7.985,0.4649999999999999,0.46,0.47,0.535,0.53,0.54,,,,
2026-01-06 11:15:08.991000+00:00,2026-01-06 11:15:09.283151+00:00,8.991,0.4649999999999999,0.46,0.47,0.535,0.53,0.54,,,,
2026-01-06 11:15:10.998000+00:00,2026-01-06 11:15:11.303732+00:00,10.998,0.4649999999999999,0.46,0.47,0.535,0.53,0.54,,,,
2026-01-06 11:15:12.032000+00:00,2026-01-06 11:15:12.317834+00:00,12.032,0.445,0.44,0.45,0.555,0.55,0.56,,,,
2026-01-06 11:15:13.027000+00:00,2026-01-06 11:15:13.325623+00:00,13.027,0.4649999999999999,0.46,0.47,0.535,0.53,0.54,,,,
2026-01-06 11:15:14.057000+00:00,2026-01-06 11:15:14.331622+00:00,14.057,0.4649999999999999,0.46,0.47,0.535,0.53,0.54,,,,
2026-01-06 11:15:15.837000+00:00,2026-01-06 11:15:16.349463+00:00,15.837,0.4649999999999999,0.46,0.47,0.535,0.53,0.54,,,,
2026-01-06 11:15:17.077000+00:00,2026-01-06 11:15:17.348581+00:00,17.077,0.4649999999999999,0.46,0.47,0.535,0.53,0.54,,,,
2026-01-06 11:15:18.065000+00:00,2026-01-06 11:15:18.369763+00:00,18.065,0.4649999999999999,0.46,0.47,0.535,0.53,0.54,,,,
2026-01-06 11:15:19.939000+00:00,2026-01-06 11:15:20.371305+00:00,19.939,0.4649999999999999,0.46,0.47,0.54,0.53,0.55,,,,
2026-01-06 11:15:21.104000+00:00,2026-01-06 11:15:21.382267+00:00,21.104,0.455,0.45,0.46,0.545,0.54,0.55,,,,
2026-01-06 11:15:22.130000+00:00,2026-01-06 11:15:22.401094+00:00,22.13,0.455,0.45,0.46,0.535,0.53,0.54,,,,
2026-01-06 11:15:23.029000+00:00,2026-01-06 11:15:23.414570+00:00,23.029,0.4649999999999999,0.46,0.47,0.535,0.53,0.54,,,,
2026-01-06 11:15:24.137000+00:00,2026-01-06 11:15:24.408936+00:00,24.137,0.4649999999999999,0.46,0.47,0.535,0.53,0.54,,,,
2026-01-06 11:15:25.170000+00:00,2026-01-06 11:15:25.431852+00:00,25.17,0.4649999999999999,0.46,0.47,0.535,0.53,0.54,,,,
2026-01-06 11:15:26.155000+00:00,2026-01-06 11:15:26.432227+00:00,26.155,0.435,0.43,0.44,0.565,0.56,0.57,,,,
2026-01-06 11:15:27.099000+00:00,2026-01-06 11:15:27.437262+00:00,27.099,0.425,0.42,0.43,0.575,0.57,0.58,,,,
2026-01-06 11:15:28.154000+00:00,2026-01-06 11:15:28.448272+00:00,28.154,0.415,0.41,0.42,0.585,0.58,0.59,,,,
2026-01-06 11:15:29.019000+00:00,2026-01-06 11:15:29.461541+00:00,29.019,0.415,0.41,0.42,0.585,0.58,0.59,,,,
2026-01-06 11:15:30.152000+00:00,2026-01-06 11:15:30.472596+00:00,30.152,0.415,0.41,0.42,0.615,0.61,0.62,,,,
2026-01-06 11:15:31.176000+00:00,2026-01-06 11:15:31.488282+00:00,31.176,0.385,0.38,0.39,0.615,0.61,0.62,,,,
2026-01-06 11:15:32.080000+00:00,2026-01-06 11:15:32.487699+00:00,32.08,0.385,0.38,0.39,0.615,0.61,0.62,,,,
2026-01-06 11:15:33.147000+00:00,2026-01-06 11:15:33.497802+00:00,33.147,0.385,0.38,0.39,0.615,0.61,0.62,,,,
2026-01-06 11:15:34.203000+00:00,2026-01-06 11:15:34.505330+00:00,34.203,0.405,0.4,0.41,0.6,0.59,0.61,,,,
2026-01-06 11:15:35.236000+00:00,2026-01-06 11:15:35.518969+00:00,35.236,0.405,0.4,0.41,0.595,0.59,0.6,,,,
2026-01-06 11:15:36.262000+00:00,2026-01-06 11:15:36.532067+00:00,36.262,0.385,0.38,0.39,0.615,0.61,0.62,,,,
2026-01-06 11:15:37.215000+00:00,2026-01-06 11:15:37.548039+00:00,37.215,0.385,0.38,0.39,0.615,0.61,0.62,,,,
2026-01-06 11:15:38.227000+00:00,2026-01-06 11:15:38.548337+00:00,38.227,0.385,0.38,0.39,0.615,0.61,0.62,,,,
2026-01-06 11:15:39.280000+00:00,2026-01-06 11:15:39.557027+00:00,39.28,0.405,0.4,0.41,0.595,0.59,0.6,,,,
2026-01-06 11:15:40.296000+00:00,2026-01-06 11:15:40.570500+00:00,40.296,0.395,0.39,0.4,0.605,0.6,0.61,,,,
2026-01-06 11:15:41.288000+00:00,2026-01-06 11:15:41.569426+00:00,41.288,0.375,0.37,0.38,0.625,0.62,0.63,,,,
2026-01-06 11:15:42.282000+00:00,2026-01-06 11:15:42.581392+00:00,42.282,0.375,0.37,0.38,0.625,0.62,0.63,,,,
2026-01-06 11:15:43.248000+00:00,2026-01-06 11:15:43.581020+00:00,43.248,0.375,0.37,0.38,0.625,0.62,0.63,,,,
2026-01-06 11:15:44.317000+00:00,2026-01-06 11:15:44.597558+00:00,44.317,0.375,0.37,0.38,0.625,0.62,0.63,,,,
2026-01-06 11:15:45.301000+00:00,2026-01-06 11:15:45.588361+00:00,45.301,0.375,0.37,0.38,0.625,0.62,0.63,,,,
2026-01-06 11:15:46.298000+00:00,2026-01-06 11:15:46.588693+00:00,46.298,0.375,0.37,0.38,0.625,0.62,0.63,,,,
2026-01-06 11:15:47.321000+00:00,2026-01-06 11:15:47.601529+00:00,47.321,0.375,0.37,0.38,0.625,0.62,0.63,,,,
2026-01-06 11:15:48.317000+00:00,2026-01-06 11:15:48.609627+00:00,48.317,0.35,0.34,0.36,0.65,0.64,0.66,,,,
2026-01-06 11:15:49.352000+00:00,2026-01-06 11:15:49.632773+00:00,49.352,0.345,0.33,0.36,0.66,0.65,0.67,,,,
2026-01-06 11:15:50.295000+00:00,2026-01-06 11:15:50.645473+00:00,50.295,0.3399999999999999,0.33,0.35,0.66,0.65,0.67,,,,
2026-01-06 11:15:51.888000+00:00,2026-01-06 11:15:52.666539+00:00,51.888,0.345,0.34,0.35,0.655,0.65,0.66,,,,
2026-01-06 11:15:53.725000+00:00,2026-01-06 11:15:53.674678+00:00,53.725,0.335,0.33,0.34,0.665,0.66,0.67,,,,
2026-01-06 11:15:54.362000+00:00,2026-01-06 11:15:54.681490+00:00,54.362,0.335,0.33,0.34,0.665,0.66,0.67,,,,
2026-01-06 11:15:55.384000+00:00,2026-01-06 11:15:55.680107+00:00,55.384,0.325,0.32,0.33,0.695,0.69,0.7,,,,
2026-01-06 11:15:56.408000+00:00,2026-01-06 11:15:56.684784+00:00,56.408,0.305,0.3,0.31,0.695,0.69,0.7,,,,
2026-01-06 11:15:57.408000+00:00,2026-01-06 11:15:57.688189+00:00,57.408,0.305,0.3,0.31,0.685,0.68,0.69,,,,
2026-01-06 11:15:58.440000+00:00,2026-01-06 11:15:58.697393+00:00,58.44,0.31,0.3,0.32,0.69,0.68,0.7,,,,
2026-01-06 11:15:59.452000+00:00,2026-01-06 11:15:59.700396+00:00,59.452,0.31,0.3,0.32,0.69,0.68,0.7,,,,
2026-01-06 11:16:00.402000+00:00,2026-01-06 11:16:00.710235+00:00,60.402,0.305,0.3,0.31,0.695,0.69,0.7,,,,
2026-01-06 11:16:01.468000+00:00,2026-01-06 11:16:01.727340+00:00,61.468,0.31,0.3,0.32,0.69,0.68,0.7,,,,
2026-01-06 11:16:02.454000+00:00,2026-01-06 11:16:02.747030+00:00,62.454,0.305,0.3,0.31,0.695,0.69,0.7,,,,
2026-01-06 11:16:03.452000+00:00,2026-01-06 11:16:03.749993+00:00,63.452,0.295,0.29,0.3,0.7,0.69,0.71,,,,
2026-01-06 11:16:04.463000+00:00,2026-01-06 11:16:04.764852+00:00,64.463,0.305,0.3,0.31,0.695,0.69,0.7,,,,
2026-01-06 11:16:05.398000+00:00,2026-01-06 11:16:05.764114+00:00,65.398,0.305,0.3,0.31,0.695,0.69,0.7,,,,
2026-01-06 11:16:06.494000+00:00,2026-01-06 11:16:06.780980+00:00,66.494,0.305,0.3,0.31,0.695,0.69,0.7,,,,
2026-01-06 11:16:07.544000+00:00,2026-01-06 11:16:07.798223+00:00,67.544,0.305,0.3,0.31,0.685,0.68,0.69,,,,
2026-01-06 11:16:08.664000+00:00,2026-01-06 11:16:08.814825+00:00,68.664,0.315,0.31,0.32,0.685,0.68,0.69,,,,
2026-01-06 11:16:09.527000+00:00,2026-01-06 11:16:09.818194+00:00,69.527,0.315,0.31,0.32,0.685,0.68,0.69,,,,
2026-01-06 11:16:10.548000+00:00,2026-01-06 11:16:10.816638+00:00,70.548,0.295,0.29,0.3,0.705,0.7,0.71,,,,
2026-01-06 11:16:11.515000+00:00,2026-01-06 11:16:11.813460+00:00,71.515,0.285,0.28,0.29,0.715,0.71,0.72,,,,
2026-01-06 11:16:12.554000+00:00,2026-01-06 11:16:12.821272+00:00,72.554,0.285,0.28,0.29,0.715,0.71,0.72,,,,
2026-01-06 11:16:13.564000+00:00,2026-01-06 11:16:13.830037+00:00,73.564,0.285,0.28,0.29,0.715,0.71,0.72,,,,
2026-01-06 11:16:14.560000+00:00,2026-01-06 11:16:14.847131+00:00,74.56,0.245,0.24,0.25,0.755,0.75,0.76,,,,
2026-01-06 11:16:15.562000+00:00,2026-01-06 11:16:15.853502+00:00,75.562,0.255,0.24,0.27,0.735,0.73,0.74,,,,
2026-01-06 11:16:16.540000+00:00,2026-01-06 11:16:16.856935+00:00,76.54,0.265,0.26,0.27,0.735,0.73,0.74,,,,
2026-01-06 11:16:17.598000+00:00,2026-01-06 11:16:17.869289+00:00,77.598,0.265,0.26,0.27,0.735,0.73,0.74,,,,
2026-01-06 11:16:18.373000+00:00,2026-01-06 11:16:18.863970+00:00,78.373,0.275,0.27,0.28,0.725,0.72,0.73,,,,
2026-01-06 11:16:19.643000+00:00,2026-01-06 11:16:19.871605+00:00,79.643,0.275,0.27,0.28,0.725,0.72,0.73,,,,
2026-01-06 11:16:20.602000+00:00,2026-01-06 11:16:20.879377+00:00,80.602,0.275,0.27,0.28,0.725,0.72,0.73,,,,
2026-01-06 11:16:21.554000+00:00,2026-01-06 11:16:21.892499+00:00,81.554,0.275,0.27,0.28,0.725,0.72,0.73,,,,
2026-01-06 11:16:22.634000+00:00,2026-01-06 11:16:22.911105+00:00,82.634,0.265,0.26,0.27,0.735,0.73,0.74,,,,
2026-01-06 11:16:23.633000+00:00,2026-01-06 11:16:23.914849+00:00,83.633,0.275,0.27,0.28,0.725,0.72,0.73,,,,
2026-01-06 11:16:24.553000+00:00,2026-01-06 11:16:24.932168+00:00,84.553,0.295,0.29,0.3,0.705,0.7,0.71,,,,
2026-01-06 11:16:25.663000+00:00,2026-01-06 11:16:25.948062+00:00,85.663,0.285,0.28,0.29,0.715,0.71,0.72,,,,
2026-01-06 11:16:26.664000+00:00,2026-01-06 11:16:26.963096+00:00,86.664,0.285,0.28,0.29,0.715,0.71,0.72,,,,
2026-01-06 11:16:27.741000+00:00,2026-01-06 11:16:27.963863+00:00,87.741,0.28,0.27,0.29,0.725,0.72,0.73,,,,
2026-01-06 11:16:28.690000+00:00,2026-01-06 11:16:28.978932+00:00,88.69,0.24,0.23,0.25,0.76,0.75,0.77,,,,
2026-01-06 11:16:29.690000+00:00,2026-01-06 11:16:29.994254+00:00,89.69,0.245,0.24,0.25,0.755,0.75,0.76,,,,
2026-01-06 11:16:30.662000+00:00,2026-01-06 11:16:31.005680+00:00,90.662,0.265,0.26,0.27,0.735,0.73,0.74,,,,
2026-01-06 11:16:31.692000+00:00,2026-01-06 11:16:31.996746+00:00,91.692,0.265,0.26,0.27,0.735,0.73,0.74,,,,
2026-01-06 11:16:32.734000+00:00,2026-01-06 11:16:32.994530+00:00,92.734,0.255,0.25,0.26,0.76,0.75,0.77,,,,
2026-01-06 11:16:33.417000+00:00,2026-01-06 11:16:33.986828+00:00,93.417,0.235,0.23,0.24,0.765,0.76,0.77,,,,
2026-01-06 11:16:34.681000+00:00,2026-01-06 11:16:34.985063+00:00,94.681,0.235,0.23,0.24,0.76,0.75,0.77,,,,
2026-01-06 11:16:35.728000+00:00,2026-01-06 11:16:35.996000+00:00,95.728,0.235,0.23,0.24,0.765,0.76,0.77,,,,
2026-01-06 11:16:36.464000+00:00,2026-01-06 11:16:36.998438+00:00,96.464,0.235,0.23,0.24,0.765,0.76,0.77,,,,
2026-01-06 11:16:37.721000+00:00,2026-01-06 11:16:38.014453+00:00,97.721,0.235,0.23,0.24,0.765,0.76,0.77,,,,
2026-01-06 11:16:38.711000+00:00,2026-01-06 11:16:39.020903+00:00,98.711,0.235,0.23,0.24,0.765,0.76,0.77,,,,
2026-01-06 11:16:39.796000+00:00,2026-01-06 11:16:40.031300+00:00,99.796,0.255,0.25,0.26,0.745,0.74,0.75,,,,
2026-01-06 11:16:40.506000+00:00,2026-01-06 11:16:41.022023+00:00,100.506,0.255,0.25,0.26,0.745,0.74,0.75,,,,
2026-01-06 11:16:41.741000+00:00,2026-01-06 11:16:42.031931+00:00,101.741,0.255,0.25,0.26,0.745,0.74,0.75,,,,
2026-01-06 11:16:42.768000+00:00,2026-01-06 11:16:43.046715+00:00,102.768,0.255,0.25,0.26,0.745,0.74,0.75,,,,
2026-01-06 11:16:43.696000+00:00,2026-01-06 11:16:44.058260+00:00,103.696,0.255,0.25,0.26,0.745,0.74,0.75,,,,
2026-01-06 11:16:44.894000+00:00,2026-01-06 11:16:45.045950+00:00,104.894,0.255,0.25,0.26,0.745,0.74,0.75,,,,
2026-01-06 11:16:45.763000+00:00,2026-01-06 11:16:46.062211+00:00,105.763,0.245,0.24,0.25,0.755,0.75,0.76,,,,
2026-01-06 11:16:46.607000+00:00,2026-01-06 11:16:47.078766+00:00,106.607,0.245,0.24,0.25,0.755,0.75,0.76,,,,
2026-01-06 11:16:47.831000+00:00,2026-01-06 11:16:48.094178+00:00,107.831,0.29,0.28,0.3,0.69,0.68,0.7,,,,
2026-01-06 11:16:48.573000+00:00,2026-01-06 11:16:49.090502+00:00,108.573,0.31,0.3,0.32,0.69,0.68,0.7,,,,
2026-01-06 11:16:49.747000+00:00,2026-01-06 11:16:50.094998+00:00,109.747,0.305,0.3,0.31,0.695,0.69,0.7,,,,
2026-01-06 11:16:50.839000+00:00,2026-01-06 11:16:51.097449+00:00,110.839,0.305,0.3,0.31,0.7,0.69,0.71,,,,
2026-01-06 11:16:51.400000+00:00,2026-01-06 11:16:52.103680+00:00,111.4,0.3,0.29,0.31,0.7,0.69,0.71,,,,
2026-01-06 11:16:52.687000+00:00,2026-01-06 11:16:53.111976+00:00,112.687,0.305,0.3,0.31,0.695,0.69,0.7,,,,
2026-01-06 11:16:53.657000+00:00,2026-01-06 11:16:54.129744+00:00,113.657,0.3,0.29,0.31,0.7,0.69,0.71,,,,
2026-01-06 11:16:54.571000+00:00,2026-01-06 11:16:55.130464+00:00,114.571,0.3,0.29,0.31,0.7,0.69,0.71,,,,
2026-01-06 11:16:55.872000+00:00,2026-01-06 11:16:56.126001+00:00,115.872,0.3,0.29,0.31,0.7,0.69,0.71,,,,
2026-01-06 11:16:56.694000+00:00,2026-01-06 11:16:57.142875+00:00,116.694,0.3,0.29,0.31,0.7,0.69,0.71,,,,
2026-01-06 11:16:57.742000+00:00,2026-01-06 11:16:58.144887+00:00,117.742,0.3,0.29,0.31,0.695,0.69,0.7,,,,
2026-01-06 11:16:58.995000+00:00,2026-01-06 11:16:59.150177+00:00,118.995,0.305,0.3,0.31,0.695,0.69,0.7,,,,
2026-01-06 11:16:59.889000+00:00,2026-01-06 11:17:00.156747+00:00,119.889,0.255,0.25,0.26,0.75,0.74,0.76,,,,
2026-01-06 11:17:00.905000+00:00,2026-01-06 11:17:01.173770+00:00,120.905,0.235,0.23,0.24,0.765,0.76,0.77,,,,
2026-01-06 11:17:01.899000+00:00,2026-01-06 11:17:02.194154+00:00,121.899,0.235,0.23,0.24,0.765,0.76,0.77,,,,
2026-01-06 11:17:02.950000+00:00,2026-01-06 11:17:03.209657+00:00,122.95,0.255,0.25,0.26,0.745,0.74,0.75,,,,
2026-01-06 11:17:03.963000+00:00,2026-01-06 11:17:04.212013+00:00,123.963,0.255,0.25,0.26,0.745,0.74,0.75,,,,
2026-01-06 11:17:04.913000+00:00,2026-01-06 11:17:05.208650+00:00,124.913,0.255,0.25,0.26,0.745,0.74,0.75,,,,
2026-01-06 11:17:05.961000+00:00,2026-01-06 11:17:06.215932+00:00,125.961,0.25,0.24,0.26,0.75,0.74,0.76,,,,
2026-01-06 11:17:06.913000+00:00,2026-01-06 11:17:07.227754+00:00,126.913,0.25,0.24,0.26,0.75,0.74,0.76,,,,
2026-01-06 11:17:07.917000+00:00,2026-01-06 11:17:08.218708+00:00,127.917,0.245,0.24,0.25,0.755,0.75,0.76,,,,
2026-01-06 11:17:09.943000+00:00,2026-01-06 11:17:10.241801+00:00,129.943,0.235,0.23,0.24,0.765,0.76,0.77,,,,
2026-01-06 11:17:10.989000+00:00,2026-01-06 11:17:11.256045+00:00,130.989,0.235,0.23,0.24,0.765,0.76,0.77,,,,
2026-01-06 11:17:11.840000+00:00,2026-01-06 11:17:12.276006+00:00,131.84,0.225,0.22,0.23,0.775,0.77,0.78,,,,
2026-01-06 11:17:13.989000+00:00,2026-01-06 11:17:14.310244+00:00,133.989,0.225,0.22,0.23,0.775,0.77,0.78,,,,
2026-01-06 11:17:15.050000+00:00,2026-01-06 11:17:15.327067+00:00,135.05,0.225,0.22,0.23,0.775,0.77,0.78,,,,
2026-01-06 11:17:16.045000+00:00,2026-01-06 11:17:16.327733+00:00,136.045,0.205,0.2,0.21,0.795,0.79,0.8,,,,
2026-01-06 11:17:17.161000+00:00,2026-01-06 11:17:17.327242+00:00,137.161,0.175,0.17,0.18,0.825,0.82,0.83,,,,
2026-01-06 11:17:18.058000+00:00,2026-01-06 11:17:18.340602+00:00,138.058,0.175,0.17,0.18,0.83,0.82,0.84,,,,
2026-01-06 11:17:19.109000+00:00,2026-01-06 11:17:19.335802+00:00,139.109,0.165,0.16,0.17,0.835,0.83,0.84,,,,
2026-01-06 11:17:20.018000+00:00,2026-01-06 11:17:20.343110+00:00,140.018,0.155,0.15,0.16,0.845,0.84,0.85,,,,
2026-01-06 11:17:21.047000+00:00,2026-01-06 11:17:21.339955+00:00,141.047,0.145,0.14,0.15,0.855,0.85,0.86,,,,
2026-01-06 11:17:22.110000+00:00,2026-01-06 11:17:22.343505+00:00,142.11,0.145,0.14,0.15,0.865,0.86,0.87,,,,
2026-01-06 11:17:23.064000+00:00,2026-01-06 11:17:23.335210+00:00,143.064,0.125,0.12,0.13,0.875,0.87,0.88,,,,
2026-01-06 11:17:24.074000+00:00,2026-01-06 11:17:24.362451+00:00,144.074,0.14,0.13,0.15,0.86,0.85,0.87,,,,
2026-01-06 11:17:25.039000+00:00,2026-01-06 11:17:25.379719+00:00,145.039,0.14,0.13,0.15,0.86,0.85,0.87,,,,
2026-01-06 11:17:26.100000+00:00,2026-01-06 11:17:26.393927+00:00,146.1,0.13,0.12,0.14,0.87,0.86,0.88,,,,
2026-01-06 11:17:27.106000+00:00,2026-01-06 11:17:27.391971+00:00,147.106,0.13,0.12,0.14,0.87,0.86,0.88,,,,
2026-01-06 11:17:28.925000+00:00,2026-01-06 11:17:29.410239+00:00,148.925,0.1149999999999999,0.11,0.12,0.885,0.88,0.89,,,,
2026-01-06 11:17:30.150000+00:00,2026-01-06 11:17:30.417520+00:00,150.15,0.1149999999999999,0.11,0.12,0.87,0.86,0.88,,,,
2026-01-06 11:17:31.145000+00:00,2026-01-06 11:17:31.428934+00:00,151.145,0.135,0.13,0.14,0.865,0.86,0.87,,,,
2026-01-06 11:17:32.141000+00:00,2026-01-06 11:17:32.433828+00:00,152.141,0.145,0.14,0.15,0.855,0.85,0.86,,,,
2026-01-06 11:17:33.091000+00:00,2026-01-06 11:17:33.430093+00:00,153.091,0.16,0.15,0.17,0.84,0.83,0.85,,,,
2026-01-06 11:17:34.173000+00:00,2026-01-06 11:17:34.425077+00:00,154.173,0.16,0.15,0.17,0.84,0.83,0.85,,,,
2026-01-06 11:17:35.134000+00:00,2026-01-06 11:17:35.433837+00:00,155.134,0.15,0.14,0.16,0.85,0.84,0.86,,,,
2026-01-06 11:17:36.117000+00:00,2026-01-06 11:17:36.445942+00:00,156.117,0.145,0.14,0.15,0.855,0.85,0.86,,,,
2026-01-06 11:17:37.173000+00:00,2026-01-06 11:17:37.459872+00:00,157.173,0.135,0.13,0.14,0.865,0.86,0.87,,,,
2026-01-06 11:17:38.214000+00:00,2026-01-06 11:17:38.483600+00:00,158.214,0.135,0.13,0.14,0.865,0.86,0.87,,,,
2026-01-06 11:17:39.200000+00:00,2026-01-06 11:17:39.495557+00:00,159.2,0.135,0.13,0.14,0.865,0.86,0.87,,,,
2026-01-06 11:17:40.187000+00:00,2026-01-06 11:17:40.509701+00:00,160.187,0.135,0.13,0.14,0.865,0.86,0.87,,,,
2026-01-06 11:17:41.215000+00:00,2026-01-06 11:17:41.500377+00:00,161.215,0.145,0.13,0.16,0.85,0.84,0.86,,,,
2026-01-06 11:17:42.239000+00:00,2026-01-06 11:17:42.493399+00:00,162.239,0.145,0.13,0.16,0.855,0.84,0.87,,,,
2026-01-06 11:17:43.161000+00:00,2026-01-06 11:17:43.501340+00:00,163.161,0.14,0.13,0.15,0.86,0.85,0.87,,,,
2026-01-06 11:17:44.195000+00:00,2026-01-06 11:17:44.500010+00:00,164.195,0.155,0.15,0.16,0.86,0.85,0.87,,,,
2026-01-06 11:17:45.258000+00:00,2026-01-06 11:17:45.497571+00:00,165.258,0.14,0.13,0.15,0.865,0.85,0.88,,,,
2026-01-06 11:17:46.042000+00:00,2026-01-06 11:17:46.513965+00:00,166.042,0.13,0.12,0.14,0.87,0.86,0.88,,,,
2026-01-06 11:17:47.083000+00:00,2026-01-06 11:17:47.521878+00:00,167.083,0.13,0.12,0.14,0.87,0.86,0.88,,,,
2026-01-06 11:17:48.223000+00:00,2026-01-06 11:17:48.517648+00:00,168.223,0.135,0.13,0.14,0.865,0.86,0.87,,,,
2026-01-06 11:17:49.357000+00:00,2026-01-06 11:17:49.535259+00:00,169.357,0.13,0.12,0.14,0.87,0.86,0.88,,,,
2026-01-06 11:17:50.214000+00:00,2026-01-06 11:17:50.542926+00:00,170.214,0.13,0.12,0.14,0.87,0.86,0.88,,,,
2026-01-06 11:17:51.157000+00:00,2026-01-06 11:17:51.559882+00:00,171.157,0.13,0.12,0.14,0.87,0.86,0.88,,,,
2026-01-06 11:17:52.291000+00:00,2026-01-06 11:17:52.567074+00:00,172.291,0.13,0.12,0.14,0.87,0.86,0.88,,,,
2026-01-06 11:17:53.329000+00:00,2026-01-06 11:17:53.574781+00:00,173.329,0.135,0.13,0.14,0.865,0.86,0.87,,,,
2026-01-06 11:17:54.262000+00:00,2026-01-06 11:17:54.583897+00:00,174.262,0.145,0.14,0.15,0.855,0.85,0.86,,,,
2026-01-06 11:17:55.176000+00:00,2026-01-06 11:17:55.591296+00:00,175.176,0.145,0.14,0.15,0.855,0.85,0.86,,,,
2026-01-06 11:17:56.294000+00:00,2026-01-06 11:17:56.609602+00:00,176.294,0.14,0.13,0.15,0.86,0.85,0.87,,,,
2026-01-06 11:17:57.299000+00:00,2026-01-06 11:17:57.629779+00:00,177.299,0.145,0.14,0.15,0.855,0.85,0.86,,,,
2026-01-06 11:17:58.362000+00:00,2026-01-06 11:17:58.657667+00:00,178.362,0.155,0.15,0.16,0.845,0.84,0.85,,,,
2026-01-06 11:17:59.384000+00:00,2026-01-06 11:17:59.646882+00:00,179.384,0.155,0.15,0.16,0.845,0.84,0.85,,,,
2026-01-06 11:18:00.401000+00:00,2026-01-06 11:18:00.671743+00:00,180.401,0.155,0.15,0.16,0.845,0.84,0.85,,,,
2026-01-06 11:18:01.389000+00:00,2026-01-06 11:18:01.697187+00:00,181.389,0.15,0.14,0.16,0.85,0.84,0.86,,,,
2026-01-06 11:18:02.448000+00:00,2026-01-06 11:18:02.705339+00:00,182.448,0.155,0.15,0.16,0.845,0.84,0.85,,,,
2026-01-06 11:18:03.270000+00:00,2026-01-06 11:18:03.711070+00:00,183.27,0.16,0.15,0.17,0.84,0.83,0.85,,,,
2026-01-06 11:18:04.402000+00:00,2026-01-06 11:18:04.713142+00:00,184.402,0.16,0.15,0.17,0.84,0.83,0.85,,,,
2026-01-06 11:18:05.231000+00:00,2026-01-06 11:18:05.723259+00:00,185.231,0.16,0.15,0.17,0.84,0.83,0.85,,,,
2026-01-06 11:18:06.461000+00:00,2026-01-06 11:18:06.734710+00:00,186.461,0.1699999999999999,0.16,0.18,0.825,0.82,0.83,,,,
2026-01-06 11:18:07.535000+00:00,2026-01-06 11:18:07.741320+00:00,187.535,0.205,0.2,0.21,0.795,0.79,0.8,,,,
2026-01-06 11:18:08.482000+00:00,2026-01-06 11:18:08.759557+00:00,188.482,0.165,0.16,0.17,0.835,0.83,0.84,,,,
2026-01-06 11:18:09.758000+00:00,2026-01-06 11:18:09.783130+00:00,189.758,0.155,0.15,0.16,0.845,0.84,0.85,,,,
2026-01-06 11:18:10.468000+00:00,2026-01-06 11:18:10.780034+00:00,190.468,0.16,0.15,0.17,0.84,0.83,0.85,,,,
2026-01-06 11:18:11.507000+00:00,2026-01-06 11:18:11.780194+00:00,191.507,0.165,0.16,0.17,0.835,0.83,0.84,,,,
2026-01-06 11:18:12.498000+00:00,2026-01-06 11:18:12.781330+00:00,192.498,0.185,0.18,0.19,0.815,0.81,0.82,,,,
2026-01-06 11:18:13.532000+00:00,2026-01-06 11:18:13.797733+00:00,193.532,0.185,0.18,0.19,0.815,0.81,0.82,,,,
2026-01-06 11:18:14.511000+00:00,2026-01-06 11:18:14.797941+00:00,194.511,0.175,0.17,0.18,0.825,0.82,0.83,,,,
2026-01-06 11:18:15.494000+00:00,2026-01-06 11:18:15.813937+00:00,195.494,0.1699999999999999,0.16,0.18,0.83,0.82,0.84,,,,
2026-01-06 11:18:16.602000+00:00,2026-01-06 11:18:16.815297+00:00,196.602,0.165,0.16,0.17,0.835,0.83,0.84,,,,
2026-01-06 11:18:17.502000+00:00,2026-01-06 11:18:17.830502+00:00,197.502,0.165,0.16,0.17,0.835,0.83,0.84,,,,
2026-01-06 11:18:18.552000+00:00,2026-01-06 11:18:18.846259+00:00,198.552,0.165,0.16,0.17,0.835,0.83,0.84,,,,
2026-01-06 11:18:19.557000+00:00,2026-01-06 11:18:19.864722+00:00,199.557,0.165,0.16,0.17,0.835,0.83,0.84,,,,
2026-01-06 11:18:20.477000+00:00,2026-01-06 11:18:20.863186+00:00,200.477,0.165,0.16,0.17,0.835,0.83,0.84,,,,
2026-01-06 11:18:21.246000+00:00,2026-01-06 11:18:21.874906+00:00,201.246,0.165,0.16,0.17,0.835,0.83,0.84,,,,
2026-01-06 11:18:22.615000+00:00,2026-01-06 11:18:22.886052+00:00,202.615,0.165,0.16,0.17,0.825,0.82,0.83,,,,
2026-01-06 11:18:23.657000+00:00,2026-01-06 11:18:23.896341+00:00,203.657,0.175,0.17,0.18,0.825,0.82,0.83,,,,
2026-01-06 11:18:24.601000+00:00,2026-01-06 11:18:24.900030+00:00,204.601,0.175,0.17,0.18,0.83,0.82,0.84,,,,
2026-01-06 11:18:25.580000+00:00,2026-01-06 11:18:25.913101+00:00,205.58,0.175,0.17,0.18,0.825,0.82,0.83,,,,
2026-01-06 11:18:26.649000+00:00,2026-01-06 11:18:26.932539+00:00,206.649,0.185,0.18,0.19,0.81,0.8,0.82,,,,
2026-01-06 11:18:27.656000+00:00,2026-01-06 11:18:27.949593+00:00,207.656,0.205,0.2,0.21,0.795,0.79,0.8,,,,
2026-01-06 11:18:28.664000+00:00,2026-01-06 11:18:28.961895+00:00,208.664,0.215,0.21,0.22,0.77,0.76,0.78,,,,
2026-01-06 11:18:29.452000+00:00,2026-01-06 11:18:29.963489+00:00,209.452,0.2299999999999999,0.22,0.24,0.77,0.76,0.78,,,,
2026-01-06 11:18:30.706000+00:00,2026-01-06 11:18:30.978166+00:00,210.706,0.22,0.21,0.23,0.785,0.78,0.79,,,,
2026-01-06 11:18:31.648000+00:00,2026-01-06 11:18:31.995116+00:00,211.648,0.215,0.21,0.22,0.785,0.78,0.79,,,,
2026-01-06 11:18:32.742000+00:00,2026-01-06 11:18:33.000917+00:00,212.742,0.215,0.21,0.22,0.785,0.78,0.79,,,,
2026-01-06 11:18:33.627000+00:00,2026-01-06 11:18:34.004594+00:00,213.627,0.215,0.21,0.22,0.785,0.78,0.79,,,,
2026-01-06 11:18:34.591000+00:00,2026-01-06 11:18:34.999150+00:00,214.591,0.215,0.21,0.22,0.785,0.78,0.79,,,,
2026-01-06 11:18:35.740000+00:00,2026-01-06 11:18:36.014858+00:00,215.74,0.215,0.21,0.22,0.785,0.78,0.79,,,,
2026-01-06 11:18:36.736000+00:00,2026-01-06 11:18:37.015593+00:00,216.736,0.215,0.21,0.22,0.785,0.78,0.79,,,,
2026-01-06 11:18:37.475000+00:00,2026-01-06 11:18:38.027387+00:00,217.475,0.215,0.21,0.22,0.785,0.78,0.79,,,,
2026-01-06 11:18:38.756000+00:00,2026-01-06 11:18:39.030536+00:00,218.756,0.205,0.2,0.21,0.795,0.79,0.8,,,,
2026-01-06 11:18:39.745000+00:00,2026-01-06 11:18:40.048396+00:00,219.745,0.205,0.2,0.21,0.795,0.79,0.8,,,,
2026-01-06 11:18:40.744000+00:00,2026-01-06 11:18:41.047463+00:00,220.744,0.205,0.2,0.21,0.795,0.79,0.8,,,,
2026-01-06 11:18:41.705000+00:00,2026-01-06 11:18:42.049832+00:00,221.705,0.205,0.2,0.21,0.795,0.79,0.8,,,,
2026-01-06 11:18:42.642000+00:00,2026-01-06 11:18:43.059298+00:00,222.642,0.205,0.2,0.21,0.795,0.79,0.8,,,,
2026-01-06 11:18:43.667000+00:00,2026-01-06 11:18:44.068129+00:00,223.667,0.21,0.2,0.22,0.79,0.78,0.8,,,,
2026-01-06 11:18:44.786000+00:00,2026-01-06 11:18:45.061412+00:00,224.786,0.215,0.21,0.22,0.785,0.78,0.79,,,,
2026-01-06 11:18:45.791000+00:00,2026-01-06 11:18:46.062682+00:00,225.791,0.215,0.21,0.22,0.79,0.78,0.8,,,,
2026-01-06 11:18:46.400000+00:00,2026-01-06 11:18:47.060656+00:00,226.4,0.21,0.2,0.22,0.79,0.78,0.8,,,,
2026-01-06 11:18:47.071000+00:00,2026-01-06 11:18:48.080637+00:00,227.071,0.21,0.2,0.22,0.79,0.78,0.8,,,,
2026-01-06 11:18:48.547000+00:00,2026-01-06 11:18:49.095172+00:00,228.547,0.21,0.2,0.22,0.79,0.78,0.8,,,,
2026-01-06 11:18:49.813000+00:00,2026-01-06 11:18:50.092527+00:00,229.813,0.21,0.2,0.22,0.79,0.78,0.8,,,,
2026-01-06 11:18:50.764000+00:00,2026-01-06 11:18:51.095639+00:00,230.764,0.21,0.2,0.22,0.79,0.78,0.8,,,,
2026-01-06 11:18:51.731000+00:00,2026-01-06 11:18:52.107381+00:00,231.731,0.21,0.2,0.22,0.79,0.78,0.8,,,,
2026-01-06 11:18:52.855000+00:00,2026-01-06 11:18:53.132915+00:00,232.855,0.215,0.21,0.22,0.79,0.78,0.8,,,,
2026-01-06 11:18:53.572000+00:00,2026-01-06 11:18:54.148962+00:00,233.572,0.21,0.2,0.22,0.785,0.78,0.79,,,,
2026-01-06 11:18:54.772000+00:00,2026-01-06 11:18:55.179159+00:00,234.772,0.22,0.21,0.23,0.775,0.77,0.78,,,,
2026-01-06 11:18:55.914000+00:00,2026-01-06 11:18:56.178583+00:00,235.914,0.245,0.24,0.25,0.755,0.75,0.76,,,,
2026-01-06 11:18:56.890000+00:00,2026-01-06 11:18:57.171991+00:00,236.89,0.245,0.24,0.25,0.755,0.75,0.76,,,,
2026-01-06 11:18:57.877000+00:00,2026-01-06 11:18:58.170573+00:00,237.877,0.245,0.24,0.25,0.755,0.75,0.76,,,,
2026-01-06 11:18:58.700000+00:00,2026-01-06 11:18:59.187842+00:00,238.7,0.24,0.23,0.25,0.755,0.75,0.76,,,,
2026-01-06 11:18:59.906000+00:00,2026-01-06 11:19:00.195137+00:00,239.906,0.245,0.24,0.25,0.755,0.75,0.76,,,,
2026-01-06 11:19:00.907000+00:00,2026-01-06 11:19:01.190152+00:00,240.907,0.265,0.26,0.27,0.73,0.72,0.74,,,,
2026-01-06 11:19:01.859000+00:00,2026-01-06 11:19:02.196492+00:00,241.859,0.27,0.26,0.28,0.73,0.72,0.74,,,,
2026-01-06 11:19:02.911000+00:00,2026-01-06 11:19:03.189026+00:00,242.911,0.27,0.26,0.28,0.73,0.72,0.74,,,,
2026-01-06 11:19:03.917000+00:00,2026-01-06 11:19:04.197290+00:00,243.917,0.295,0.29,0.3,0.705,0.7,0.71,,,,
2026-01-06 11:19:04.827000+00:00,2026-01-06 11:19:05.207112+00:00,244.827,0.295,0.29,0.3,0.71,0.7,0.72,,,,
2026-01-06 11:19:05.943000+00:00,2026-01-06 11:19:06.216428+00:00,245.943,0.29,0.28,0.3,0.71,0.7,0.72,,,,
2026-01-06 11:19:06.951000+00:00,2026-01-06 11:19:07.224704+00:00,246.951,0.285,0.28,0.29,0.715,0.71,0.72,,,,
2026-01-06 11:19:07.891000+00:00,2026-01-06 11:19:08.230644+00:00,247.891,0.28,0.27,0.29,0.72,0.71,0.73,,,,
2026-01-06 11:19:08.912000+00:00,2026-01-06 11:19:09.236221+00:00,248.912,0.28,0.27,0.29,0.72,0.71,0.73,,,,
2026-01-06 11:19:09.980000+00:00,2026-01-06 11:19:10.252433+00:00,249.98,0.28,0.27,0.29,0.72,0.71,0.73,,,,
2026-01-06 11:19:10.931000+00:00,2026-01-06 11:19:11.261528+00:00,250.931,0.275,0.27,0.28,0.725,0.72,0.73,,,,
2026-01-06 11:19:11.984000+00:00,2026-01-06 11:19:12.261437+00:00,251.984,0.275,0.27,0.28,0.725,0.72,0.73,,,,
2026-01-06 11:19:12.998000+00:00,2026-01-06 11:19:13.272107+00:00,252.998,0.255,0.25,0.26,0.745,0.74,0.75,,,,
2026-01-06 11:19:14.011000+00:00,2026-01-06 11:19:14.289672+00:00,254.011,0.265,0.26,0.27,0.735,0.73,0.74,,,,
2026-01-06 11:19:15.036000+00:00,2026-01-06 11:19:15.300523+00:00,255.036,0.265,0.26,0.27,0.735,0.73,0.74,,,,
2026-01-06 11:19:16.979000+00:00,2026-01-06 11:19:17.338220+00:00,256.979,0.26,0.25,0.27,0.74,0.73,0.75,,,,
2026-01-06 11:19:18+00:00,2026-01-06 11:19:18.349007+00:00,258.0,0.255,0.25,0.26,0.745,0.74,0.75,,,,
2026-01-06 11:19:19.092000+00:00,2026-01-06 11:19:19.360243+00:00,259.092,0.255,0.25,0.26,0.745,0.74,0.75,,,,
2026-01-06 11:19:20.077000+00:00,2026-01-06 11:19:20.361388+00:00,260.077,0.255,0.25,0.26,0.745,0.74,0.75,,,,
2026-01-06 11:19:21.858000+00:00,2026-01-06 11:19:22.371657+00:00,261.858,0.26,0.25,0.27,0.74,0.73,0.75,,,,
2026-01-06 11:19:23.100000+00:00,2026-01-06 11:19:23.392569+00:00,263.1,0.26,0.25,0.27,0.74,0.73,0.75,,,,
2026-01-06 11:19:24.118000+00:00,2026-01-06 11:19:24.393482+00:00,264.118,0.255,0.25,0.26,0.745,0.74,0.75,,,,
2026-01-06 11:19:25.136000+00:00,2026-01-06 11:19:25.404772+00:00,265.136,0.235,0.23,0.24,0.775,0.77,0.78,,,,
2026-01-06 11:19:26.077000+00:00,2026-01-06 11:19:26.410996+00:00,266.077,0.215,0.21,0.22,0.785,0.78,0.79,,,,
2026-01-06 11:19:27.456000+00:00,2026-01-06 11:19:27.429643+00:00,267.456,0.205,0.2,0.21,0.795,0.79,0.8,,,,
2026-01-06 11:19:28.057000+00:00,2026-01-06 11:19:28.437191+00:00,268.057,0.2,0.19,0.21,0.8,0.79,0.81,,,,
2026-01-06 11:19:29.197000+00:00,2026-01-06 11:19:29.459796+00:00,269.197,0.2,0.19,0.21,0.8,0.79,0.81,,,,
2026-01-06 11:19:30.254000+00:00,2026-01-06 11:19:30.477501+00:00,270.254,0.2,0.19,0.21,0.795,0.79,0.8,,,,
2026-01-06 11:19:31.113000+00:00,2026-01-06 11:19:31.477356+00:00,271.113,0.215,0.21,0.22,0.785,0.78,0.79,,,,
2026-01-06 11:19:32.217000+00:00,2026-01-06 11:19:32.478231+00:00,272.217,0.205,0.2,0.21,0.795,0.79,0.8,,,,
2026-01-06 11:19:33.217000+00:00,2026-01-06 11:19:33.489365+00:00,273.217,0.195,0.19,0.2,0.805,0.8,0.81,,,,
2026-01-06 11:19:34.230000+00:00,2026-01-06 11:19:34.498495+00:00,274.23,0.19,0.18,0.2,0.8049999999999999,0.79,0.82,,,,
2026-01-06 11:19:35.188000+00:00,2026-01-06 11:19:35.509685+00:00,275.188,0.195,0.19,0.2,0.805,0.8,0.81,,,,
2026-01-06 11:19:36.197000+00:00,2026-01-06 11:19:36.527218+00:00,276.197,0.195,0.19,0.2,0.805,0.8,0.81,,,,
2026-01-06 11:19:37.255000+00:00,2026-01-06 11:19:37.531537+00:00,277.255,0.205,0.2,0.21,0.795,0.79,0.8,,,,
2026-01-06 11:19:38.284000+00:00,2026-01-06 11:19:38.542310+00:00,278.284,0.205,0.2,0.21,0.795,0.79,0.8,,,,
2026-01-06 11:19:39.090000+00:00,2026-01-06 11:19:39.546537+00:00,279.09,0.205,0.2,0.21,0.795,0.79,0.8,,,,
2026-01-06 11:19:40.343000+00:00,2026-01-06 11:19:40.559598+00:00,280.343,0.235,0.23,0.24,0.765,0.76,0.77,,,,
2026-01-06 11:19:41.300000+00:00,2026-01-06 11:19:41.576900+00:00,281.3,0.225,0.22,0.23,0.785,0.78,0.79,,,,
2026-01-06 11:19:42.315000+00:00,2026-01-06 11:19:42.594382+00:00,282.315,0.215,0.21,0.22,0.785,0.78,0.79,,,,
2026-01-06 11:19:43.320000+00:00,2026-01-06 11:19:43.609610+00:00,283.32,0.215,0.21,0.22,0.785,0.78,0.79,,,,
2026-01-06 11:19:44.277000+00:00,2026-01-06 11:19:44.627471+00:00,284.277,0.215,0.21,0.22,0.785,0.78,0.79,,,,
2026-01-06 11:19:45.295000+00:00,2026-01-06 11:19:45.642293+00:00,285.295,0.215,0.21,0.22,0.785,0.78,0.79,,,,
2026-01-06 11:19:46.408000+00:00,2026-01-06 11:19:46.659499+00:00,286.408,0.215,0.21,0.22,0.785,0.78,0.79,,,,
2026-01-06 11:19:47.406000+00:00,2026-01-06 11:19:47.659537+00:00,287.406,0.215,0.21,0.22,0.785,0.78,0.79,,,,
2026-01-06 11:19:48.962000+00:00,2026-01-06 11:19:49.694230+00:00,288.962,0.215,0.21,0.22,0.785,0.78,0.79,,,,
2026-01-06 11:19:50.192000+00:00,2026-01-06 11:19:50.703929+00:00,290.192,0.215,0.21,0.22,0.785,0.78,0.79,,,,
2026-01-06 11:19:51.307000+00:00,2026-01-06 11:19:51.708348+00:00,291.307,0.215,0.21,0.22,0.785,0.78,0.79,,,,
2026-01-06 11:19:52.429000+00:00,2026-01-06 11:19:52.718493+00:00,292.429,0.2,0.19,0.21,0.795,0.79,0.8,,,,
2026-01-06 11:19:53.430000+00:00,2026-01-06 11:19:53.729551+00:00,293.43,0.205,0.2,0.21,0.795,0.79,0.8,,,,
2026-01-06 11:19:54.502000+00:00,2026-01-06 11:19:54.744342+00:00,294.502,0.205,0.2,0.21,0.795,0.79,0.8,,,,
2026-01-06 11:19:55.502000+00:00,2026-01-06 11:19:55.751824+00:00,295.502,0.205,0.2,0.21,0.795,0.79,0.8,,,,
2026-01-06 11:19:56.496000+00:00,2026-01-06 11:19:56.771037+00:00,296.496,0.215,0.21,0.22,0.785,0.78,0.79,,,,
2026-01-06 11:19:57.456000+00:00,2026-01-06 11:19:57.777040+00:00,297.456,0.215,0.21,0.22,0.785,0.78,0.79,,,,
2026-01-06 11:19:58.472000+00:00,2026-01-06 11:19:58.792343+00:00,298.472,0.215,0.21,0.22,0.785,0.78,0.79,,,,
2026-01-06 11:19:59.385000+00:00,2026-01-06 11:19:59.808307+00:00,299.385,0.215,0.21,0.22,0.785,0.78,0.79,,,,
2026-01-06 11:20:00.518000+00:00,2026-01-06 11:20:00.813214+00:00,300.518,0.22,0.21,0.23,0.78,0.77,0.79,,,,
2026-01-06 11:20:01.523000+00:00,2026-01-06 11:20:01.808820+00:00,301.523,0.225,0.22,0.23,0.755,0.75,0.76,,,,
2026-01-06 11:20:02.572000+00:00,2026-01-06 11:20:02.822092+00:00,302.572,0.255,0.25,0.26,0.75,0.74,0.76,,,,
2026-01-06 11:20:03.570000+00:00,2026-01-06 11:20:03.838673+00:00,303.57,0.26,0.25,0.27,0.74,0.73,0.75,,,,
2026-01-06 11:20:04.602000+00:00,2026-01-06 11:20:04.848786+00:00,304.602,0.265,0.26,0.27,0.735,0.73,0.74,,,,
2026-01-06 11:20:05.487000+00:00,2026-01-06 11:20:05.857987+00:00,305.487,0.26,0.25,0.27,0.74,0.73,0.75,,,,
2026-01-06 11:20:06.452000+00:00,2026-01-06 11:20:06.870694+00:00,306.452,0.255,0.25,0.26,0.745,0.74,0.75,,,,
2026-01-06 11:20:07.578000+00:00,2026-01-06 11:20:07.891809+00:00,307.578,0.255,0.25,0.26,0.755,0.75,0.76,,,,
2026-01-06 11:20:08.604000+00:00,2026-01-06 11:20:08.898335+00:00,308.604,0.245,0.24,0.25,0.755,0.75,0.76,,,,
2026-01-06 11:20:09.617000+00:00,2026-01-06 11:20:09.912116+00:00,309.617,0.25,0.24,0.26,0.755,0.74,0.77,,,,
2026-01-06 11:20:10.477000+00:00,2026-01-06 11:20:10.911564+00:00,310.477,0.24,0.23,0.25,0.76,0.75,0.77,,,,
2026-01-06 11:20:11.637000+00:00,2026-01-06 11:20:11.925781+00:00,311.637,0.24,0.23,0.25,0.76,0.75,0.77,,,,
2026-01-06 11:20:12.701000+00:00,2026-01-06 11:20:12.935899+00:00,312.701,0.24,0.23,0.25,0.76,0.75,0.77,,,,
2026-01-06 11:20:13.529000+00:00,2026-01-06 11:20:13.953348+00:00,313.529,0.24,0.23,0.25,0.76,0.75,0.77,,,,
2026-01-06 11:20:14.683000+00:00,2026-01-06 11:20:14.962439+00:00,314.683,0.235,0.23,0.24,0.765,0.76,0.77,,,,
2026-01-06 11:20:15.762000+00:00,2026-01-06 11:20:15.961040+00:00,315.762,0.235,0.23,0.24,0.755,0.75,0.76,,,,
2026-01-06 11:20:16.203000+00:00,2026-01-06 11:20:16.958333+00:00,316.203,0.24,0.23,0.25,0.76,0.75,0.77,,,,
2026-01-06 11:20:17.577000+00:00,2026-01-06 11:20:17.958028+00:00,317.577,0.24,0.23,0.25,0.76,0.75,0.77,,,,
2026-01-06 11:20:18.596000+00:00,2026-01-06 11:20:18.976500+00:00,318.596,0.24,0.23,0.25,0.76,0.75,0.77,,,,
2026-01-06 11:20:19.699000+00:00,2026-01-06 11:20:19.975511+00:00,319.699,0.24,0.23,0.25,0.76,0.75,0.77,,,,
2026-01-06 11:20:20.719000+00:00,2026-01-06 11:20:20.990560+00:00,320.719,0.235,0.23,0.24,0.765,0.76,0.77,,,,
2026-01-06 11:20:21.721000+00:00,2026-01-06 11:20:22.006978+00:00,321.721,0.235,0.23,0.24,0.765,0.76,0.77,,,,
2026-01-06 11:20:22.730000+00:00,2026-01-06 11:20:23.012623+00:00,322.73,0.235,0.23,0.24,0.765,0.76,0.77,,,,
2026-01-06 11:20:23.415000+00:00,2026-01-06 11:20:24.011589+00:00,323.415,0.235,0.23,0.24,0.765,0.76,0.77,,,,
2026-01-06 11:20:24.713000+00:00,2026-01-06 11:20:25.011694+00:00,324.713,0.235,0.23,0.24,0.77,0.76,0.78,,,,
2026-01-06 11:20:25.722000+00:00,2026-01-06 11:20:27.024437+00:00,325.722,0.2299999999999999,0.22,0.24,0.77,0.76,0.78,,,,
2026-01-06 11:20:27.715000+00:00,2026-01-06 11:20:28.041339+00:00,327.715,0.2299999999999999,0.22,0.24,0.77,0.76,0.78,,,,
2026-01-06 11:20:28.759000+00:00,2026-01-06 11:20:29.035474+00:00,328.759,0.2299999999999999,0.22,0.24,0.77,0.76,0.78,,,,
2026-01-06 11:20:29.680000+00:00,2026-01-06 11:20:30.041450+00:00,329.68,0.2299999999999999,0.22,0.24,0.77,0.76,0.78,,,,
2026-01-06 11:20:30.733000+00:00,2026-01-06 11:20:31.045950+00:00,330.733,0.225,0.22,0.23,0.77,0.76,0.78,,,,
2026-01-06 11:20:31.829000+00:00,2026-01-06 11:20:32.057977+00:00,331.829,0.2299999999999999,0.22,0.24,0.77,0.76,0.78,,,,
2026-01-06 11:20:32.802000+00:00,2026-01-06 11:20:33.075872+00:00,332.802,0.225,0.22,0.23,0.775,0.77,0.78,,,,
2026-01-06 11:20:33.805000+00:00,2026-01-06 11:20:34.083011+00:00,333.805,0.215,0.21,0.22,0.785,0.78,0.79,,,,
2026-01-06 11:20:34.805000+00:00,2026-01-06 11:20:35.086294+00:00,334.805,0.205,0.2,0.21,0.795,0.79,0.8,,,,
2026-01-06 11:20:35.703000+00:00,2026-01-06 11:20:36.111989+00:00,335.703,0.205,0.2,0.21,0.795,0.79,0.8,,,,
2026-01-06 11:20:36.801000+00:00,2026-01-06 11:20:37.129776+00:00,336.801,0.205,0.2,0.21,0.795,0.79,0.8,,,,
2026-01-06 11:20:37.789000+00:00,2026-01-06 11:20:38.120981+00:00,337.789,0.21,0.2,0.22,0.79,0.78,0.8,,,,
2026-01-06 11:20:38.822000+00:00,2026-01-06 11:20:39.140850+00:00,338.822,0.205,0.2,0.21,0.795,0.79,0.8,,,,
2026-01-06 11:20:39.803000+00:00,2026-01-06 11:20:40.143638+00:00,339.803,0.21,0.2,0.22,0.79,0.78,0.8,,,,
2026-01-06 11:20:40.701000+00:00,2026-01-06 11:20:41.162356+00:00,340.701,0.21,0.2,0.22,0.79,0.78,0.8,,,,
2026-01-06 11:20:41.726000+00:00,2026-01-06 11:20:42.175829+00:00,341.726,0.21,0.2,0.22,0.79,0.78,0.8,,,,
2026-01-06 11:20:42.750000+00:00,2026-01-06 11:20:43.174828+00:00,342.75,0.215,0.21,0.22,0.785,0.78,0.79,,,,
2026-01-06 11:20:43.878000+00:00,2026-01-06 11:20:44.189538+00:00,343.878,0.215,0.21,0.22,0.785,0.78,0.79,,,,
2026-01-06 11:20:44.750000+00:00,2026-01-06 11:20:45.189452+00:00,344.75,0.215,0.21,0.22,0.79,0.78,0.8,,,,
2026-01-06 11:20:45.801000+00:00,2026-01-06 11:20:46.193662+00:00,345.801,0.215,0.21,0.22,0.785,0.78,0.79,,,,
2026-01-06 11:20:46.921000+00:00,2026-01-06 11:20:47.206923+00:00,346.921,0.215,0.21,0.22,0.775,0.77,0.78,,,,
2026-01-06 11:20:47.922000+00:00,2026-01-06 11:20:48.233490+00:00,347.922,0.245,0.24,0.25,0.755,0.75,0.76,,,,
2026-01-06 11:20:48.896000+00:00,2026-01-06 11:20:49.233033+00:00,348.896,0.24,0.23,0.25,0.76,0.75,0.77,,,,
2026-01-06 11:20:49.829000+00:00,2026-01-06 11:20:50.230931+00:00,349.829,0.245,0.24,0.25,0.755,0.75,0.76,,,,
2026-01-06 11:20:50.742000+00:00,2026-01-06 11:20:51.240399+00:00,350.742,0.245,0.24,0.25,0.755,0.75,0.76,,,,
2026-01-06 11:20:51.933000+00:00,2026-01-06 11:20:52.251088+00:00,351.933,0.245,0.24,0.25,0.76,0.75,0.77,,,,
2026-01-06 11:20:52.943000+00:00,2026-01-06 11:20:53.241471+00:00,352.943,0.235,0.23,0.24,0.765,0.76,0.77,,,,
2026-01-06 11:20:53.972000+00:00,2026-01-06 11:20:54.296229+00:00,353.972,0.235,0.23,0.24,0.765,0.76,0.77,,,,
2026-01-06 11:20:55.018000+00:00,2026-01-06 11:20:55.303223+00:00,355.018,0.235,0.23,0.24,0.765,0.76,0.77,,,,
2026-01-06 11:20:56.039000+00:00,2026-01-06 11:20:56.318687+00:00,356.039,0.215,0.21,0.22,0.785,0.78,0.79,,,,
2026-01-06 11:20:57.864000+00:00,2026-01-06 11:20:58.323884+00:00,357.864,0.205,0.2,0.21,0.795,0.79,0.8,,,,
2026-01-06 11:20:58.827000+00:00,2026-01-06 11:20:59.334809+00:00,358.827,0.205,0.2,0.21,0.795,0.79,0.8,,,,
2026-01-06 11:21:00.069000+00:00,2026-01-06 11:21:00.342866+00:00,360.069,0.195,0.19,0.2,0.805,0.8,0.81,,,,
2026-01-06 11:21:01.074000+00:00,2026-01-06 11:21:01.351497+00:00,361.074,0.185,0.18,0.19,0.825,0.82,0.83,,,,
2026-01-06 11:21:02.054000+00:00,2026-01-06 11:21:02.350476+00:00,362.054,0.16,0.15,0.17,0.84,0.83,0.85,,,,
2026-01-06 11:21:03.956000+00:00,2026-01-06 11:21:04.368441+00:00,363.956,0.155,0.15,0.16,0.845,0.84,0.85,,,,
2026-01-06 11:21:05.989000+00:00,2026-01-06 11:21:06.371729+00:00,365.989,0.145,0.14,0.15,0.855,0.85,0.86,,,,
2026-01-06 11:21:07.017000+00:00,2026-01-06 11:21:07.373828+00:00,367.017,0.155,0.15,0.16,0.845,0.84,0.85,,,,
2026-01-06 11:21:08.033000+00:00,2026-01-06 11:21:08.387314+00:00,368.033,0.155,0.15,0.16,0.845,0.84,0.85,,,,
2026-01-06 11:21:09.127000+00:00,2026-01-06 11:21:09.407962+00:00,369.127,0.15,0.14,0.16,0.855,0.85,0.86,,,,
2026-01-06 11:21:10.089000+00:00,2026-01-06 11:21:10.420707+00:00,370.089,0.125,0.12,0.13,0.875,0.87,0.88,,,,
2026-01-06 11:21:11.091000+00:00,2026-01-06 11:21:11.444917+00:00,371.091,0.1149999999999999,0.11,0.12,0.885,0.88,0.89,,,,
2026-01-06 11:21:12.163000+00:00,2026-01-06 11:21:12.457807+00:00,372.163,0.1149999999999999,0.11,0.12,0.885,0.88,0.89,,,,
2026-01-06 11:21:13.968000+00:00,2026-01-06 11:21:14.477764+00:00,373.968,0.095,0.09,0.1,0.905,0.9,0.91,,,,
2026-01-06 11:21:15.188000+00:00,2026-01-06 11:21:15.489308+00:00,375.188,0.095,0.09,0.1,0.905,0.9,0.91,,,,
2026-01-06 11:21:16.067000+00:00,2026-01-06 11:21:16.500537+00:00,376.067,0.095,0.09,0.1,0.905,0.9,0.91,,,,
2026-01-06 11:21:17.225000+00:00,2026-01-06 11:21:17.508859+00:00,377.225,0.09,0.08,0.1,0.915,0.91,0.92,,,,
2026-01-06 11:21:18.194000+00:00,2026-01-06 11:21:18.509336+00:00,378.194,0.0849999999999999,0.08,0.09,0.915,0.91,0.92,,,,
2026-01-06 11:21:19.090000+00:00,2026-01-06 11:21:19.508151+00:00,379.09,0.0849999999999999,0.08,0.09,0.915,0.91,0.92,,,,
2026-01-06 11:21:20.169000+00:00,2026-01-06 11:21:20.511063+00:00,380.169,0.0849999999999999,0.08,0.09,0.915,0.91,0.92,,,,
2026-01-06 11:21:21.248000+00:00,2026-01-06 11:21:21.531544+00:00,381.248,0.0849999999999999,0.08,0.09,0.915,0.91,0.92,,,,
2026-01-06 11:21:22.175000+00:00,2026-01-06 11:21:22.549670+00:00,382.175,0.125,0.12,0.13,0.875,0.87,0.88,,,,
2026-01-06 11:21:23.275000+00:00,2026-01-06 11:21:23.566375+00:00,383.275,0.13,0.12,0.14,0.87,0.86,0.88,,,,
2026-01-06 11:21:24.296000+00:00,2026-01-06 11:21:24.573267+00:00,384.296,0.145,0.14,0.15,0.85,0.84,0.86,,,,
2026-01-06 11:21:25.174000+00:00,2026-01-06 11:21:25.589789+00:00,385.174,0.15,0.14,0.16,0.85,0.84,0.86,,,,
2026-01-06 11:21:26.237000+00:00,2026-01-06 11:21:26.602689+00:00,386.237,0.145,0.14,0.15,0.855,0.85,0.86,,,,
2026-01-06 11:21:27.318000+00:00,2026-01-06 11:21:27.604536+00:00,387.318,0.135,0.13,0.14,0.865,0.86,0.87,,,,
2026-01-06 11:21:28.105000+00:00,2026-01-06 11:21:28.622796+00:00,388.105,0.135,0.13,0.14,0.865,0.86,0.87,,,,
2026-01-06 11:21:29.366000+00:00,2026-01-06 11:21:29.634191+00:00,389.366,0.125,0.12,0.13,0.875,0.87,0.88,,,,
2026-01-06 11:21:30.341000+00:00,2026-01-06 11:21:30.650498+00:00,390.341,0.1149999999999999,0.11,0.12,0.885,0.88,0.89,,,,
2026-01-06 11:21:31.402000+00:00,2026-01-06 11:21:31.679439+00:00,391.402,0.125,0.12,0.13,0.875,0.87,0.88,,,,
2026-01-06 11:21:32.423000+00:00,2026-01-06 11:21:32.703187+00:00,392.423,0.165,0.16,0.17,0.835,0.83,0.84,,,,
2026-01-06 11:21:33.385000+00:00,2026-01-06 11:21:33.700187+00:00,393.385,0.165,0.16,0.17,0.835,0.83,0.84,,,,
2026-01-06 11:21:34.421000+00:00,2026-01-06 11:21:34.703935+00:00,394.421,0.19,0.18,0.2,0.81,0.8,0.82,,,,
2026-01-06 11:21:35.393000+00:00,2026-01-06 11:21:35.701249+00:00,395.393,0.185,0.18,0.19,0.815,0.81,0.82,,,,
2026-01-06 11:21:36.421000+00:00,2026-01-06 11:21:36.722173+00:00,396.421,0.185,0.18,0.19,0.815,0.81,0.82,,,,
2026-01-06 11:21:37.397000+00:00,2026-01-06 11:21:37.730555+00:00,397.397,0.185,0.18,0.19,0.815,0.81,0.82,,,,
2026-01-06 11:21:38.380000+00:00,2026-01-06 11:21:38.737574+00:00,398.38,0.185,0.18,0.19,0.815,0.81,0.82,,,,
2026-01-06 11:21:39.463000+00:00,2026-01-06 11:21:39.747077+00:00,399.463,0.185,0.18,0.19,0.815,0.81,0.82,,,,
2026-01-06 11:21:40.484000+00:00,2026-01-06 11:21:40.760089+00:00,400.484,0.195,0.19,0.2,0.805,0.8,0.81,,,,
2026-01-06 11:21:41.480000+00:00,2026-01-06 11:21:41.765210+00:00,401.48,0.195,0.19,0.2,0.805,0.8,0.81,,,,
2026-01-06 11:21:42.455000+00:00,2026-01-06 11:21:42.771151+00:00,402.455,0.2,0.19,0.21,0.8,0.79,0.81,,,,
2026-01-06 11:21:43.384000+00:00,2026-01-06 11:21:43.782907+00:00,403.384,0.2,0.19,0.21,0.8,0.79,0.81,,,,
2026-01-06 11:21:44.499000+00:00,2026-01-06 11:21:44.800052+00:00,404.499,0.2,0.19,0.21,0.8,0.79,0.81,,,,
2026-01-06 11:21:45.434000+00:00,2026-01-06 11:21:45.802547+00:00,405.434,0.2,0.19,0.21,0.8,0.79,0.81,,,,
2026-01-06 11:21:46.538000+00:00,2026-01-06 11:21:46.802409+00:00,406.538,0.205,0.2,0.21,0.795,0.79,0.8,,,,
2026-01-06 11:21:47.538000+00:00,2026-01-06 11:21:47.815548+00:00,407.538,0.205,0.2,0.21,0.795,0.79,0.8,,,,
2026-01-06 11:21:48.511000+00:00,2026-01-06 11:21:48.824178+00:00,408.511,0.235,0.23,0.24,0.765,0.76,0.77,,,,
2026-01-06 11:21:49.549000+00:00,2026-01-06 11:21:49.832891+00:00,409.549,0.235,0.23,0.24,0.765,0.76,0.77,,,,
2026-01-06 11:21:50.552000+00:00,2026-01-06 11:21:50.826121+00:00,410.552,0.235,0.23,0.24,0.765,0.76,0.77,,,,
2026-01-06 11:21:51.473000+00:00,2026-01-06 11:21:51.816732+00:00,411.473,0.225,0.22,0.23,0.785,0.78,0.79,,,,
2026-01-06 11:21:52.538000+00:00,2026-01-06 11:21:52.819108+00:00,412.538,0.185,0.18,0.19,0.815,0.81,0.82,,,,
2026-01-06 11:21:53.544000+00:00,2026-01-06 11:21:53.822689+00:00,413.544,0.16,0.15,0.17,0.845,0.84,0.85,,,,
2026-01-06 11:21:54.438000+00:00,2026-01-06 11:21:54.830807+00:00,414.438,0.145,0.14,0.15,0.855,0.85,0.86,,,,
2026-01-06 11:21:55.564000+00:00,2026-01-06 11:21:55.832313+00:00,415.564,0.145,0.14,0.15,0.855,0.85,0.86,,,,
2026-01-06 11:21:56.539000+00:00,2026-01-06 11:21:56.833445+00:00,416.539,0.145,0.14,0.15,0.855,0.85,0.86,,,,
2026-01-06 11:21:57.538000+00:00,2026-01-06 11:21:57.835505+00:00,417.538,0.135,0.12,0.15,0.87,0.86,0.88,,,,
2026-01-06 11:21:58.557000+00:00,2026-01-06 11:21:58.839298+00:00,418.557,0.135,0.13,0.14,0.865,0.86,0.87,,,,
2026-01-06 11:21:59.572000+00:00,2026-01-06 11:21:59.849126+00:00,419.572,0.155,0.15,0.16,0.845,0.84,0.85,,,,
2026-01-06 11:22:00.559000+00:00,2026-01-06 11:22:00.866665+00:00,420.559,0.15,0.14,0.16,0.855,0.85,0.86,,,,
2026-01-06 11:22:01.576000+00:00,2026-01-06 11:22:01.870880+00:00,421.576,0.145,0.14,0.15,0.855,0.85,0.86,,,,
2026-01-06 11:22:02.467000+00:00,2026-01-06 11:22:02.885381+00:00,422.467,0.14,0.13,0.15,0.86,0.85,0.87,,,,
2026-01-06 11:22:03.591000+00:00,2026-01-06 11:22:03.881353+00:00,423.591,0.145,0.14,0.15,0.855,0.85,0.86,,,,
2026-01-06 11:22:04.507000+00:00,2026-01-06 11:22:04.895269+00:00,424.507,0.145,0.14,0.15,0.855,0.85,0.86,,,,
2026-01-06 11:22:05.496000+00:00,2026-01-06 11:22:05.902911+00:00,425.496,0.135,0.13,0.14,0.865,0.86,0.87,,,,
2026-01-06 11:22:06.570000+00:00,2026-01-06 11:22:06.915758+00:00,426.57,0.14,0.13,0.15,0.86,0.85,0.87,,,,
2026-01-06 11:22:07.655000+00:00,2026-01-06 11:22:07.937696+00:00,427.655,0.135,0.13,0.14,0.865,0.86,0.87,,,,
2026-01-06 11:22:08.530000+00:00,2026-01-06 11:22:08.954295+00:00,428.53,0.145,0.14,0.15,0.855,0.85,0.86,,,,
2026-01-06 11:22:09.664000+00:00,2026-01-06 11:22:09.954303+00:00,429.664,0.14,0.13,0.15,0.86,0.85,0.87,,,,
2026-01-06 11:22:10.673000+00:00,2026-01-06 11:22:10.958396+00:00,430.673,0.14,0.13,0.15,0.86,0.85,0.87,,,,
2026-01-06 11:22:11.421000+00:00,2026-01-06 11:22:11.970257+00:00,431.421,0.14,0.13,0.15,0.86,0.85,0.87,,,,
2026-01-06 11:22:12.581000+00:00,2026-01-06 11:22:12.974506+00:00,432.581,0.14,0.13,0.15,0.86,0.85,0.87,,,,
2026-01-06 11:22:13.640000+00:00,2026-01-06 11:22:13.973612+00:00,433.64,0.14,0.13,0.15,0.86,0.85,0.87,,,,
2026-01-06 11:22:14.665000+00:00,2026-01-06 11:22:14.969434+00:00,434.665,0.125,0.11,0.14,0.88,0.87,0.89,,,,
2026-01-06 11:22:15.692000+00:00,2026-01-06 11:22:15.988183+00:00,435.692,0.1,0.09,0.11,0.895,0.89,0.9,,,,
2026-01-06 11:22:16.667000+00:00,2026-01-06 11:22:16.992902+00:00,436.667,0.09,0.08,0.1,0.91,0.9,0.92,,,,
2026-01-06 11:22:17.564000+00:00,2026-01-06 11:22:18.001066+00:00,437.564,0.095,0.08,0.11,0.905,0.89,0.92,,,,
2026-01-06 11:22:18.694000+00:00,2026-01-06 11:22:19.005184+00:00,438.694,0.0849999999999999,0.08,0.09,0.915,0.91,0.92,,,,
2026-01-06 11:22:19.737000+00:00,2026-01-06 11:22:20.026707+00:00,439.737,0.09,0.08,0.1,0.91,0.9,0.92,,,,
2026-01-06 11:22:20.751000+00:00,2026-01-06 11:22:21.037715+00:00,440.751,0.0849999999999999,0.08,0.09,0.915,0.91,0.92,,,,
2026-01-06 11:22:21.721000+00:00,2026-01-06 11:22:22.054409+00:00,441.721,0.0849999999999999,0.08,0.09,0.915,0.91,0.92,,,,
2026-01-06 11:22:22.771000+00:00,2026-01-06 11:22:23.053936+00:00,442.771,0.0849999999999999,0.08,0.09,0.915,0.91,0.92,,,,
2026-01-06 11:22:23.750000+00:00,2026-01-06 11:22:24.074963+00:00,443.75,0.0849999999999999,0.08,0.09,0.915,0.91,0.92,,,,
2026-01-06 11:22:24.810000+00:00,2026-01-06 11:22:25.084972+00:00,444.81,0.0849999999999999,0.08,0.09,0.885,0.87,0.9,,,,
2026-01-06 11:22:25.777000+00:00,2026-01-06 11:22:26.080880+00:00,445.777,0.12,0.11,0.13,0.88,0.87,0.89,,,,
2026-01-06 11:22:26.816000+00:00,2026-01-06 11:22:27.085646+00:00,446.816,0.1149999999999999,0.11,0.12,0.885,0.87,0.9,,,,
2026-01-06 11:22:27.692000+00:00,2026-01-06 11:22:28.086196+00:00,447.692,0.105,0.1,0.11,0.895,0.89,0.9,,,,
2026-01-06 11:22:28.484000+00:00,2026-01-06 11:22:29.095291+00:00,448.484,0.105,0.1,0.11,0.895,0.89,0.9,,,,
2026-01-06 11:22:29.817000+00:00,2026-01-06 11:22:30.104154+00:00,449.817,0.125,0.12,0.13,0.875,0.87,0.88,,,,
2026-01-06 11:22:30.820000+00:00,2026-01-06 11:22:31.121821+00:00,450.82,0.125,0.12,0.13,0.875,0.87,0.88,,,,
2026-01-06 11:22:31.788000+00:00,2026-01-06 11:22:32.140273+00:00,451.788,0.125,0.11,0.14,0.88,0.87,0.89,,,,
2026-01-06 11:22:32.694000+00:00,2026-01-06 11:22:33.150636+00:00,452.694,0.12,0.11,0.13,0.88,0.87,0.89,,,,
2026-01-06 11:22:33.686000+00:00,2026-01-06 11:22:34.167838+00:00,453.686,0.12,0.11,0.13,0.88,0.87,0.89,,,,
2026-01-06 11:22:34.849000+00:00,2026-01-06 11:22:35.174553+00:00,454.849,0.12,0.11,0.13,0.88,0.87,0.89,,,,
2026-01-06 11:22:35.724000+00:00,2026-01-06 11:22:36.171360+00:00,455.724,0.12,0.11,0.13,0.88,0.87,0.89,,,,
2026-01-06 11:22:36.802000+00:00,2026-01-06 11:22:37.169867+00:00,456.802,0.12,0.11,0.13,0.88,0.87,0.89,,,,
2026-01-06 11:22:37.808000+00:00,2026-01-06 11:22:38.185641+00:00,457.808,0.1149999999999999,0.11,0.12,0.885,0.88,0.89,,,,
2026-01-06 11:22:38.881000+00:00,2026-01-06 11:22:39.186563+00:00,458.881,0.1149999999999999,0.11,0.12,0.88,0.87,0.89,,,,
2026-01-06 11:22:39.397000+00:00,2026-01-06 11:22:41.202917+00:00,459.397,0.12,0.11,0.13,0.88,0.87,0.89,,,,
2026-01-06 11:22:41.645000+00:00,2026-01-06 11:22:42.202950+00:00,461.645,0.1149999999999999,0.11,0.12,0.885,0.88,0.89,,,,
2026-01-06 11:22:42.894000+00:00,2026-01-06 11:22:43.223610+00:00,462.894,0.125,0.12,0.13,0.875,0.87,0.88,,,,
2026-01-06 11:22:43.734000+00:00,2026-01-06 11:22:44.230368+00:00,463.734,0.125,0.12,0.13,0.88,0.87,0.89,,,,
2026-01-06 11:22:44.694000+00:00,2026-01-06 11:22:45.237340+00:00,464.694,0.12,0.11,0.13,0.88,0.87,0.89,,,,
2026-01-06 11:22:45.878000+00:00,2026-01-06 11:22:46.247105+00:00,465.878,0.12,0.11,0.13,0.88,0.87,0.89,,,,
2026-01-06 11:22:46.910000+00:00,2026-01-06 11:22:47.272468+00:00,466.91,0.12,0.11,0.13,0.88,0.87,0.89,,,,
2026-01-06 11:22:48.014000+00:00,2026-01-06 11:22:48.287594+00:00,468.014,0.125,0.12,0.13,0.875,0.87,0.88,,,,
2026-01-06 11:22:49.967000+00:00,2026-01-06 11:22:50.305090+00:00,469.967,0.1699999999999999,0.16,0.18,0.83,0.82,0.84,,,,
2026-01-06 11:22:50.963000+00:00,2026-01-06 11:22:51.314943+00:00,470.963,0.1699999999999999,0.16,0.18,0.84,0.83,0.85,,,,
2026-01-06 11:22:52.034000+00:00,2026-01-06 11:22:52.319854+00:00,472.034,0.16,0.15,0.17,0.84,0.83,0.85,,,,
2026-01-06 11:22:53.053000+00:00,2026-01-06 11:22:53.336542+00:00,473.053,0.165,0.16,0.17,0.835,0.83,0.84,,,,
2026-01-06 11:22:54.002000+00:00,2026-01-06 11:22:54.339451+00:00,474.002,0.175,0.17,0.18,0.825,0.82,0.83,,,,
2026-01-06 11:22:55.062000+00:00,2026-01-06 11:22:55.344088+00:00,475.062,0.175,0.17,0.18,0.825,0.82,0.83,,,,
2026-01-06 11:22:56.073000+00:00,2026-01-06 11:22:56.354605+00:00,476.073,0.2,0.19,0.21,0.805,0.8,0.81,,,,
2026-01-06 11:22:57.077000+00:00,2026-01-06 11:22:57.367023+00:00,477.077,0.195,0.19,0.2,0.805,0.8,0.81,,,,
2026-01-06 11:22:58.080000+00:00,2026-01-06 11:22:58.370587+00:00,478.08,0.205,0.2,0.21,0.795,0.79,0.8,,,,
2026-01-06 11:22:59.055000+00:00,2026-01-06 11:22:59.386919+00:00,479.055,0.225,0.22,0.23,0.77,0.76,0.78,,,,
2026-01-06 11:23:00.100000+00:00,2026-01-06 11:23:00.392290+00:00,480.1,0.255,0.25,0.26,0.745,0.74,0.75,,,,
2026-01-06 11:23:01.102000+00:00,2026-01-06 11:23:01.402649+00:00,481.102,0.255,0.25,0.26,0.745,0.74,0.75,,,,
2026-01-06 11:23:02.153000+00:00,2026-01-06 11:23:02.419428+00:00,482.153,0.255,0.24,0.27,0.745,0.73,0.76,,,,
2026-01-06 11:23:03.136000+00:00,2026-01-06 11:23:03.422820+00:00,483.136,0.25,0.24,0.26,0.75,0.74,0.76,,,,
2026-01-06 11:23:04.135000+00:00,2026-01-06 11:23:04.432042+00:00,484.135,0.25,0.24,0.26,0.75,0.74,0.76,,,,
2026-01-06 11:23:05.160000+00:00,2026-01-06 11:23:05.440059+00:00,485.16,0.25,0.24,0.26,0.75,0.74,0.76,,,,
2026-01-06 11:23:06.158000+00:00,2026-01-06 11:23:06.451994+00:00,486.158,0.245,0.24,0.25,0.755,0.75,0.76,,,,
2026-01-06 11:23:07.175000+00:00,2026-01-06 11:23:07.459922+00:00,487.175,0.245,0.24,0.25,0.755,0.75,0.76,,,,
2026-01-06 11:23:08.182000+00:00,2026-01-06 11:23:08.456098+00:00,488.182,0.24,0.23,0.25,0.76,0.75,0.77,,,,
2026-01-06 11:23:09.161000+00:00,2026-01-06 11:23:09.469209+00:00,489.161,0.24,0.23,0.25,0.755,0.75,0.76,,,,
2026-01-06 11:23:10.184000+00:00,2026-01-06 11:23:10.483564+00:00,490.184,0.295,0.29,0.3,0.705,0.7,0.71,,,,
2026-01-06 11:23:11.058000+00:00,2026-01-06 11:23:11.502360+00:00,491.058,0.295,0.29,0.3,0.705,0.7,0.71,,,,
2026-01-06 11:23:12.936000+00:00,2026-01-06 11:23:13.499764+00:00,492.936,0.285,0.28,0.29,0.715,0.71,0.72,,,,
2026-01-06 11:23:14.176000+00:00,2026-01-06 11:23:14.511961+00:00,494.176,0.285,0.28,0.29,0.715,0.71,0.72,,,,
2026-01-06 11:23:15.209000+00:00,2026-01-06 11:23:15.531870+00:00,495.209,0.295,0.29,0.3,0.705,0.7,0.71,,,,
2026-01-06 11:23:16.238000+00:00,2026-01-06 11:23:16.529244+00:00,496.238,0.295,0.29,0.3,0.705,0.7,0.71,,,,
2026-01-06 11:23:17.240000+00:00,2026-01-06 11:23:17.546677+00:00,497.24,0.295,0.29,0.3,0.705,0.7,0.71,,,,
2026-01-06 11:23:18.276000+00:00,2026-01-06 11:23:18.553008+00:00,498.276,0.295,0.29,0.3,0.705,0.7,0.71,,,,
2026-01-06 11:23:19.281000+00:00,2026-01-06 11:23:19.562390+00:00,499.281,0.31,0.3,0.32,0.66,0.65,0.67,,,,
2026-01-06 11:23:20.223000+00:00,2026-01-06 11:23:20.578403+00:00,500.223,0.345,0.34,0.35,0.655,0.65,0.66,,,,
2026-01-06 11:23:21.411000+00:00,2026-01-06 11:23:21.578641+00:00,501.411,0.355,0.35,0.36,0.645,0.64,0.65,,,,
2026-01-06 11:23:22.310000+00:00,2026-01-06 11:23:22.592957+00:00,502.31,0.355,0.35,0.36,0.645,0.64,0.65,,,,
2026-01-06 11:23:23.326000+00:00,2026-01-06 11:23:23.601876+00:00,503.326,0.355,0.35,0.36,0.625,0.62,0.63,,,,
2026-01-06 11:23:24.279000+00:00,2026-01-06 11:23:24.598499+00:00,504.279,0.375,0.37,0.38,0.625,0.62,0.63,,,,
2026-01-06 11:23:25.326000+00:00,2026-01-06 11:23:25.602144+00:00,505.326,0.38,0.37,0.39,0.615,0.61,0.62,,,,
2026-01-06 11:23:26.337000+00:00,2026-01-06 11:23:26.618050+00:00,506.337,0.39,0.38,0.4,0.615,0.61,0.62,,,,
2026-01-06 11:23:27.334000+00:00,2026-01-06 11:23:27.633989+00:00,507.334,0.375,0.37,0.38,0.625,0.62,0.63,,,,
2026-01-06 11:23:28.335000+00:00,2026-01-06 11:23:28.652652+00:00,508.335,0.38,0.37,0.39,0.615,0.61,0.62,,,,
2026-01-06 11:23:29.388000+00:00,2026-01-06 11:23:29.667728+00:00,509.388,0.38,0.37,0.39,0.62,0.61,0.63,,,,
2026-01-06 11:23:30.384000+00:00,2026-01-06 11:23:30.668953+00:00,510.384,0.395,0.39,0.4,0.605,0.6,0.61,,,,
2026-01-06 11:23:31.400000+00:00,2026-01-06 11:23:31.678069+00:00,511.4,0.4,0.39,0.41,0.605,0.6,0.61,,,,
2026-01-06 11:23:32.403000+00:00,2026-01-06 11:23:32.687011+00:00,512.403,0.385,0.38,0.39,0.615,0.61,0.62,,,,
2026-01-06 11:23:33.411000+00:00,2026-01-06 11:23:33.704658+00:00,513.411,0.365,0.36,0.37,0.635,0.63,0.64,,,,
2026-01-06 11:23:34.419000+00:00,2026-01-06 11:23:34.700226+00:00,514.419,0.37,0.36,0.38,0.63,0.62,0.64,,,,
2026-01-06 11:23:35.275000+00:00,2026-01-06 11:23:35.698845+00:00,515.275,0.375,0.37,0.38,0.625,0.62,0.63,,,,
2026-01-06 11:23:36.218000+00:00,2026-01-06 11:23:36.715037+00:00,516.218,0.375,0.37,0.38,0.625,0.62,0.63,,,,
2026-01-06 11:23:37.410000+00:00,2026-01-06 11:23:37.724037+00:00,517.41,0.375,0.37,0.38,0.625,0.62,0.63,,,,
2026-01-06 11:23:38.450000+00:00,2026-01-06 11:23:38.730668+00:00,518.45,0.375,0.37,0.38,0.625,0.62,0.63,,,,
2026-01-06 11:23:39.439000+00:00,2026-01-06 11:23:39.726806+00:00,519.439,0.405,0.4,0.41,0.595,0.59,0.6,,,,
2026-01-06 11:23:40.451000+00:00,2026-01-06 11:23:40.725132+00:00,520.451,0.41,0.4,0.42,0.59,0.58,0.6,,,,
2026-01-06 11:23:41.377000+00:00,2026-01-06 11:23:41.730449+00:00,521.377,0.415,0.41,0.42,0.585,0.58,0.59,,,,
2026-01-06 11:23:42.429000+00:00,2026-01-06 11:23:42.733105+00:00,522.429,0.435,0.43,0.44,0.565,0.56,0.57,,,,
2026-01-06 11:23:43.446000+00:00,2026-01-06 11:23:43.733279+00:00,523.446,0.455,0.45,0.46,0.545,0.54,0.55,,,,
2026-01-06 11:23:44.448000+00:00,2026-01-06 11:23:44.733775+00:00,524.448,0.4549999999999999,0.44,0.47,0.545,0.53,0.56,,,,
2026-01-06 11:23:45.432000+00:00,2026-01-06 11:23:45.727468+00:00,525.432,0.4599999999999999,0.45,0.47,0.535,0.53,0.54,,,,
2026-01-06 11:23:46.443000+00:00,2026-01-06 11:23:46.732215+00:00,526.443,0.4649999999999999,0.46,0.47,0.535,0.53,0.54,,,,
2026-01-06 11:23:47.449000+00:00,2026-01-06 11:23:47.735833+00:00,527.449,0.4649999999999999,0.46,0.47,0.535,0.53,0.54,,,,
2026-01-06 11:23:48.409000+00:00,2026-01-06 11:23:48.734886+00:00,528.409,0.4599999999999999,0.45,0.47,0.54,0.53,0.55,,,,
2026-01-06 11:23:49.439000+00:00,2026-01-06 11:23:49.742848+00:00,529.439,0.4599999999999999,0.45,0.47,0.54,0.53,0.55,,,,
2026-01-06 11:23:50.404000+00:00,2026-01-06 11:23:50.748867+00:00,530.404,0.4599999999999999,0.45,0.47,0.535,0.53,0.54,,,,
2026-01-06 11:23:51.461000+00:00,2026-01-06 11:23:51.764202+00:00,531.461,0.4649999999999999,0.46,0.47,0.535,0.53,0.54,,,,
2026-01-06 11:23:52.326000+00:00,2026-01-06 11:23:52.774453+00:00,532.326,0.4649999999999999,0.46,0.47,0.535,0.53,0.54,,,,
2026-01-06 11:23:53.501000+00:00,2026-01-06 11:23:53.782012+00:00,533.501,0.4649999999999999,0.46,0.47,0.535,0.53,0.54,,,,
2026-01-06 11:23:54.360000+00:00,2026-01-06 11:23:54.801644+00:00,534.36,0.4649999999999999,0.46,0.47,0.535,0.53,0.54,,,,
2026-01-06 11:23:55.528000+00:00,2026-01-06 11:23:55.815242+00:00,535.528,0.4649999999999999,0.46,0.47,0.535,0.53,0.54,,,,
2026-01-06 11:23:56.482000+00:00,2026-01-06 11:23:56.811130+00:00,536.482,0.455,0.45,0.46,0.545,0.54,0.55,,,,
2026-01-06 11:23:57.480000+00:00,2026-01-06 11:23:57.816849+00:00,537.48,0.455,0.45,0.46,0.545,0.54,0.55,,,,
2026-01-06 11:23:58.480000+00:00,2026-01-06 11:23:58.823240+00:00,538.48,0.4599999999999999,0.45,0.47,0.54,0.53,0.55,,,,
2026-01-06 11:23:59.547000+00:00,2026-01-06 11:23:59.827199+00:00,539.547,0.455,0.45,0.46,0.545,0.54,0.55,,,,
2026-01-06 11:24:00.545000+00:00,2026-01-06 11:24:00.830404+00:00,540.545,0.455,0.45,0.46,0.545,0.54,0.55,,,,
2026-01-06 11:24:01.524000+00:00,2026-01-06 11:24:01.832225+00:00,541.524,0.4599999999999999,0.45,0.47,0.545,0.54,0.55,,,,
2026-01-06 11:24:02.544000+00:00,2026-01-06 11:24:02.836264+00:00,542.544,0.355,0.35,0.36,0.645,0.64,0.65,,,,
2026-01-06 11:24:03.553000+00:00,2026-01-06 11:24:03.834273+00:00,543.553,0.345,0.34,0.35,0.65,0.64,0.66,,,,
2026-01-06 11:24:04.549000+00:00,2026-01-06 11:24:04.843634+00:00,544.549,0.415,0.41,0.42,0.585,0.58,0.59,,,,
2026-01-06 11:24:05.579000+00:00,2026-01-06 11:24:05.861835+00:00,545.579,0.435,0.43,0.44,0.54,0.53,0.55,,,,
2026-01-06 11:24:06.571000+00:00,2026-01-06 11:24:06.871724+00:00,546.571,0.4649999999999999,0.46,0.47,0.535,0.53,0.54,,,,
2026-01-06 11:24:07.606000+00:00,2026-01-06 11:24:07.883158+00:00,547.606,0.4649999999999999,0.46,0.47,0.535,0.53,0.54,,,,
2026-01-06 11:24:08.599000+00:00,2026-01-06 11:24:08.882376+00:00,548.599,0.445,0.44,0.45,0.555,0.55,0.56,,,,
2026-01-06 11:24:09.445000+00:00,2026-01-06 11:24:09.881162+00:00,549.445,0.445,0.44,0.45,0.55,0.54,0.56,,,,
2026-01-06 11:24:10.568000+00:00,2026-01-06 11:24:10.896299+00:00,550.568,0.45,0.44,0.46,0.55,0.54,0.56,,,,
2026-01-06 11:24:11.603000+00:00,2026-01-06 11:24:11.898456+00:00,551.603,0.4649999999999999,0.46,0.47,0.535,0.53,0.54,,,,
2026-01-06 11:24:12.652000+00:00,2026-01-06 11:24:12.915862+00:00,552.652,0.4649999999999999,0.46,0.47,0.535,0.53,0.54,,,,
2026-01-06 11:24:13.653000+00:00,2026-01-06 11:24:13.932910+00:00,553.653,0.505,0.5,0.51,0.475,0.47,0.48,,,,
2026-01-06 11:24:14.664000+00:00,2026-01-06 11:24:14.943263+00:00,554.664,0.525,0.52,0.53,0.475,0.47,0.48,,,,
2026-01-06 11:24:15.689000+00:00,2026-01-06 11:24:15.964662+00:00,555.689,0.49,0.48,0.5,0.505,0.49,0.52,,,,
2026-01-06 11:24:16.677000+00:00,2026-01-06 11:24:16.970220+00:00,556.677,0.51,0.5,0.52,0.505,0.5,0.51,,,,
2026-01-06 11:24:17.694000+00:00,2026-01-06 11:24:17.982357+00:00,557.694,0.505,0.5,0.51,0.495,0.49,0.5,,,,
2026-01-06 11:24:18.741000+00:00,2026-01-06 11:24:18.986174+00:00,558.741,0.485,0.48,0.49,0.515,0.51,0.52,,,,
2026-01-06 11:24:19.712000+00:00,2026-01-06 11:24:19.998975+00:00,559.712,0.505,0.5,0.51,0.5,0.49,0.51,,,,
2026-01-06 11:24:20.702000+00:00,2026-01-06 11:24:21.009213+00:00,560.702,0.5,0.49,0.51,0.505,0.49,0.52,,,,
2026-01-06 11:24:21.723000+00:00,2026-01-06 11:24:22.015286+00:00,561.723,0.49,0.48,0.5,0.51,0.5,0.52,,,,
2026-01-06 11:24:22.672000+00:00,2026-01-06 11:24:23.030203+00:00,562.672,0.49,0.48,0.5,0.51,0.5,0.52,,,,
2026-01-06 11:24:23.756000+00:00,2026-01-06 11:24:24.042482+00:00,563.756,0.485,0.48,0.49,0.515,0.51,0.52,,,,
2026-01-06 11:24:24.761000+00:00,2026-01-06 11:24:25.048364+00:00,564.761,0.485,0.48,0.49,0.515,0.51,0.52,,,,
2026-01-06 11:24:25.748000+00:00,2026-01-06 11:24:26.053371+00:00,565.748,0.485,0.48,0.49,0.515,0.51,0.52,,,,
2026-01-06 11:24:26.664000+00:00,2026-01-06 11:24:27.055504+00:00,566.664,0.485,0.48,0.49,0.515,0.51,0.52,,,,
2026-01-06 11:24:27.781000+00:00,2026-01-06 11:24:28.060409+00:00,567.781,0.475,0.46,0.49,0.525,0.51,0.54,,,,
2026-01-06 11:24:28.756000+00:00,2026-01-06 11:24:29.063428+00:00,568.756,0.4649999999999999,0.45,0.48,0.535,0.52,0.55,,,,
2026-01-06 11:24:29.717000+00:00,2026-01-06 11:24:30.067236+00:00,569.717,0.4549999999999999,0.44,0.47,0.545,0.53,0.56,,,,
2026-01-06 11:24:30.798000+00:00,2026-01-06 11:24:31.081272+00:00,570.798,0.51,0.5,0.52,0.475,0.47,0.48,,,,
2026-01-06 11:24:31.773000+00:00,2026-01-06 11:24:32.101642+00:00,571.773,0.525,0.52,0.53,0.475,0.47,0.48,,,,
2026-01-06 11:24:32.840000+00:00,2026-01-06 11:24:33.115825+00:00,572.84,0.525,0.52,0.53,0.475,0.47,0.48,,,,
2026-01-06 11:24:33.828000+00:00,2026-01-06 11:24:34.122500+00:00,573.828,0.525,0.52,0.53,0.475,0.47,0.48,,,,
2026-01-06 11:24:34.846000+00:00,2026-01-06 11:24:35.125588+00:00,574.846,0.535,0.53,0.54,0.48,0.47,0.49,,,,
2026-01-06 11:24:35.555000+00:00,2026-01-06 11:24:36.138672+00:00,575.555,0.52,0.51,0.53,0.48,0.47,0.49,,,,
2026-01-06 11:24:36.830000+00:00,2026-01-06 11:24:37.142852+00:00,576.83,0.505,0.5,0.51,0.495,0.49,0.5,,,,
2026-01-06 11:24:37.757000+00:00,2026-01-06 11:24:38.167678+00:00,577.757,0.47,0.44,0.5,0.53,0.5,0.56,,,,
2026-01-06 11:24:38.871000+00:00,2026-01-06 11:24:39.167912+00:00,578.871,0.45,0.44,0.46,0.545,0.53,0.56,,,,
2026-01-06 11:24:39.898000+00:00,2026-01-06 11:24:40.172320+00:00,579.898,0.4549999999999999,0.44,0.47,0.54,0.53,0.55,,,,
2026-01-06 11:24:40.709000+00:00,2026-01-06 11:24:41.191379+00:00,580.709,0.4649999999999999,0.45,0.48,0.535,0.52,0.55,,,,
2026-01-06 11:24:41.852000+00:00,2026-01-06 11:24:42.203734+00:00,581.852,0.48,0.46,0.5,0.52,0.5,0.54,,,,
2026-01-06 11:24:42.935000+00:00,2026-01-06 11:24:43.214679+00:00,582.935,0.48,0.46,0.5,0.52,0.5,0.54,,,,
2026-01-06 11:24:43.950000+00:00,2026-01-06 11:24:44.221893+00:00,583.95,0.435,0.43,0.44,0.565,0.56,0.57,,,,
2026-01-06 11:24:44.989000+00:00,2026-01-06 11:24:45.240556+00:00,584.989,0.425,0.42,0.43,0.575,0.57,0.58,,,,
2026-01-06 11:24:45.934000+00:00,2026-01-06 11:24:46.235950+00:00,585.934,0.395,0.39,0.4,0.605,0.6,0.61,,,,
2026-01-06 11:24:46.967000+00:00,2026-01-06 11:24:47.247829+00:00,586.967,0.39,0.38,0.4,0.595,0.59,0.6,,,,
2026-01-06 11:24:47.909000+00:00,2026-01-06 11:24:48.252986+00:00,587.909,0.41,0.4,0.42,0.59,0.58,0.6,,,,
2026-01-06 11:24:48.985000+00:00,2026-01-06 11:24:49.273704+00:00,588.985,0.455,0.45,0.46,0.545,0.54,0.55,,,,
2026-01-06 11:24:49.962000+00:00,2026-01-06 11:24:50.292858+00:00,589.962,0.495,0.49,0.5,0.505,0.5,0.51,,,,
2026-01-06 11:24:51.013000+00:00,2026-01-06 11:24:51.294221+00:00,591.013,0.505,0.5,0.51,0.495,0.49,0.5,,,,
2026-01-06 11:24:52.974000+00:00,2026-01-06 11:24:53.292470+00:00,592.974,0.51,0.5,0.52,0.49,0.48,0.5,,,,
2026-01-06 11:24:54.008000+00:00,2026-01-06 11:24:54.291869+00:00,594.008,0.515,0.51,0.52,0.485,0.48,0.49,,,,
2026-01-06 11:24:55.010000+00:00,2026-01-06 11:24:55.308662+00:00,595.01,0.515,0.51,0.52,0.485,0.48,0.49,,,,
2026-01-06 11:24:56.968000+00:00,2026-01-06 11:24:57.332197+00:00,596.968,0.425,0.4,0.45,0.575,0.55,0.6,,,,
2026-01-06 11:24:58.944000+00:00,2026-01-06 11:24:59.363731+00:00,598.944,0.425,0.41,0.44,0.575,0.56,0.59,,,,
2026-01-06 11:24:59.821000+00:00,2026-01-06 11:25:00.372406+00:00,599.821,0.425,0.41,0.44,0.575,0.56,0.59,,,,
2026-01-06 11:25:01.067000+00:00,2026-01-06 11:25:01.371771+00:00,601.067,0.43,0.42,0.44,0.56,0.55,0.57,,,,
2026-01-06 11:25:02.095000+00:00,2026-01-06 11:25:02.379588+00:00,602.095,0.44,0.43,0.45,0.56,0.55,0.57,,,,
2026-01-06 11:25:03.180000+00:00,2026-01-06 11:25:03.385634+00:00,603.18,0.505,0.49,0.52,0.495,0.48,0.51,,,,
2026-01-06 11:25:04.091000+00:00,2026-01-06 11:25:04.391043+00:00,604.091,0.515,0.5,0.53,0.49,0.47,0.51,,,,
2026-01-06 11:25:05.092000+00:00,2026-01-06 11:25:05.405402+00:00,605.092,0.495,0.49,0.5,0.505,0.5,0.51,,,,
2026-01-06 11:25:06.007000+00:00,2026-01-06 11:25:06.412420+00:00,606.007,0.495,0.49,0.5,0.505,0.5,0.51,,,,
2026-01-06 11:25:07.844000+00:00,2026-01-06 11:25:08.428372+00:00,607.844,0.5,0.49,0.51,0.5,0.49,0.51,,,,
2026-01-06 11:25:09.115000+00:00,2026-01-06 11:25:09.436366+00:00,609.115,0.505,0.49,0.52,0.495,0.48,0.51,,,,
2026-01-06 11:25:10.121000+00:00,2026-01-06 11:25:10.450263+00:00,610.121,0.51,0.49,0.53,0.49,0.47,0.51,,,,
2026-01-06 11:25:11.164000+00:00,2026-01-06 11:25:11.451605+00:00,611.164,0.51,0.49,0.53,0.485,0.46,0.51,,,,
2026-01-06 11:25:12.191000+00:00,2026-01-06 11:25:12.467539+00:00,612.191,0.51,0.5,0.52,0.495,0.48,0.51,,,,
2026-01-06 11:25:13.043000+00:00,2026-01-06 11:25:13.487227+00:00,613.043,0.51,0.5,0.52,0.49,0.48,0.5,,,,
2026-01-06 11:25:14.183000+00:00,2026-01-06 11:25:14.496890+00:00,614.183,0.51,0.5,0.52,0.49,0.48,0.5,,,,
2026-01-06 11:25:15.067000+00:00,2026-01-06 11:25:15.496988+00:00,615.067,0.505,0.49,0.52,0.495,0.48,0.51,,,,
2026-01-06 11:25:16.218000+00:00,2026-01-06 11:25:16.497767+00:00,616.218,0.505,0.49,0.52,0.495,0.48,0.51,,,,
2026-01-06 11:25:17.198000+00:00,2026-01-06 11:25:17.501330+00:00,617.198,0.505,0.49,0.52,0.495,0.48,0.51,,,,
2026-01-06 11:25:18.109000+00:00,2026-01-06 11:25:18.511932+00:00,618.109,0.495,0.49,0.5,0.505,0.5,0.51,,,,
2026-01-06 11:25:19.058000+00:00,2026-01-06 11:25:19.514068+00:00,619.058,0.525,0.51,0.54,0.475,0.46,0.49,,,,
2026-01-06 11:25:20.232000+00:00,2026-01-06 11:25:20.515030+00:00,620.232,0.53,0.52,0.54,0.47,0.46,0.48,,,,
2026-01-06 11:25:21.217000+00:00,2026-01-06 11:25:21.512126+00:00,621.217,0.53,0.52,0.54,0.47,0.46,0.48,,,,
2026-01-06 11:25:22.239000+00:00,2026-01-06 11:25:22.528718+00:00,622.239,0.535,0.53,0.54,0.4649999999999999,0.46,0.47,,,,
2026-01-06 11:25:23.202000+00:00,2026-01-06 11:25:23.543699+00:00,623.202,0.54,0.53,0.55,0.4599999999999999,0.45,0.47,,,,
2026-01-06 11:25:24.231000+00:00,2026-01-06 11:25:24.545031+00:00,624.231,0.54,0.53,0.55,0.4599999999999999,0.45,0.47,,,,
2026-01-06 11:25:25.235000+00:00,2026-01-06 11:25:25.547451+00:00,625.235,0.535,0.53,0.54,0.4649999999999999,0.46,0.47,,,,
2026-01-06 11:25:26.234000+00:00,2026-01-06 11:25:26.556790+00:00,626.234,0.54,0.53,0.55,0.4599999999999999,0.45,0.47,,,,
2026-01-06 11:25:27.276000+00:00,2026-01-06 11:25:27.557770+00:00,627.276,0.625,0.62,0.63,0.37,0.36,0.38,,,,
2026-01-06 11:25:28.268000+00:00,2026-01-06 11:25:28.553639+00:00,628.268,0.665,0.65,0.68,0.3399999999999999,0.32,0.36,,,,
2026-01-06 11:25:29.274000+00:00,2026-01-06 11:25:29.546420+00:00,629.274,0.675,0.67,0.68,0.32,0.31,0.33,,,,
2026-01-06 11:25:30.264000+00:00,2026-01-06 11:25:30.548235+00:00,630.264,0.78,0.77,0.79,0.205,0.2,0.21,,,,
2026-01-06 11:25:31.235000+00:00,2026-01-06 11:25:31.527550+00:00,631.235,0.825,0.82,0.83,0.18,0.17,0.19,,,,
2026-01-06 11:25:32.302000+00:00,2026-01-06 11:25:32.543880+00:00,632.302,0.755,0.74,0.77,0.255,0.25,0.26,,,,
2026-01-06 11:25:33.255000+00:00,2026-01-06 11:25:33.546111+00:00,633.255,0.725,0.72,0.73,0.285,0.28,0.29,,,,
2026-01-06 11:25:34.258000+00:00,2026-01-06 11:25:34.532444+00:00,634.258,0.81,0.79,0.83,0.19,0.17,0.21,,,,
2026-01-06 11:25:35.237000+00:00,2026-01-06 11:25:35.530815+00:00,635.237,0.8,0.79,0.81,0.2,0.19,0.21,,,,
2026-01-06 11:25:36.243000+00:00,2026-01-06 11:25:36.549414+00:00,636.243,0.825,0.82,0.83,0.175,0.17,0.18,,,,
2026-01-06 11:25:37.264000+00:00,2026-01-06 11:25:37.545058+00:00,637.264,0.8,0.78,0.82,0.215,0.19,0.24,,,,
2026-01-06 11:25:38.224000+00:00,2026-01-06 11:25:38.536422+00:00,638.224,0.785,0.76,0.81,0.21,0.19,0.23,,,,
2026-01-06 11:25:39.259000+00:00,2026-01-06 11:25:39.546669+00:00,639.259,0.785,0.77,0.8,0.215,0.21,0.22,,,,
2026-01-06 11:25:40.275000+00:00,2026-01-06 11:25:40.564164+00:00,640.275,0.785,0.77,0.8,0.21,0.19,0.23,,,,
2026-01-06 11:25:41.303000+00:00,2026-01-06 11:25:41.581057+00:00,641.303,0.79,0.76,0.82,0.235,0.23,0.24,,,,
2026-01-06 11:25:42.317000+00:00,2026-01-06 11:25:42.578022+00:00,642.317,0.77,0.75,0.79,0.2299999999999999,0.21,0.25,,,,
2026-01-06 11:25:43.278000+00:00,2026-01-06 11:25:43.596575+00:00,643.278,0.785,0.77,0.8,0.205,0.2,0.21,,,,
2026-01-06 11:25:44.318000+00:00,2026-01-06 11:25:44.596519+00:00,644.318,0.8,0.79,0.81,0.195,0.19,0.2,,,,
2026-01-06 11:25:45.324000+00:00,2026-01-06 11:25:45.611946+00:00,645.324,0.79,0.78,0.8,0.21,0.2,0.22,,,,
2026-01-06 11:25:46.239000+00:00,2026-01-06 11:25:46.627309+00:00,646.239,0.79,0.78,0.8,0.21,0.2,0.22,,,,
2026-01-06 11:25:47.326000+00:00,2026-01-06 11:25:47.643070+00:00,647.326,0.795,0.79,0.8,0.205,0.2,0.21,,,,
2026-01-06 11:25:48.300000+00:00,2026-01-06 11:25:48.640003+00:00,648.3,0.79,0.78,0.8,0.21,0.2,0.22,,,,
2026-01-06 11:25:49.374000+00:00,2026-01-06 11:25:49.643896+00:00,649.374,0.79,0.78,0.8,0.22,0.21,0.23,,,,
2026-01-06 11:25:50.306000+00:00,2026-01-06 11:25:50.649297+00:00,650.306,0.755,0.75,0.76,0.245,0.24,0.25,,,,
2026-01-06 11:25:51.378000+00:00,2026-01-06 11:25:51.661272+00:00,651.378,0.785,0.78,0.79,0.2,0.19,0.21,,,,
2026-01-06 11:25:52.397000+00:00,2026-01-06 11:25:52.676333+00:00,652.397,0.8049999999999999,0.79,0.82,0.2,0.19,0.21,,,,
2026-01-06 11:25:53.405000+00:00,2026-01-06 11:25:53.694974+00:00,653.405,0.775,0.77,0.78,0.225,0.22,0.23,,,,
2026-01-06 11:25:54.408000+00:00,2026-01-06 11:25:54.704652+00:00,654.408,0.825,0.82,0.83,0.175,0.17,0.18,,,,
2026-01-06 11:25:55.344000+00:00,2026-01-06 11:25:55.693417+00:00,655.344,0.825,0.82,0.83,0.175,0.17,0.18,,,,
2026-01-06 11:25:56.405000+00:00,2026-01-06 11:25:56.695631+00:00,656.405,0.825,0.82,0.83,0.175,0.17,0.18,,,,
2026-01-06 11:25:57.419000+00:00,2026-01-06 11:25:57.711088+00:00,657.419,0.825,0.82,0.83,0.175,0.17,0.18,,,,
2026-01-06 11:25:58.443000+00:00,2026-01-06 11:25:58.727939+00:00,658.443,0.825,0.82,0.83,0.175,0.17,0.18,,,,
2026-01-06 11:25:59.471000+00:00,2026-01-06 11:25:59.747274+00:00,659.471,0.825,0.82,0.83,0.175,0.17,0.18,,,,
2026-01-06 11:26:00.463000+00:00,2026-01-06 11:26:00.762038+00:00,660.463,0.805,0.8,0.81,0.205,0.2,0.21,,,,
2026-01-06 11:26:01.493000+00:00,2026-01-06 11:26:01.762225+00:00,661.493,0.755,0.75,0.76,0.245,0.24,0.25,,,,
2026-01-06 11:26:02.498000+00:00,2026-01-06 11:26:02.777445+00:00,662.498,0.755,0.75,0.76,0.245,0.24,0.25,,,,
2026-01-06 11:26:03.489000+00:00,2026-01-06 11:26:03.776869+00:00,663.489,0.745,0.74,0.75,0.255,0.25,0.26,,,,
2026-01-06 11:26:04.488000+00:00,2026-01-06 11:26:04.776744+00:00,664.488,0.705,0.7,0.71,0.295,0.29,0.3,,,,
2026-01-06 11:26:05.482000+00:00,2026-01-06 11:26:05.787910+00:00,665.482,0.745,0.74,0.75,0.255,0.25,0.26,,,,
2026-01-06 11:26:06.516000+00:00,2026-01-06 11:26:06.798237+00:00,666.516,0.745,0.74,0.75,0.255,0.25,0.26,,,,
2026-01-06 11:26:07.545000+00:00,2026-01-06 11:26:07.810610+00:00,667.545,0.735,0.73,0.74,0.265,0.26,0.27,,,,
2026-01-06 11:26:08.529000+00:00,2026-01-06 11:26:08.812973+00:00,668.529,0.705,0.7,0.71,0.295,0.29,0.3,,,,
2026-01-06 11:26:09.550000+00:00,2026-01-06 11:26:09.809763+00:00,669.55,0.6799999999999999,0.67,0.69,0.32,0.31,0.33,,,,
2026-01-06 11:26:10.535000+00:00,2026-01-06 11:26:10.817971+00:00,670.535,0.69,0.68,0.7,0.31,0.3,0.32,,,,
2026-01-06 11:26:11.531000+00:00,2026-01-06 11:26:11.829819+00:00,671.531,0.695,0.69,0.7,0.305,0.3,0.31,,,,
2026-01-06 11:26:12.454000+00:00,2026-01-06 11:26:12.845634+00:00,672.454,0.695,0.69,0.7,0.305,0.3,0.31,,,,
2026-01-06 11:26:13.451000+00:00,2026-01-06 11:26:13.862913+00:00,673.451,0.7,0.69,0.71,0.3,0.29,0.31,,,,
2026-01-06 11:26:14.568000+00:00,2026-01-06 11:26:14.863902+00:00,674.568,0.7,0.69,0.71,0.3,0.29,0.31,,,,
2026-01-06 11:26:15.593000+00:00,2026-01-06 11:26:15.877412+00:00,675.593,0.695,0.69,0.7,0.305,0.3,0.31,,,,
2026-01-06 11:26:16.568000+00:00,2026-01-06 11:26:16.880208+00:00,676.568,0.665,0.66,0.67,0.335,0.33,0.34,,,,
2026-01-06 11:26:17.522000+00:00,2026-01-06 11:26:17.897282+00:00,677.522,0.665,0.65,0.68,0.3349999999999999,0.32,0.35,,,,
2026-01-06 11:26:18.609000+00:00,2026-01-06 11:26:18.892513+00:00,678.609,0.645,0.64,0.65,0.355,0.35,0.36,,,,
2026-01-06 11:26:19.537000+00:00,2026-01-06 11:26:19.900245+00:00,679.537,0.655,0.65,0.66,0.345,0.34,0.35,,,,
2026-01-06 11:26:20.633000+00:00,2026-01-06 11:26:20.910485+00:00,680.633,0.705,0.7,0.71,0.295,0.29,0.3,,,,
2026-01-06 11:26:21.628000+00:00,2026-01-06 11:26:21.921733+00:00,681.628,0.675,0.67,0.68,0.325,0.32,0.33,,,,
2026-01-06 11:26:22.634000+00:00,2026-01-06 11:26:22.934584+00:00,682.634,0.675,0.67,0.68,0.325,0.32,0.33,,,,
2026-01-06 11:26:23.630000+00:00,2026-01-06 11:26:23.942214+00:00,683.63,0.675,0.67,0.68,0.325,0.32,0.33,,,,
2026-01-06 11:26:24.667000+00:00,2026-01-06 11:26:24.942939+00:00,684.667,0.67,0.66,0.68,0.33,0.32,0.34,,,,
2026-01-06 11:26:25.665000+00:00,2026-01-06 11:26:25.947840+00:00,685.665,0.645,0.63,0.66,0.36,0.35,0.37,,,,
2026-01-06 11:26:26.672000+00:00,2026-01-06 11:26:26.962184+00:00,686.672,0.635,0.62,0.65,0.365,0.35,0.38,,,,
2026-01-06 11:26:27.676000+00:00,2026-01-06 11:26:27.963193+00:00,687.676,0.635,0.63,0.64,0.365,0.36,0.37,,,,
2026-01-06 11:26:28.673000+00:00,2026-01-06 11:26:28.968898+00:00,688.673,0.625,0.61,0.64,0.375,0.36,0.39,,,,
2026-01-06 11:26:29.659000+00:00,2026-01-06 11:26:29.963398+00:00,689.659,0.6799999999999999,0.66,0.7,0.265,0.26,0.27,,,,
2026-01-06 11:26:30.694000+00:00,2026-01-06 11:26:30.976181+00:00,690.694,0.835,0.83,0.84,0.175,0.17,0.18,,,,
2026-01-06 11:26:31.715000+00:00,2026-01-06 11:26:31.995879+00:00,691.715,0.805,0.8,0.81,0.2,0.19,0.21,,,,
2026-01-06 11:26:32.713000+00:00,2026-01-06 11:26:33.004682+00:00,692.713,0.755,0.75,0.76,0.245,0.24,0.25,,,,
2026-01-06 11:26:33.792000+00:00,2026-01-06 11:26:34.012926+00:00,693.792,0.755,0.75,0.76,0.26,0.25,0.27,,,,
2026-01-06 11:26:34.722000+00:00,2026-01-06 11:26:35.025417+00:00,694.722,0.735,0.73,0.74,0.27,0.26,0.28,,,,
2026-01-06 11:26:35.747000+00:00,2026-01-06 11:26:36.021579+00:00,695.747,0.75,0.74,0.76,0.25,0.24,0.26,,,,
2026-01-06 11:26:36.727000+00:00,2026-01-06 11:26:37.022101+00:00,696.727,0.755,0.75,0.76,0.24,0.23,0.25,,,,
2026-01-06 11:26:37.714000+00:00,2026-01-06 11:26:38.021166+00:00,697.714,0.815,0.81,0.82,0.185,0.18,0.19,,,,
2026-01-06 11:26:38.591000+00:00,2026-01-06 11:26:39.020528+00:00,698.591,0.795,0.79,0.8,0.205,0.2,0.21,,,,
2026-01-06 11:26:39.716000+00:00,2026-01-06 11:26:40.013822+00:00,699.716,0.76,0.75,0.77,0.235,0.22,0.25,,,,
2026-01-06 11:26:40.745000+00:00,2026-01-06 11:26:41.027669+00:00,700.745,0.765,0.75,0.78,0.2299999999999999,0.22,0.24,,,,
2026-01-06 11:26:41.759000+00:00,2026-01-06 11:26:42.043533+00:00,701.759,0.78,0.77,0.79,0.22,0.21,0.23,,,,
2026-01-06 11:26:42.722000+00:00,2026-01-06 11:26:43.036242+00:00,702.722,0.8049999999999999,0.79,0.82,0.205,0.18,0.23,,,,
2026-01-06 11:26:43.658000+00:00,2026-01-06 11:26:44.044581+00:00,703.658,0.79,0.77,0.81,0.195,0.19,0.2,,,,
2026-01-06 11:26:44.724000+00:00,2026-01-06 11:26:45.060078+00:00,704.724,0.79,0.77,0.81,0.21,0.19,0.23,,,,
2026-01-06 11:26:45.777000+00:00,2026-01-06 11:26:46.061962+00:00,705.777,0.8,0.78,0.82,0.2,0.18,0.22,,,,
2026-01-06 11:26:46.731000+00:00,2026-01-06 11:26:47.067440+00:00,706.731,0.8,0.78,0.82,0.2,0.18,0.22,,,,
2026-01-06 11:26:47.790000+00:00,2026-01-06 11:26:48.069632+00:00,707.79,0.81,0.8,0.82,0.19,0.18,0.2,,,,
2026-01-06 11:26:48.678000+00:00,2026-01-06 11:26:49.087637+00:00,708.678,0.785,0.78,0.79,0.215,0.21,0.22,,,,
2026-01-06 11:26:49.799000+00:00,2026-01-06 11:26:50.088092+00:00,709.799,0.775,0.77,0.78,0.225,0.22,0.23,,,,
2026-01-06 11:26:50.813000+00:00,2026-01-06 11:26:51.089479+00:00,710.813,0.77,0.75,0.79,0.24,0.23,0.25,,,,
2026-01-06 11:26:51.831000+00:00,2026-01-06 11:26:52.105032+00:00,711.831,0.765,0.76,0.77,0.235,0.23,0.24,,,,
2026-01-06 11:26:52.822000+00:00,2026-01-06 11:26:53.104457+00:00,712.822,0.805,0.8,0.81,0.215,0.19,0.24,,,,
2026-01-06 11:26:53.793000+00:00,2026-01-06 11:26:54.109511+00:00,713.793,0.785,0.77,0.8,0.215,0.2,0.23,,,,
2026-01-06 11:26:54.805000+00:00,2026-01-06 11:26:55.120002+00:00,714.805,0.765,0.75,0.78,0.235,0.22,0.25,,,,
2026-01-06 11:26:55.777000+00:00,2026-01-06 11:26:56.128493+00:00,715.777,0.775,0.77,0.78,0.225,0.22,0.23,,,,
2026-01-06 11:26:56.840000+00:00,2026-01-06 11:26:57.139330+00:00,716.84,0.795,0.79,0.8,0.205,0.2,0.21,,,,
2026-01-06 11:26:57.815000+00:00,2026-01-06 11:26:58.140456+00:00,717.815,0.795,0.78,0.81,0.225,0.22,0.23,,,,
2026-01-06 11:26:58.803000+00:00,2026-01-06 11:26:59.151159+00:00,718.803,0.79,0.77,0.81,0.21,0.19,0.23,,,,
2026-01-06 11:26:59.872000+00:00,2026-01-06 11:27:00.151961+00:00,719.872,0.795,0.78,0.81,0.2,0.19,0.21,,,,
2026-01-06 11:27:00.865000+00:00,2026-01-06 11:27:01.168717+00:00,720.865,0.8,0.79,0.81,0.2,0.19,0.21,,,,
2026-01-06 11:27:01.900000+00:00,2026-01-06 11:27:02.183420+00:00,721.9,0.825,0.8,0.85,0.1649999999999999,0.15,0.18,,,,
2026-01-06 11:27:02.807000+00:00,2026-01-06 11:27:03.200634+00:00,722.807,0.8049999999999999,0.79,0.82,0.195,0.18,0.21,,,,
2026-01-06 11:27:03.812000+00:00,2026-01-06 11:27:04.207897+00:00,723.812,0.81,0.79,0.83,0.19,0.17,0.21,,,,
2026-01-06 11:27:04.912000+00:00,2026-01-06 11:27:05.209997+00:00,724.912,0.815,0.8,0.83,0.185,0.17,0.2,,,,
2026-01-06 11:27:05.930000+00:00,2026-01-06 11:27:06.209942+00:00,725.93,0.815,0.8,0.83,0.185,0.17,0.2,,,,
2026-01-06 11:27:06.931000+00:00,2026-01-06 11:27:07.211409+00:00,726.931,0.815,0.8,0.83,0.185,0.17,0.2,,,,
2026-01-06 11:27:07.849000+00:00,2026-01-06 11:27:08.213525+00:00,727.849,0.81,0.8,0.82,0.19,0.18,0.2,,,,
2026-01-06 11:27:08.855000+00:00,2026-01-06 11:27:09.219440+00:00,728.855,0.815,0.8,0.83,0.185,0.17,0.2,,,,
2026-01-06 11:27:09.914000+00:00,2026-01-06 11:27:10.235871+00:00,729.914,0.815,0.8,0.83,0.185,0.17,0.2,,,,
2026-01-06 11:27:10.870000+00:00,2026-01-06 11:27:11.249013+00:00,730.87,0.81,0.8,0.82,0.185,0.17,0.2,,,,
2026-01-06 11:27:11.970000+00:00,2026-01-06 11:27:12.274541+00:00,731.97,0.81,0.8,0.82,0.19,0.18,0.2,,,,
2026-01-06 11:27:13.889000+00:00,2026-01-06 11:27:14.290158+00:00,733.889,0.815,0.8,0.83,0.19,0.18,0.2,,,,
2026-01-06 11:27:15.982000+00:00,2026-01-06 11:27:16.294423+00:00,735.982,0.785,0.78,0.79,0.215,0.21,0.22,,,,
2026-01-06 11:27:17.029000+00:00,2026-01-06 11:27:17.300530+00:00,737.029,0.795,0.79,0.8,0.205,0.2,0.21,,,,
2026-01-06 11:27:18.029000+00:00,2026-01-06 11:27:18.310003+00:00,738.029,0.785,0.77,0.8,0.215,0.2,0.23,,,,
2026-01-06 11:27:19.034000+00:00,2026-01-06 11:27:19.327141+00:00,739.034,0.8049999999999999,0.79,0.82,0.205,0.2,0.21,,,,
2026-01-06 11:27:20.071000+00:00,2026-01-06 11:27:20.346813+00:00,740.071,0.84,0.83,0.85,0.1649999999999999,0.15,0.18,,,,
2026-01-06 11:27:21.061000+00:00,2026-01-06 11:27:21.364648+00:00,741.061,0.835,0.83,0.84,0.165,0.16,0.17,,,,
2026-01-06 11:27:22.057000+00:00,2026-01-06 11:27:22.369358+00:00,742.057,0.855,0.84,0.87,0.14,0.12,0.16,,,,
2026-01-06 11:27:23.040000+00:00,2026-01-06 11:27:23.373977+00:00,743.04,0.855,0.85,0.86,0.145,0.14,0.15,,,,
2026-01-06 11:27:24.070000+00:00,2026-01-06 11:27:24.383194+00:00,744.07,0.84,0.83,0.85,0.16,0.15,0.17,,,,
2026-01-06 11:27:25.065000+00:00,2026-01-06 11:27:25.386487+00:00,745.065,0.835,0.82,0.85,0.155,0.13,0.18,,,,
2026-01-06 11:27:26.085000+00:00,2026-01-06 11:27:26.400447+00:00,746.085,0.8300000000000001,0.81,0.85,0.1699999999999999,0.15,0.19,,,,
2026-01-06 11:27:27.196000+00:00,2026-01-06 11:27:27.392628+00:00,747.196,0.835,0.81,0.86,0.165,0.14,0.19,,,,
2026-01-06 11:27:28.892000+00:00,2026-01-06 11:27:29.382758+00:00,748.892,0.8200000000000001,0.81,0.83,0.18,0.17,0.19,,,,
2026-01-06 11:27:30.108000+00:00,2026-01-06 11:27:30.389481+00:00,750.108,0.8200000000000001,0.81,0.83,0.18,0.17,0.19,,,,
2026-01-06 11:27:31.074000+00:00,2026-01-06 11:27:31.389369+00:00,751.074,0.83,0.82,0.84,0.1699999999999999,0.16,0.18,,,,
2026-01-06 11:27:32.128000+00:00,2026-01-06 11:27:32.399255+00:00,752.128,0.855,0.84,0.87,0.145,0.13,0.16,,,,
2026-01-06 11:27:33.083000+00:00,2026-01-06 11:27:33.409877+00:00,753.083,0.89,0.88,0.9,0.105,0.1,0.11,,,,
2026-01-06 11:27:34.140000+00:00,2026-01-06 11:27:34.411437+00:00,754.14,0.905,0.9,0.91,0.11,0.09,0.13,,,,
2026-01-06 11:27:35.139000+00:00,2026-01-06 11:27:35.425095+00:00,755.139,0.895,0.88,0.91,0.11,0.09,0.13,,,,
2026-01-06 11:27:36.141000+00:00,2026-01-06 11:27:36.428727+00:00,756.141,0.91,0.9,0.92,0.065,0.06,0.07,,,,
2026-01-06 11:27:37.122000+00:00,2026-01-06 11:27:37.439434+00:00,757.122,0.92,0.91,0.93,0.08,0.07,0.09,,,,
2026-01-06 11:27:38.253000+00:00,2026-01-06 11:27:38.440599+00:00,758.253,0.88,0.87,0.89,0.125,0.11,0.14,,,,
2026-01-06 11:27:39.152000+00:00,2026-01-06 11:27:39.432676+00:00,759.152,0.86,0.85,0.87,0.14,0.13,0.15,,,,
2026-01-06 11:27:40.176000+00:00,2026-01-06 11:27:40.443695+00:00,760.176,0.85,0.84,0.86,0.15,0.14,0.16,,,,
2026-01-06 11:27:41.151000+00:00,2026-01-06 11:27:41.456527+00:00,761.151,0.81,0.79,0.83,0.19,0.17,0.21,,,,
2026-01-06 11:27:42.169000+00:00,2026-01-06 11:27:42.472742+00:00,762.169,0.815,0.8,0.83,0.19,0.18,0.2,,,,
2026-01-06 11:27:43.206000+00:00,2026-01-06 11:27:43.478008+00:00,763.206,0.775,0.77,0.78,0.225,0.22,0.23,,,,
2026-01-06 11:27:44.142000+00:00,2026-01-06 11:27:44.485238+00:00,764.142,0.8,0.79,0.81,0.2,0.19,0.21,,,,
2026-01-06 11:27:45.171000+00:00,2026-01-06 11:27:45.473501+00:00,765.171,0.8,0.79,0.81,0.2,0.19,0.21,,,,
2026-01-06 11:27:46.188000+00:00,2026-01-06 11:27:46.477309+00:00,766.188,0.8,0.79,0.81,0.2,0.19,0.21,,,,
2026-01-06 11:27:47.200000+00:00,2026-01-06 11:27:47.490538+00:00,767.2,0.795,0.79,0.8,0.215,0.21,0.22,,,,
2026-01-06 11:27:48.205000+00:00,2026-01-06 11:27:48.485190+00:00,768.205,0.775,0.77,0.78,0.225,0.22,0.23,,,,
2026-01-06 11:27:49.186000+00:00,2026-01-06 11:27:49.491876+00:00,769.186,0.76,0.75,0.77,0.24,0.23,0.25,,,,
2026-01-06 11:27:50.154000+00:00,2026-01-06 11:27:50.495152+00:00,770.154,0.755,0.75,0.76,0.245,0.24,0.25,,,,
2026-01-06 11:27:51.225000+00:00,2026-01-06 11:27:51.509071+00:00,771.225,0.72,0.71,0.73,0.285,0.28,0.29,,,,
2026-01-06 11:27:52.232000+00:00,2026-01-06 11:27:52.517666+00:00,772.232,0.72,0.71,0.73,0.285,0.28,0.29,,,,
2026-01-06 11:27:53.237000+00:00,2026-01-06 11:27:53.517828+00:00,773.237,0.715,0.71,0.72,0.285,0.28,0.29,,,,
2026-01-06 11:27:54.235000+00:00,2026-01-06 11:27:54.519246+00:00,774.235,0.715,0.71,0.72,0.285,0.28,0.29,,,,
2026-01-06 11:27:55.246000+00:00,2026-01-06 11:27:55.527159+00:00,775.246,0.705,0.7,0.71,0.295,0.29,0.3,,,,
2026-01-06 11:27:56.250000+00:00,2026-01-06 11:27:56.542952+00:00,776.25,0.7,0.69,0.71,0.295,0.29,0.3,,,,
2026-01-06 11:27:57.304000+00:00,2026-01-06 11:27:57.543139+00:00,777.304,0.695,0.69,0.7,0.305,0.3,0.31,,,,
2026-01-06 11:27:58.241000+00:00,2026-01-06 11:27:58.544366+00:00,778.241,0.695,0.69,0.7,0.295,0.29,0.3,,,,
2026-01-06 11:27:59.257000+00:00,2026-01-06 11:27:59.548720+00:00,779.257,0.71,0.7,0.72,0.29,0.28,0.3,,,,
2026-01-06 11:28:00.269000+00:00,2026-01-06 11:28:00.552063+00:00,780.269,0.735,0.73,0.74,0.265,0.26,0.27,,,,
2026-01-06 11:28:01.288000+00:00,2026-01-06 11:28:01.571967+00:00,781.288,0.8,0.78,0.82,0.21,0.2,0.22,,,,
2026-01-06 11:28:02.305000+00:00,2026-01-06 11:28:02.586876+00:00,782.305,0.8,0.79,0.81,0.2,0.18,0.22,,,,
2026-01-06 11:28:03.324000+00:00,2026-01-06 11:28:03.605539+00:00,783.324,0.825,0.82,0.83,0.175,0.17,0.18,,,,
2026-01-06 11:28:04.335000+00:00,2026-01-06 11:28:04.609748+00:00,784.335,0.805,0.8,0.81,0.195,0.19,0.2,,,,
2026-01-06 11:28:05.296000+00:00,2026-01-06 11:28:05.617412+00:00,785.296,0.8,0.79,0.81,0.2,0.19,0.21,,,,
2026-01-06 11:28:06.334000+00:00,2026-01-06 11:28:06.623322+00:00,786.334,0.795,0.78,0.81,0.225,0.22,0.23,,,,
2026-01-06 11:28:07.327000+00:00,2026-01-06 11:28:07.638424+00:00,787.327,0.765,0.76,0.77,0.24,0.23,0.25,,,,
2026-01-06 11:28:08.299000+00:00,2026-01-06 11:28:08.639589+00:00,788.299,0.765,0.75,0.78,0.235,0.22,0.25,,,,
2026-01-06 11:28:09.351000+00:00,2026-01-06 11:28:09.639749+00:00,789.351,0.775,0.77,0.78,0.185,0.18,0.19,,,,
2026-01-06 11:28:10.360000+00:00,2026-01-06 11:28:10.653547+00:00,790.36,0.825,0.82,0.83,0.175,0.17,0.18,,,,
2026-01-06 11:28:11.409000+00:00,2026-01-06 11:28:11.676304+00:00,791.409,0.83,0.82,0.84,0.1699999999999999,0.16,0.18,,,,
2026-01-06 11:28:12.401000+00:00,2026-01-06 11:28:12.684259+00:00,792.401,0.855,0.84,0.87,0.12,0.1,0.14,,,,
2026-01-06 11:28:13.416000+00:00,2026-01-06 11:28:13.698313+00:00,793.416,0.915,0.91,0.92,0.0849999999999999,0.08,0.09,,,,
2026-01-06 11:28:14.403000+00:00,2026-01-06 11:28:14.713525+00:00,794.403,0.935,0.92,0.95,0.065,0.05,0.08,,,,
2026-01-06 11:28:15.426000+00:00,2026-01-06 11:28:15.713988+00:00,795.426,0.925,0.92,0.93,0.075,0.07,0.08,,,,
2026-01-06 11:28:16.518000+00:00,2026-01-06 11:28:16.713365+00:00,796.518,0.945,0.94,0.95,0.055,0.05,0.06,,,,
2026-01-06 11:28:17.439000+00:00,2026-01-06 11:28:17.731392+00:00,797.439,0.97,0.96,0.98,0.025,0.02,0.03,,,,
2026-01-06 11:28:18.266000+00:00,2026-01-06 11:28:18.737755+00:00,798.266,0.965,0.96,0.97,0.03,0.02,0.04,,,,
2026-01-06 11:28:19.454000+00:00,2026-01-06 11:28:19.756118+00:00,799.454,0.965,0.96,0.97,0.035,0.03,0.04,,,,
2026-01-06 11:28:20.472000+00:00,2026-01-06 11:28:20.752982+00:00,800.472,0.965,0.96,0.97,0.035,0.03,0.04,,,,
2026-01-06 11:28:21.456000+00:00,2026-01-06 11:28:21.768244+00:00,801.456,0.965,0.96,0.97,0.035,0.03,0.04,,,,
2026-01-06 11:28:22.499000+00:00,2026-01-06 11:28:22.784397+00:00,802.499,0.975,0.97,0.98,0.025,0.02,0.03,,,,
2026-01-06 11:28:23.493000+00:00,2026-01-06 11:28:23.801020+00:00,803.493,0.955,0.95,0.96,0.045,0.04,0.05,,,,
2026-01-06 11:28:24.530000+00:00,2026-01-06 11:28:24.824125+00:00,804.53,0.955,0.95,0.96,0.035,0.03,0.04,,,,
2026-01-06 11:28:25.551000+00:00,2026-01-06 11:28:25.833451+00:00,805.551,0.97,0.96,0.98,0.025,0.02,0.03,,,,
2026-01-06 11:28:26.544000+00:00,2026-01-06 11:28:26.828044+00:00,806.544,0.975,0.97,0.98,0.025,0.02,0.03,,,,
2026-01-06 11:28:27.489000+00:00,2026-01-06 11:28:27.833227+00:00,807.489,0.96,0.95,0.97,0.04,0.03,0.05,,,,
2026-01-06 11:28:28.481000+00:00,2026-01-06 11:28:28.839240+00:00,808.481,0.96,0.95,0.97,0.04,0.03,0.05,,,,
2026-01-06 11:28:29.563000+00:00,2026-01-06 11:28:29.845793+00:00,809.563,0.96,0.95,0.97,0.035,0.03,0.04,,,,
2026-01-06 11:28:30.577000+00:00,2026-01-06 11:28:30.864392+00:00,810.577,0.965,0.96,0.97,0.035,0.03,0.04,,,,
2026-01-06 11:28:31.563000+00:00,2026-01-06 11:28:31.871197+00:00,811.563,0.975,0.97,0.98,0.025,0.02,0.03,,,,
2026-01-06 11:28:32.521000+00:00,2026-01-06 11:28:32.889077+00:00,812.521,0.975,0.97,0.98,0.025,0.02,0.03,,,,
2026-01-06 11:28:33.611000+00:00,2026-01-06 11:28:33.899193+00:00,813.611,0.985,0.98,0.99,0.015,0.01,0.02,,,,
2026-01-06 11:28:34.611000+00:00,2026-01-06 11:28:34.916403+00:00,814.611,0.985,0.98,0.99,0.015,0.01,0.02,,,,
2026-01-06 11:28:35.600000+00:00,2026-01-06 11:28:35.920874+00:00,815.6,0.985,0.98,0.99,0.015,0.01,0.02,,,,
2026-01-06 11:28:36.613000+00:00,2026-01-06 11:28:36.923981+00:00,816.613,0.985,0.98,0.99,0.015,0.01,0.02,,,,
2026-01-06 11:28:37.601000+00:00,2026-01-06 11:28:37.943409+00:00,817.601,0.985,0.98,0.99,0.015,0.01,0.02,,,,
2026-01-06 11:28:38.651000+00:00,2026-01-06 11:28:38.960484+00:00,818.651,0.985,0.98,0.99,0.015,0.01,0.02,,,,
2026-01-06 11:28:39.626000+00:00,2026-01-06 11:28:39.966283+00:00,819.626,0.985,0.98,0.99,0.015,0.01,0.02,,,,
2026-01-06 11:28:40.584000+00:00,2026-01-06 11:28:40.955909+00:00,820.584,0.985,0.98,0.99,0.015,0.01,0.02,,,,
2026-01-06 11:28:41.593000+00:00,2026-01-06 11:28:41.965846+00:00,821.593,0.985,0.98,0.99,0.015,0.01,0.02,,,,
2026-01-06 11:28:42.652000+00:00,2026-01-06 11:28:42.985847+00:00,822.652,0.985,0.98,0.99,0.015,0.01,0.02,,,,
2026-01-06 11:28:43.696000+00:00,2026-01-06 11:28:43.984546+00:00,823.696,0.985,0.98,0.99,0.015,0.01,0.02,,,,
2026-01-06 11:28:44.725000+00:00,2026-01-06 11:28:44.998865+00:00,824.725,0.985,0.98,0.99,0.015,0.01,0.02,,,,
2026-01-06 11:28:45.710000+00:00,2026-01-06 11:28:45.999549+00:00,825.71,0.985,0.98,0.99,0.015,0.01,0.02,,,,
2026-01-06 11:28:46.641000+00:00,2026-01-06 11:28:46.989284+00:00,826.641,0.985,0.98,0.99,0.015,0.01,0.02,,,,
2026-01-06 11:28:47.681000+00:00,2026-01-06 11:28:47.987392+00:00,827.681,0.985,0.98,0.99,0.015,0.01,0.02,,,,
2026-01-06 11:28:48.695000+00:00,2026-01-06 11:28:48.981946+00:00,828.695,0.985,0.98,0.99,0.015,0.01,0.02,,,,
2026-01-06 11:28:49.676000+00:00,2026-01-06 11:28:49.980788+00:00,829.676,0.985,0.98,0.99,0.015,0.01,0.02,,,,
2026-01-06 11:28:50.683000+00:00,2026-01-06 11:28:50.981377+00:00,830.683,0.985,0.98,0.99,0.015,0.01,0.02,,,,
2026-01-06 11:28:51.715000+00:00,2026-01-06 11:28:52.000246+00:00,831.715,0.985,0.98,0.99,0.015,0.01,0.02,,,,
2026-01-06 11:28:52.671000+00:00,2026-01-06 11:28:53.005232+00:00,832.671,0.985,0.98,0.99,0.015,0.01,0.02,,,,
2026-01-06 11:28:53.723000+00:00,2026-01-06 11:28:54.015882+00:00,833.723,0.985,0.98,0.99,0.015,0.01,0.02,,,,
2026-01-06 11:28:54.737000+00:00,2026-01-06 11:28:55.032843+00:00,834.737,0.985,0.98,0.99,0.015,0.01,0.02,,,,
2026-01-06 11:28:55.746000+00:00,2026-01-06 11:28:56.051635+00:00,835.746,0.985,0.98,0.99,0.015,0.01,0.02,,,,
2026-01-06 11:28:56.771000+00:00,2026-01-06 11:28:57.063740+00:00,836.771,0.985,0.98,0.99,0.015,0.01,0.02,,,,
2026-01-06 11:28:57.641000+00:00,2026-01-06 11:28:58.082077+00:00,837.641,0.985,0.98,0.99,0.015,0.01,0.02,,,,
2026-01-06 11:28:58.527000+00:00,2026-01-06 11:28:59.091865+00:00,838.527,0.985,0.98,0.99,0.015,0.01,0.02,,,,
2026-01-06 11:29:00.841000+00:00,2026-01-06 11:29:01.121349+00:00,840.841,0.98,0.97,0.99,0.02,0.01,0.03,,,,
2026-01-06 11:29:01.851000+00:00,2026-01-06 11:29:02.137422+00:00,841.851,0.98,0.97,0.99,0.02,0.01,0.03,,,,
2026-01-06 11:29:02.858000+00:00,2026-01-06 11:29:03.135040+00:00,842.858,0.985,0.98,0.99,0.015,0.01,0.02,,,,
2026-01-06 11:29:03.836000+00:00,2026-01-06 11:29:04.131360+00:00,843.836,0.98,0.97,0.99,0.02,0.01,0.03,,,,
2026-01-06 11:29:04.864000+00:00,2026-01-06 11:29:05.153470+00:00,844.864,0.99,0.99,,0.01,,0.01,,,,
2026-01-06 11:29:05.849000+00:00,2026-01-06 11:29:06.168691+00:00,845.849,0.985,0.98,0.99,0.02,,0.02,,,,
2026-01-06 11:29:06.483000+00:00,2026-01-06 11:29:07.186337+00:00,846.483,0.99,0.99,,0.01,,0.01,,,,
2026-01-06 11:29:07.742000+00:00,2026-01-06 11:29:08.195933+00:00,847.742,0.99,0.99,,0.01,,0.01,,,,
2026-01-06 11:29:08.794000+00:00,2026-01-06 11:29:09.188758+00:00,848.794,0.99,0.99,,0.01,,0.01,,,,
2026-01-06 11:29:09.906000+00:00,2026-01-06 11:29:10.200116+00:00,849.906,0.99,0.99,,0.01,,0.01,,,,
2026-01-06 11:29:10.838000+00:00,2026-01-06 11:29:11.216152+00:00,850.838,0.99,0.99,,0.01,,0.01,,,,
2026-01-06 11:29:11.632000+00:00,2026-01-06 11:29:12.232084+00:00,851.632,0.99,0.99,,0.01,,0.01,,,,
2026-01-06 11:29:12.937000+00:00,2026-01-06 11:29:13.246126+00:00,852.937,0.99,0.99,,0.01,,0.01,,,,
2026-01-06 11:29:13.828000+00:00,2026-01-06 11:29:14.262329+00:00,853.828,0.99,0.99,,0.01,,0.01,,,,
2026-01-06 11:29:14.907000+00:00,2026-01-06 11:29:15.277376+00:00,854.907,0.99,0.99,,0.01,,0.01,,,,
2026-01-06 11:29:15.845000+00:00,2026-01-06 11:29:16.287471+00:00,855.845,0.99,0.99,,0.01,,0.01,,,,
2026-01-06 11:29:16.846000+00:00,2026-01-06 11:29:17.288564+00:00,856.846,0.99,0.99,,0.01,,0.01,,,,
2026-01-06 11:29:17.868000+00:00,2026-01-06 11:29:18.290810+00:00,857.868,0.99,0.99,,0.01,,0.01,,,,
2026-01-06 11:29:18.869000+00:00,2026-01-06 11:29:19.286890+00:00,858.869,0.99,0.99,,0.01,,0.01,,,,
2026-01-06 11:29:19.821000+00:00,2026-01-06 11:29:20.288395+00:00,859.821,0.99,0.99,,0.01,,0.01,,,,
2026-01-06 11:29:20.721000+00:00,2026-01-06 11:29:21.286131+00:00,860.721,0.99,0.99,,0.01,,0.01,,,,
2026-01-06 11:29:21.906000+00:00,2026-01-06 11:29:22.286266+00:00,861.906,0.99,0.99,,0.01,,0.01,,,,
2026-01-06 11:29:22.914000+00:00,2026-01-06 11:29:23.300352+00:00,862.914,0.99,0.99,,0.01,,0.01,,,,
2026-01-06 11:29:24.740000+00:00,2026-01-06 11:29:25.326637+00:00,864.74,0.99,0.99,,0.01,,0.01,,,,
2026-01-06 11:29:26.949000+00:00,2026-01-06 11:29:27.352920+00:00,866.949,0.99,0.99,,0.01,,0.01,,,,
2026-01-06 11:29:27.711000+00:00,2026-01-06 11:29:28.369359+00:00,867.711,0.99,0.99,,0.01,,0.01,,,,
2026-01-06 11:29:28.174000+00:00,2026-01-06 11:29:29.371633+00:00,868.174,0.99,0.99,,0.01,,0.01,,,,
2026-01-06 11:29:30.606000+00:00,2026-01-06 11:29:31.373092+00:00,870.606,0.99,0.99,,0.01,,0.01,,,,
2026-01-06 11:29:32.977000+00:00,2026-01-06 11:29:33.413462+00:00,872.977,0.99,0.99,,0.01,,0.01,,,,
2026-01-06 11:29:33.809000+00:00,2026-01-06 11:29:34.414228+00:00,873.809,0.99,0.99,,0.01,,0.01,,,,
2026-01-06 11:29:35.139000+00:00,2026-01-06 11:29:35.421117+00:00,875.139,0.99,0.99,,0.01,,0.01,,,,
2026-01-06 11:29:36.141000+00:00,2026-01-06 11:29:36.438027+00:00,876.141,0.99,0.99,,0.01,,0.01,,,,
2026-01-06 11:29:37.394000+00:00,2026-01-06 11:29:39.472762+00:00,877.394,0.99,0.99,,0.01,,0.01,,,,
2026-01-06 11:29:39.947000+00:00,2026-01-06 11:29:42.484565+00:00,879.947,0.99,0.99,,0.01,,0.01,,,,
2026-01-06 11:29:43.791000+00:00,2026-01-06 11:29:44.496100+00:00,883.791,0.99,0.99,,0.01,,0.01,,,,
2026-01-06 11:29:45.802000+00:00,2026-01-06 11:29:47.504912+00:00,885.802,0.99,0.99,,0.01,,0.01,,,,
2026-01-06 11:29:47.901000+00:00,2026-01-06 11:29:48.505345+00:00,887.901,0.99,0.99,,0.01,,0.01,,,,
2026-01-06 11:29:48.617000+00:00,2026-01-06 11:29:49.514253+00:00,888.617,0.99,0.99,,0.01,,0.01,,,,
2026-01-06 11:29:50.201000+00:00,2026-01-06 11:29:50.513428+00:00,890.201,0.99,0.99,,0.01,,0.01,,,,
2026-01-06 11:29:51.677000+00:00,2026-01-06 11:29:52.528042+00:00,891.677,0.99,0.99,,0.01,,0.01,,,,
2026-01-06 11:29:52.816000+00:00,2026-01-06 11:29:53.534570+00:00,892.816,0.99,0.99,,0.01,,0.01,,,,
2026-01-06 11:29:54.209000+00:00,2026-01-06 11:29:54.533839+00:00,894.209,0.99,0.99,,0.01,,0.01,,,,
2026-01-06 11:29:55.070000+00:00,2026-01-06 11:29:55.535113+00:00,895.07,0.99,0.99,,0.01,,0.01,,,,
2026-01-06 11:29:56.017000+00:00,2026-01-06 11:29:57.551314+00:00,896.017,0.99,0.99,,0.01,,0.01,,,,
2026-01-06 11:29:58.864000+00:00,2026-01-06 11:29:59.556153+00:00,898.864,0.99,0.99,,0.01,,0.01,,,,
