timestamp,collected_at,seconds,up_mid,up_best_bid,up_best_ask,down_mid,down_best_bid,down_best_ask,up_best_bid_size,up_best_ask_size,down_best_bid_size,down_best_ask_size,up_bid_2,up_bid_2_size,up_ask_2,up_ask_2_size,up_bid_3,up_bid_3_size,up_ask_3,up_ask_3_size,up_bid_4,up_bid_4_size,up_ask_4,up_ask_4_size,up_bid_5,up_bid_5_size,up_ask_5,up_ask_5_size,up_bid_6,up_bid_6_size,up_ask_6,up_ask_6_size,down_bid_2,down_bid_2_size,down_ask_2,down_ask_2_size,down_bid_3,down_bid_3_size,down_ask_3,down_ask_3_size,down_bid_4,down_bid_4_size,down_ask_4,down_ask_4_size,down_bid_5,down_bid_5_size,down_ask_5,down_ask_5_size,down_bid_6,down_bid_6_size,down_ask_6,down_ask_6_size
2026-01-07 06:00:00.882000+00:00,2026-01-07 05:59:58.272242+00:00,0.882,0.001,,0.001,0.999,0.999,,,1387.39,1387.39,,,,0.01,12375.35,,,0.015,609.14,,,0.02,475.73,,,0.03,100.5,,,0.04,153.75,0.99,12375.35,,,0.985,609.14,,,0.98,475.73,,,0.97,100.5,,,0.96,153.75,,
2026-01-07 06:00:01.744000+00:00,2026-01-07 05:59:59.263226+00:00,1.744,0.001,,0.001,0.999,0.999,,,56475.65,56475.65,,,,0.01,187843.56,,,0.015,609.14,,,0.02,475.73,,,0.03,100.5,,,0.04,153.75,0.99,187843.56,,,0.985,609.14,,,0.98,300.73,,,0.97,100.5,,,0.96,153.75,,
2026-01-07 06:00:02.769000+00:00,2026-01-07 06:00:00.271950+00:00,2.769,0.535,0.53,0.54,0.46499999999999997,0.46,0.47,773.92,180.49,180.49,773.92,0.52,157.69,0.55,378.36,0.51,400.11,0.56,1310.0,0.5,634.8,0.57,304.0,0.49,1090.78,0.58,304.0,0.48,193.25,0.59,344.0,0.45,378.36,0.48,157.69,0.44,1310.0,0.49,400.11,0.43,304.0,0.5,634.8,0.42,304.0,0.51,1090.78,0.41,344.0,0.52,193.25
2026-01-07 06:00:03.871000+00:00,2026-01-07 06:00:01.273309+00:00,3.871,0.535,0.53,0.54,0.46499999999999997,0.46,0.47,713.92,5.0,25.0,713.92,0.52,152.69,0.55,212.0,0.51,490.11,0.56,1457.0,0.5,634.8,0.57,304.0,0.49,1102.39,0.58,304.0,0.48,314.25,0.59,344.0,0.45,212.0,0.48,152.69,0.44,1457.0,0.49,490.11,0.43,304.0,0.5,634.8,0.42,304.0,0.51,1102.39,0.41,344.0,0.52,314.25
2026-01-07 06:00:04.901000+00:00,2026-01-07 06:00:02.288630+00:00,4.901,0.535,0.53,0.54,0.46499999999999997,0.46,0.47,602.11,100.0,129.0,602.11,0.52,152.69,0.55,207.0,0.51,490.11,0.56,1415.0,0.5,634.8,0.57,304.0,0.49,1117.39,0.58,304.0,0.48,359.25,0.59,344.0,0.45,207.0,0.48,152.69,0.44,1415.0,0.49,400.11,0.43,304.0,0.5,649.8,0.42,304.0,0.51,1147.39,0.41,344.0,0.52,359.25
2026-01-07 06:00:05.891000+00:00,2026-01-07 06:00:03.303953+00:00,5.891,0.535,0.53,0.54,0.46499999999999997,0.46,0.47,334.36,60.0,60.0,334.36,0.52,202.69,0.55,222.0,0.51,445.11,0.56,1310.0,0.5,777.8,0.57,304.0,0.49,1147.39,0.58,304.0,0.48,374.25,0.59,344.0,0.45,227.0,0.48,202.69,0.44,1310.0,0.49,445.11,0.43,304.0,0.5,777.8,0.42,364.0,0.51,1147.39,0.41,344.0,0.52,374.25
2026-01-07 06:00:06.923000+00:00,2026-01-07 06:00:04.321423+00:00,6.923,0.535,0.53,0.54,0.46499999999999997,0.46,0.47,218.85,75.0,75.0,178.85,0.52,172.69,0.55,20.0,0.51,628.11,0.56,1279.0,0.5,777.8,0.57,362.0,0.49,1268.39,0.58,304.0,0.48,374.25,0.59,344.0,0.45,20.0,0.48,172.69,0.44,1336.0,0.49,628.11,0.43,304.0,0.5,777.8,0.42,304.0,0.51,1283.39,0.41,344.0,0.52,359.25
2026-01-07 06:00:07.818000+00:00,2026-01-07 06:00:05.325161+00:00,7.818,0.535,0.53,0.54,0.46499999999999997,0.46,0.47,178.85,110.0,180.0,248.85,0.52,157.69,0.55,30.0,0.51,628.11,0.56,1314.0,0.5,777.8,0.57,397.0,0.49,1283.39,0.58,339.0,0.48,359.25,0.59,344.0,0.45,100.0,0.48,227.69,0.44,1384.0,0.49,698.11,0.43,467.0,0.5,847.8,0.42,409.0,0.51,1353.39,0.41,414.0,0.52,429.25
2026-01-07 06:00:08.902000+00:00,2026-01-07 06:00:06.342596+00:00,8.902,0.535,0.53,0.54,0.46499999999999997,0.46,0.47,248.85,155.0,155.0,248.85,0.52,227.69,0.55,100.0,0.51,515.11,0.56,1384.0,0.5,847.8,0.57,467.0,0.49,1232.39,0.58,409.0,0.48,429.25,0.59,414.0,0.45,100.0,0.48,227.69,0.44,1384.0,0.49,515.11,0.43,467.0,0.5,847.8,0.42,409.0,0.51,1232.39,0.41,414.0,0.52,429.25
2026-01-07 06:00:09.976000+00:00,2026-01-07 06:00:07.359766+00:00,9.976,0.535,0.53,0.54,0.46499999999999997,0.46,0.47,245.85,153.0,153.0,245.85,0.52,227.69,0.55,100.0,0.51,515.11,0.56,1384.0,0.5,847.8,0.57,409.0,0.49,1232.39,0.58,409.0,0.48,429.25,0.59,414.0,0.45,172.0,0.48,263.69,0.44,1408.0,0.49,563.11,0.43,467.0,0.5,847.8,0.42,409.0,0.51,1232.39,0.41,414.0,0.52,429.25
2026-01-07 06:00:10.953000+00:00,2026-01-07 06:00:08.360790+00:00,10.953,0.535,0.53,0.54,0.46499999999999997,0.46,0.47,305.85,169.0,166.0,312.85,0.52,315.69,0.55,85.0,0.51,515.11,0.56,1471.0,0.5,862.8,0.57,491.0,0.49,1217.39,0.58,409.0,0.48,429.25,0.59,414.0,0.45,85.0,0.48,315.69,0.44,1471.0,0.49,530.11,0.43,491.0,0.5,842.8,0.42,409.0,0.51,1217.39,0.41,414.0,0.52,429.25
2026-01-07 06:00:11.973000+00:00,2026-01-07 06:00:09.364878+00:00,11.973,0.535,0.53,0.54,0.46499999999999997,0.46,0.47,367.15,141.03,86.28,367.15,0.52,394.69,0.55,85.0,0.51,698.11,0.56,1261.0,0.5,998.8,0.57,263.0,0.49,1348.39,0.58,496.0,0.48,464.25,0.59,499.0,0.45,85.0,0.48,455.69,0.44,1261.0,0.49,698.11,0.43,80.0,0.5,998.8,0.42,448.0,0.51,1358.59,0.41,499.0,0.52,464.25
2026-01-07 06:00:13.880000+00:00,2026-01-07 06:00:11.394705+00:00,13.88,0.535,0.53,0.54,0.46499999999999997,0.46,0.47,319.68,101.0,101.0,319.68,0.52,467.69,0.55,111.0,0.51,749.11,0.56,1227.0,0.5,975.26,0.57,165.0,0.49,1358.59,0.58,218.0,0.48,464.25,0.59,344.0,0.45,111.0,0.48,467.69,0.44,1227.0,0.49,749.11,0.43,165.0,0.5,975.26,0.42,218.0,0.51,1358.59,0.41,344.0,0.52,464.25
2026-01-07 06:00:14.835000+00:00,2026-01-07 06:00:12.399837+00:00,14.835,0.535,0.53,0.54,0.46499999999999997,0.46,0.47,203.68,94.55,139.55,123.68,0.52,491.69,0.55,111.0,0.51,773.11,0.56,1324.0,0.5,963.26,0.57,208.0,0.49,1358.59,0.58,288.0,0.48,464.25,0.59,414.0,0.45,111.0,0.48,491.69,0.44,1324.0,0.49,773.11,0.43,208.0,0.5,883.26,0.42,288.0,0.51,1358.59,0.41,414.0,0.52,464.25
2026-01-07 06:00:15.973000+00:00,2026-01-07 06:00:13.405108+00:00,15.973,0.535,0.53,0.54,0.46499999999999997,0.46,0.47,131.0,109.55,109.55,131.0,0.52,491.69,0.55,135.0,0.51,827.11,0.56,1300.0,0.5,883.26,0.57,208.0,0.49,1346.59,0.58,288.0,0.48,464.25,0.59,414.0,0.45,135.0,0.48,491.69,0.44,1300.0,0.49,827.11,0.43,208.0,0.5,883.26,0.42,288.0,0.51,1346.59,0.41,414.0,0.52,464.25
2026-01-07 06:00:17.789000+00:00,2026-01-07 06:00:15.432113+00:00,17.789,0.535,0.53,0.54,0.46499999999999997,0.46,0.47,131.0,94.55,94.55,131.0,0.52,527.69,0.55,217.0,0.51,827.11,0.56,1210.0,0.5,883.26,0.57,298.0,0.49,1346.59,0.58,288.0,0.48,454.0,0.59,414.0,0.45,217.0,0.48,527.69,0.44,1210.0,0.49,827.11,0.43,298.0,0.5,883.26,0.42,288.0,0.51,1346.59,0.41,414.0,0.52,454.0
2026-01-07 06:00:19.873000+00:00,2026-01-07 06:00:17.442540+00:00,19.873,0.535,0.53,0.54,0.46499999999999997,0.46,0.47,115.0,71.55,71.55,115.0,0.52,542.69,0.55,193.0,0.51,812.11,0.56,1276.0,0.5,883.26,0.57,255.0,0.49,1346.59,0.58,288.0,0.48,454.0,0.59,414.0,0.45,193.0,0.48,542.69,0.44,1276.0,0.49,812.11,0.43,255.0,0.5,883.26,0.42,288.0,0.51,1346.59,0.41,414.0,0.52,454.0
2026-01-07 06:00:20.997000+00:00,2026-01-07 06:00:18.464316+00:00,20.997,0.535,0.53,0.54,0.46499999999999997,0.46,0.47,143.27,71.55,71.55,128.27,0.52,632.69,0.55,193.0,0.51,722.11,0.56,1276.0,0.5,883.26,0.57,255.0,0.49,1346.59,0.58,288.0,0.48,454.0,0.59,414.0,0.45,193.0,0.48,632.69,0.44,1276.0,0.49,722.11,0.43,255.0,0.5,883.26,0.42,288.0,0.51,1346.59,0.41,414.0,0.52,454.0
2026-01-07 06:00:22.064000+00:00,2026-01-07 06:00:19.469639+00:00,22.064,0.535,0.53,0.54,0.46499999999999997,0.46,0.47,167.27,35.0,35.0,220.27,0.52,629.69,0.55,135.0,0.51,698.11,0.56,1270.0,0.5,883.26,0.57,264.0,0.49,1346.59,0.58,303.0,0.48,454.0,0.59,414.0,0.45,135.0,0.48,540.69,0.44,1171.0,0.49,698.11,0.43,198.0,0.5,883.26,0.42,411.0,0.51,1346.59,0.41,414.0,0.52,454.0
2026-01-07 06:00:23.085000+00:00,2026-01-07 06:00:20.477577+00:00,23.085,0.535,0.53,0.54,0.455,0.45,0.46,520.27,35.0,75.0,204.0,0.52,571.69,0.55,85.0,0.51,854.11,0.56,1161.0,0.5,873.26,0.57,213.0,0.49,1371.59,0.58,153.0,0.48,454.0,0.59,215.0,0.44,1126.0,0.47,458.27,0.43,213.0,0.48,571.69,0.42,153.0,0.49,819.11,0.41,276.0,0.5,863.26,0.4,434.0,0.51,1371.59
2026-01-07 06:00:24.091000+00:00,2026-01-07 06:00:21.484540+00:00,24.091,0.545,0.54,0.55,0.455,0.45,0.46,310.4,5.0,20.0,406.4,0.53,609.27,0.56,1042.0,0.52,605.69,0.57,70.0,0.51,854.11,0.58,85.0,0.5,898.26,0.59,286.0,0.49,1371.59,0.6,499.0,0.44,1041.0,0.47,577.27,0.41,177.0,0.48,571.69,0.4,512.0,0.49,869.11,0.39,369.0,0.5,883.26,0.38,389.0,0.51,1336.59
2026-01-07 06:00:25.090000+00:00,2026-01-07 06:00:22.477384+00:00,25.09,0.555,0.55,0.56,0.445,0.44,0.45,333.0,805.58,805.58,333.0,0.54,462.4,0.57,20.0,0.53,547.27,0.58,215.0,0.52,606.69,0.59,269.0,0.51,854.11,0.6,215.0,0.5,848.26,0.61,179.0,0.43,20.0,0.46,462.4,0.42,215.0,0.47,547.27,0.41,269.0,0.48,606.69,0.4,215.0,0.49,854.11,0.39,179.0,0.5,848.26
2026-01-07 06:00:26.094000+00:00,2026-01-07 06:00:23.482795+00:00,26.094,0.555,0.55,0.56,0.445,0.44,0.45,328.0,805.58,805.58,343.0,0.54,462.4,0.57,20.0,0.53,547.27,0.58,191.0,0.52,606.69,0.59,167.0,0.51,854.11,0.6,215.0,0.5,848.26,0.61,179.0,0.43,44.0,0.46,450.4,0.42,230.0,0.47,544.27,0.41,155.0,0.48,606.69,0.4,215.0,0.49,854.11,0.39,205.0,0.5,848.26
2026-01-07 06:00:27.097000+00:00,2026-01-07 06:00:24.489471+00:00,27.097,0.555,0.55,0.56,0.445,0.44,0.45,349.0,813.58,813.58,349.0,0.54,449.44,0.57,68.0,0.53,580.27,0.58,206.0,0.52,606.69,0.59,155.0,0.51,854.11,0.6,215.0,0.5,848.26,0.61,205.0,0.43,68.0,0.46,449.44,0.42,206.0,0.47,580.27,0.41,155.0,0.48,606.69,0.4,215.0,0.49,854.11,0.39,205.0,0.5,848.26
2026-01-07 06:00:28.103000+00:00,2026-01-07 06:00:25.504497+00:00,28.103,0.555,0.55,0.56,0.445,0.44,0.45,379.0,813.58,813.58,334.0,0.54,425.44,0.57,127.0,0.53,604.27,0.58,227.0,0.52,606.69,0.59,265.0,0.51,854.11,0.6,285.0,0.5,848.26,0.61,275.0,0.43,127.0,0.46,425.44,0.42,227.0,0.47,604.27,0.41,265.0,0.48,606.69,0.4,285.0,0.49,854.11,0.39,275.0,0.5,848.26
2026-01-07 06:00:29.142000+00:00,2026-01-07 06:00:26.525713+00:00,29.142,0.555,0.55,0.56,0.445,0.44,0.45,379.0,805.54,805.54,349.0,0.54,425.44,0.57,212.0,0.53,604.27,0.58,227.0,0.52,606.69,0.59,265.0,0.51,854.11,0.6,285.0,0.5,848.26,0.61,275.0,0.43,212.0,0.46,425.44,0.42,227.0,0.47,604.27,0.41,265.0,0.48,606.69,0.4,285.0,0.49,854.11,0.39,275.0,0.5,848.26
2026-01-07 06:00:30.142000+00:00,2026-01-07 06:00:27.544511+00:00,30.142,0.555,0.55,0.56,0.445,0.44,0.45,345.0,14.0,14.0,345.0,0.54,638.44,0.57,177.0,0.53,514.27,0.58,262.0,0.52,606.69,0.59,250.0,0.51,854.11,0.6,285.0,0.5,848.26,0.61,185.0,0.43,177.0,0.46,638.44,0.42,262.0,0.47,514.27,0.41,250.0,0.48,606.69,0.4,285.0,0.49,854.11,0.39,185.0,0.5,848.26
2026-01-07 06:00:31.175000+00:00,2026-01-07 06:00:28.559887+00:00,31.175,0.575,0.57,0.58,0.425,0.42,0.43,107.0,147.0,42.0,263.0,0.56,135.0,0.59,332.0,0.55,590.0,0.6,270.0,0.54,560.44,0.61,200.0,0.53,442.27,0.62,261.0,0.52,606.69,0.63,253.0,0.41,237.0,0.44,373.0,0.4,245.0,0.45,565.0,0.39,200.0,0.46,585.44,0.38,261.0,0.47,442.27,0.37,288.0,0.48,606.69
2026-01-07 06:00:32.164000+00:00,2026-01-07 06:00:29.562193+00:00,32.164,0.585,0.58,0.59,0.415,0.41,0.42,170.0,215.0,215.0,170.0,0.57,416.0,0.6,199.0,0.56,493.0,0.61,202.0,0.55,505.0,0.62,35.0,0.54,549.44,0.63,376.0,0.53,442.27,0.64,253.0,0.4,199.0,0.43,416.0,0.39,202.0,0.44,493.0,0.38,35.0,0.45,505.0,0.37,376.0,0.46,549.44,0.36,253.0,0.47,442.27
2026-01-07 06:00:33.099000+00:00,2026-01-07 06:00:30.562897+00:00,33.099,0.585,0.58,0.59,0.415,0.41,0.42,104.62,220.0,220.0,104.62,0.57,506.0,0.6,199.0,0.56,493.0,0.61,202.0,0.55,415.0,0.62,101.0,0.54,549.44,0.63,308.0,0.53,442.27,0.64,253.0,0.4,199.0,0.43,506.0,0.39,202.0,0.44,493.0,0.38,101.0,0.45,415.0,0.37,308.0,0.46,549.44,0.36,253.0,0.47,442.27
2026-01-07 06:00:34.171000+00:00,2026-01-07 06:00:31.564395+00:00,34.171,0.585,0.58,0.59,0.415,0.41,0.42,98.62,220.0,220.0,98.62,0.57,506.0,0.6,199.0,0.56,493.0,0.61,202.0,0.55,415.0,0.62,101.0,0.54,549.44,0.63,308.0,0.53,442.27,0.64,253.0,0.4,199.0,0.43,506.0,0.39,202.0,0.44,493.0,0.38,101.0,0.45,415.0,0.37,308.0,0.46,549.44,0.36,253.0,0.47,442.27
2026-01-07 06:00:35.167000+00:00,2026-01-07 06:00:32.585146+00:00,35.167,0.585,0.58,0.59,0.415,0.41,0.42,168.62,203.3,203.3,168.62,0.57,506.0,0.6,214.0,0.56,493.0,0.61,202.0,0.55,415.0,0.62,35.0,0.54,549.44,0.63,308.0,0.53,442.27,0.64,253.0,0.4,214.0,0.43,506.0,0.39,202.0,0.44,493.0,0.38,101.0,0.45,415.0,0.37,308.0,0.46,549.44,0.36,253.0,0.47,442.27
2026-01-07 06:00:36.193000+00:00,2026-01-07 06:00:33.592362+00:00,36.193,0.555,0.55,0.56,0.445,0.44,0.45,6.0,283.0,462.0,6.0,0.54,35.04,0.57,215.0,0.53,163.27,0.58,308.0,0.52,294.69,0.59,670.13,0.51,812.11,0.6,519.0,0.5,1092.26,0.61,384.0,0.43,337.0,0.46,163.04,0.42,308.0,0.47,158.27,0.41,590.13,0.48,294.69,0.4,519.0,0.49,812.11,0.39,384.0,0.5,1092.26
2026-01-07 06:00:37.171000+00:00,2026-01-07 06:00:34.612792+00:00,37.171,0.555,0.55,0.56,0.445,0.44,0.45,296.0,179.0,169.0,224.0,0.54,511.04,0.57,35.0,0.53,417.27,0.58,120.0,0.52,606.69,0.59,273.13,0.51,839.11,0.6,488.0,0.5,1092.26,0.61,388.0,0.43,35.0,0.46,511.04,0.42,120.0,0.47,417.27,0.41,249.13,0.48,606.69,0.4,473.0,0.49,839.11,0.39,388.0,0.5,1092.26
2026-01-07 06:00:38.229000+00:00,2026-01-07 06:00:35.619208+00:00,38.229,0.585,0.58,0.59,0.415,0.41,0.42,198.76,40.96,40.96,186.76,0.57,642.0,0.6,223.0,0.56,429.0,0.61,120.0,0.55,496.0,0.62,89.0,0.54,489.04,0.63,380.0,0.53,442.27,0.64,218.0,0.4,223.0,0.43,654.0,0.39,120.0,0.44,429.0,0.38,89.0,0.45,496.0,0.37,380.0,0.46,489.04,0.36,218.0,0.47,442.27
2026-01-07 06:00:39.200000+00:00,2026-01-07 06:00:36.625532+00:00,39.2,0.585,0.58,0.59,0.415,0.41,0.42,120.0,105.96,105.96,120.0,0.57,711.0,0.6,200.0,0.56,444.0,0.61,222.0,0.55,496.0,0.62,59.0,0.54,489.04,0.63,376.0,0.53,442.27,0.64,218.0,0.4,200.0,0.43,699.0,0.39,286.0,0.44,468.0,0.38,35.0,0.45,496.0,0.37,308.0,0.46,489.04,0.36,218.0,0.47,442.27
2026-01-07 06:00:40.186000+00:00,2026-01-07 06:00:37.628898+00:00,40.186,0.585,0.58,0.59,0.415,0.41,0.42,120.0,90.96,90.96,120.0,0.57,347.0,0.6,260.0,0.56,504.0,0.61,250.0,0.55,508.0,0.62,218.0,0.54,489.04,0.63,308.0,0.53,442.27,0.64,339.0,0.4,260.0,0.43,347.0,0.39,250.0,0.44,504.0,0.38,218.0,0.45,508.0,0.37,308.0,0.46,489.04,0.36,339.0,0.47,442.27
2026-01-07 06:00:41.203000+00:00,2026-01-07 06:00:38.647609+00:00,41.203,0.59,0.58,0.6,0.415,0.41,0.42,49.62,280.0,50.0,49.62,0.57,347.0,0.61,250.0,0.56,504.0,0.62,218.0,0.55,508.0,0.63,308.0,0.54,489.04,0.64,339.0,0.53,442.27,0.65,319.0,0.4,260.0,0.43,371.0,0.39,235.0,0.44,465.0,0.38,233.0,0.45,508.0,0.37,308.0,0.46,489.04,0.36,339.0,0.47,442.27
2026-01-07 06:00:42.209000+00:00,2026-01-07 06:00:39.650168+00:00,42.209,0.59,0.58,0.6,0.405,0.4,0.41,156.0,235.0,180.0,30.0,0.57,416.0,0.61,365.11,0.56,456.0,0.62,312.0,0.55,496.0,0.63,378.0,0.54,489.04,0.64,409.0,0.53,651.27,0.65,389.0,0.39,335.11,0.42,156.0,0.38,342.0,0.43,431.0,0.37,378.0,0.44,441.0,0.36,409.0,0.45,496.0,0.35,389.0,0.46,489.04
2026-01-07 06:00:43+00:00,2026-01-07 06:00:40.650899+00:00,43.0,0.595,0.59,0.6,0.405,0.4,0.41,50.0,185.0,185.0,30.0,0.58,181.0,0.61,259.11,0.57,431.0,0.62,420.0,0.56,441.0,0.63,378.0,0.55,496.0,0.64,409.0,0.54,489.04,0.65,389.0,0.39,259.11,0.42,181.0,0.38,420.0,0.43,431.0,0.37,378.0,0.44,441.0,0.36,409.0,0.45,496.0,0.35,389.0,0.46,489.04
2026-01-07 06:00:44.250000+00:00,2026-01-07 06:00:41.657494+00:00,44.25,0.585,0.58,0.59,0.41000000000000003,0.4,0.42,75.0,137.0,278.0,120.0,0.57,368.0,0.6,357.0,0.56,516.0,0.61,229.11,0.55,508.0,0.62,288.0,0.54,501.04,0.63,393.0,0.53,651.27,0.64,409.0,0.39,278.11,0.43,383.0,0.38,303.0,0.44,453.0,0.37,393.0,0.45,496.0,0.36,409.0,0.46,489.04,0.35,389.0,0.47,651.27
2026-01-07 06:00:45.237000+00:00,2026-01-07 06:00:42.661974+00:00,45.237,0.59,0.58,0.6,0.41000000000000003,0.4,0.42,132.0,230.0,230.0,132.0,0.57,653.0,0.61,271.11,0.56,441.0,0.62,213.0,0.55,496.0,0.63,393.0,0.54,489.04,0.64,288.0,0.53,651.27,0.65,389.0,0.39,271.11,0.43,638.0,0.38,225.0,0.44,441.0,0.37,393.0,0.45,496.0,0.36,288.0,0.46,489.04,0.35,389.0,0.47,651.27
2026-01-07 06:00:46.252000+00:00,2026-01-07 06:00:43.664322+00:00,46.252,0.595,0.59,0.6,0.405,0.4,0.41,155.0,70.0,70.0,152.56,0.58,217.0,0.61,219.11,0.57,485.0,0.62,189.0,0.56,429.0,0.63,413.0,0.55,496.0,0.64,378.0,0.54,489.04,0.65,389.0,0.39,219.11,0.42,217.0,0.38,189.0,0.43,485.0,0.37,413.0,0.44,429.0,0.36,378.0,0.45,496.0,0.35,389.0,0.46,489.04
2026-01-07 06:00:47.288000+00:00,2026-01-07 06:00:44.680670+00:00,47.288,0.595,0.59,0.6,0.395,0.39,0.4,601.18,20.0,29.11,218.0,0.58,572.0,0.61,29.11,0.57,454.0,0.62,35.0,0.56,454.0,0.63,10.0,0.55,720.0,0.64,235.0,0.54,454.04,0.65,305.0,0.38,35.0,0.41,584.0,0.37,10.0,0.42,577.0,0.36,235.0,0.43,454.0,0.35,305.0,0.44,454.0,0.34,390.0,0.45,720.0
2026-01-07 06:00:48.242000+00:00,2026-01-07 06:00:45.682787+00:00,48.242,0.615,0.61,0.62,0.385,0.38,0.39,323.89,224.0,224.0,323.89,0.6,531.0,0.63,35.0,0.59,453.0,0.64,58.0,0.58,602.0,0.65,279.0,0.57,678.0,0.66,50.0,0.56,454.0,0.67,348.0,0.37,35.0,0.4,541.0,0.36,58.0,0.41,453.0,0.35,196.0,0.42,602.0,0.34,124.0,0.43,678.0,0.33,243.0,0.44,454.0
2026-01-07 06:00:49.301000+00:00,2026-01-07 06:00:46.686448+00:00,49.301,0.635,0.63,0.64,0.365,0.36,0.37,90.0,35.0,35.0,65.0,0.62,293.0,0.65,100.0,0.61,403.89,0.66,181.0,0.6,441.0,0.67,258.0,0.59,469.0,0.68,519.0,0.58,811.0,0.69,374.0,0.35,100.0,0.38,317.0,0.34,181.0,0.39,403.89,0.33,258.0,0.4,441.0,0.32,597.0,0.41,469.0,0.31,374.0,0.42,811.0
2026-01-07 06:00:50.289000+00:00,2026-01-07 06:00:47.692839+00:00,50.289,0.635,0.63,0.64,0.365,0.36,0.37,335.29,35.0,35.0,335.29,0.62,315.0,0.65,96.0,0.61,468.89,0.66,185.0,0.6,429.0,0.67,75.0,0.59,454.0,0.68,293.0,0.58,811.0,0.69,253.0,0.35,96.0,0.38,315.0,0.34,185.0,0.39,453.89,0.33,75.0,0.4,444.0,0.32,293.0,0.41,454.0,0.31,253.0,0.42,811.0
2026-01-07 06:00:51.267000+00:00,2026-01-07 06:00:48.712148+00:00,51.267,0.635,0.63,0.64,0.365,0.36,0.37,220.29,25.0,25.0,220.29,0.62,385.0,0.65,171.0,0.61,468.89,0.66,274.0,0.6,429.0,0.67,60.0,0.59,454.0,0.68,215.0,0.58,811.0,0.69,253.0,0.35,171.0,0.38,475.0,0.34,274.0,0.39,468.89,0.33,60.0,0.4,429.0,0.32,215.0,0.41,454.0,0.31,253.0,0.42,811.0
2026-01-07 06:00:52.309000+00:00,2026-01-07 06:00:49.713434+00:00,52.309,0.645,0.64,0.65,0.355,0.35,0.36,50.0,65.0,65.0,50.0,0.63,415.29,0.66,206.0,0.62,465.0,0.67,159.0,0.61,416.89,0.68,215.0,0.6,454.0,0.69,288.0,0.59,454.0,0.7,399.0,0.34,206.0,0.37,415.29,0.33,159.0,0.38,465.0,0.32,215.0,0.39,416.89,0.31,288.0,0.4,454.0,0.3,399.0,0.41,454.0
2026-01-07 06:00:53.175000+00:00,2026-01-07 06:00:50.716549+00:00,53.175,0.645,0.64,0.65,0.355,0.35,0.36,65.0,289.0,274.0,85.0,0.63,512.29,0.66,120.0,0.62,465.0,0.67,278.0,0.61,404.89,0.68,437.0,0.6,454.0,0.69,288.0,0.59,454.0,0.7,399.0,0.34,120.0,0.37,512.29,0.33,278.0,0.38,450.0,0.32,437.0,0.39,404.89,0.31,288.0,0.4,454.0,0.3,399.0,0.41,454.0
2026-01-07 06:00:54.302000+00:00,2026-01-07 06:00:51.722779+00:00,54.302,0.645,0.64,0.65,0.355,0.35,0.36,85.0,274.0,274.0,80.0,0.63,587.29,0.66,120.0,0.62,360.0,0.67,202.0,0.61,404.89,0.68,515.0,0.6,454.0,0.69,288.0,0.59,454.0,0.7,399.0,0.34,120.0,0.37,575.29,0.33,241.0,0.38,360.0,0.32,476.0,0.39,416.89,0.31,288.0,0.4,454.0,0.3,399.0,0.41,454.0
2026-01-07 06:00:55.780000+00:00,2026-01-07 06:00:53.728884+00:00,55.78,0.645,0.64,0.65,0.355,0.35,0.36,140.0,294.0,274.0,140.0,0.63,551.29,0.66,136.0,0.62,384.0,0.67,205.0,0.61,416.89,0.68,476.0,0.6,454.0,0.69,288.0,0.59,454.0,0.7,399.0,0.34,156.0,0.37,551.29,0.33,205.0,0.38,384.0,0.32,476.0,0.39,416.89,0.31,288.0,0.4,454.0,0.3,399.0,0.41,454.0
2026-01-07 06:00:57.350000+00:00,2026-01-07 06:00:54.749228+00:00,57.35,0.645,0.64,0.65,0.355,0.35,0.36,185.0,274.0,274.0,140.0,0.63,551.29,0.66,156.0,0.62,384.0,0.67,205.0,0.61,416.89,0.68,476.0,0.6,454.0,0.69,288.0,0.59,454.0,0.7,399.0,0.34,230.0,0.37,551.29,0.33,205.0,0.38,384.0,0.32,398.0,0.39,416.89,0.31,288.0,0.4,454.0,0.3,399.0,0.41,454.0
2026-01-07 06:00:58.350000+00:00,2026-01-07 06:00:55.752393+00:00,58.35,0.645,0.64,0.65,0.35,0.34,0.36,500.0,15.0,35.0,487.0,0.63,441.29,0.66,35.0,0.62,429.0,0.67,20.0,0.61,429.89,0.68,243.0,0.6,678.0,0.69,318.0,0.59,454.0,0.7,391.0,0.33,20.0,0.37,441.29,0.32,243.0,0.38,429.0,0.31,228.0,0.39,429.89,0.3,208.0,0.4,678.0,0.29,253.0,0.41,454.0
2026-01-07 06:00:59.348000+00:00,2026-01-07 06:00:56.755421+00:00,59.348,0.665,0.66,0.67,0.335,0.33,0.34,95.0,10.0,10.0,95.0,0.65,460.0,0.68,243.0,0.64,332.0,0.69,239.0,0.63,569.29,0.7,262.0,0.62,454.0,0.71,288.0,0.61,424.89,0.72,394.0,0.32,243.0,0.35,460.0,0.31,239.0,0.36,332.0,0.3,262.0,0.37,569.29,0.29,288.0,0.38,454.0,0.28,394.0,0.39,419.89
2026-01-07 06:01:00.380000+00:00,2026-01-07 06:00:57.775260+00:00,60.38,0.665,0.66,0.67,0.335,0.33,0.34,268.0,234.0,428.0,218.0,0.65,490.0,0.68,217.0,0.64,481.0,0.69,215.0,0.63,569.29,0.7,137.0,0.62,454.0,0.71,288.0,0.61,384.89,0.72,429.0,0.32,200.0,0.35,308.0,0.31,155.0,0.36,489.0,0.3,125.0,0.37,581.29,0.29,288.0,0.38,454.0,0.28,429.0,0.39,384.89
2026-01-07 06:01:01.351000+00:00,2026-01-07 06:00:58.793104+00:00,61.351,0.665,0.66,0.67,0.335,0.33,0.34,238.0,516.0,516.0,183.94,0.65,333.0,0.68,110.0,0.64,559.0,0.69,245.0,0.63,653.29,0.7,35.0,0.62,466.0,0.71,288.0,0.61,384.89,0.72,429.0,0.32,110.0,0.35,333.0,0.31,245.0,0.36,559.0,0.3,35.0,0.37,653.29,0.29,288.0,0.38,466.0,0.28,429.0,0.39,384.89
2026-01-07 06:01:02.384000+00:00,2026-01-07 06:00:59.798267+00:00,62.384,0.665,0.66,0.67,0.335,0.33,0.34,161.94,258.0,246.0,161.94,0.65,145.0,0.68,303.0,0.64,510.0,0.69,130.0,0.63,593.29,0.7,333.0,0.62,454.0,0.71,288.0,0.61,384.89,0.72,394.0,0.32,315.0,0.35,150.0,0.31,212.0,0.36,498.0,0.3,403.0,0.37,593.29,0.29,288.0,0.38,454.0,0.28,394.0,0.39,384.89
2026-01-07 06:01:03.426000+00:00,2026-01-07 06:01:00.813901+00:00,63.426,0.665,0.66,0.67,0.335,0.33,0.34,166.94,246.0,234.0,171.94,0.65,162.0,0.68,303.0,0.64,498.0,0.69,212.0,0.63,593.29,0.7,403.0,0.62,454.0,0.71,288.0,0.61,384.89,0.72,394.0,0.32,315.0,0.35,169.0,0.31,224.0,0.36,498.0,0.3,403.0,0.37,581.29,0.29,288.0,0.38,454.0,0.28,394.0,0.39,384.89
2026-01-07 06:01:04.222000+00:00,2026-01-07 06:01:01.825783+00:00,64.222,0.665,0.66,0.67,0.335,0.33,0.34,126.94,395.0,395.0,141.94,0.65,150.0,0.68,247.0,0.64,450.0,0.69,220.0,0.63,641.29,0.7,403.0,0.62,466.0,0.71,288.0,0.61,608.89,0.72,394.0,0.32,247.0,0.35,150.0,0.31,220.0,0.36,450.0,0.3,403.0,0.37,641.29,0.29,303.0,0.38,466.0,0.28,394.0,0.39,608.89
2026-01-07 06:01:05.401000+00:00,2026-01-07 06:01:02.827196+00:00,65.401,0.665,0.66,0.67,0.335,0.33,0.34,126.94,335.0,335.0,126.94,0.65,162.0,0.68,248.0,0.64,510.0,0.69,257.0,0.63,569.29,0.7,378.0,0.62,466.0,0.71,288.0,0.61,608.89,0.72,444.0,0.32,248.0,0.35,162.0,0.31,257.0,0.36,510.0,0.3,378.0,0.37,569.29,0.29,288.0,0.38,466.0,0.28,444.0,0.39,608.89
2026-01-07 06:01:06.388000+00:00,2026-01-07 06:01:03.829965+00:00,66.388,0.665,0.66,0.67,0.335,0.33,0.34,171.94,213.0,213.0,171.94,0.65,193.0,0.68,244.0,0.64,474.0,0.69,305.0,0.63,581.29,0.7,378.0,0.62,454.0,0.71,288.0,0.61,608.89,0.72,444.0,0.32,244.0,0.35,193.0,0.31,305.0,0.36,474.0,0.3,378.0,0.37,581.29,0.29,288.0,0.38,454.0,0.28,444.0,0.39,608.89
2026-01-07 06:01:07.452000+00:00,2026-01-07 06:01:04.848096+00:00,67.452,0.665,0.66,0.67,0.335,0.33,0.34,201.94,213.0,289.0,206.94,0.65,407.0,0.68,154.0,0.64,435.0,0.69,275.0,0.63,569.29,0.7,237.0,0.62,454.0,0.71,288.0,0.61,608.89,0.72,444.0,0.32,154.0,0.35,407.0,0.31,275.0,0.36,345.0,0.3,237.0,0.37,569.29,0.29,288.0,0.38,454.0,0.28,444.0,0.39,608.89
2026-01-07 06:01:08.452000+00:00,2026-01-07 06:01:05.846469+00:00,68.452,0.665,0.66,0.67,0.335,0.33,0.34,157.82,213.0,213.0,162.82,0.65,370.0,0.68,232.0,0.64,313.0,0.69,250.0,0.63,581.29,0.7,185.0,0.62,544.0,0.71,288.0,0.61,643.89,0.72,444.0,0.32,267.0,0.35,405.0,0.31,272.0,0.36,335.0,0.3,220.0,0.37,581.29,0.29,288.0,0.38,544.0,0.28,444.0,0.39,643.89
2026-01-07 06:01:09.432000+00:00,2026-01-07 06:01:06.847594+00:00,69.432,0.665,0.66,0.67,0.335,0.33,0.34,136.26,213.0,213.0,130.37,0.65,358.0,0.68,315.0,0.64,395.0,0.69,200.0,0.63,593.29,0.7,240.0,0.62,454.0,0.71,288.0,0.61,643.89,0.72,429.0,0.32,315.0,0.35,370.0,0.31,224.0,0.36,395.0,0.3,240.0,0.37,581.29,0.29,288.0,0.38,544.0,0.28,429.0,0.39,643.89
2026-01-07 06:01:10.427000+00:00,2026-01-07 06:01:07.853961+00:00,70.427,0.665,0.66,0.67,0.335,0.33,0.34,170.37,213.0,213.0,170.37,0.65,495.0,0.68,267.0,0.64,335.0,0.69,272.0,0.63,581.29,0.7,240.0,0.62,454.0,0.71,288.0,0.61,643.89,0.72,429.0,0.32,267.0,0.35,495.0,0.31,272.0,0.36,335.0,0.3,240.0,0.37,581.29,0.29,303.0,0.38,454.0,0.28,429.0,0.39,643.89
2026-01-07 06:01:11.434000+00:00,2026-01-07 06:01:08.856910+00:00,71.434,0.665,0.66,0.67,0.335,0.33,0.34,127.25,213.0,213.0,112.25,0.65,495.0,0.68,267.0,0.64,335.0,0.69,272.0,0.63,581.29,0.7,240.0,0.62,454.0,0.71,303.0,0.61,643.89,0.72,429.0,0.32,267.0,0.35,510.0,0.31,242.0,0.36,320.0,0.3,270.0,0.37,581.29,0.29,303.0,0.38,454.0,0.28,429.0,0.39,643.89
2026-01-07 06:01:12.505000+00:00,2026-01-07 06:01:09.874013+00:00,72.505,0.665,0.66,0.67,0.335,0.33,0.34,72.25,355.0,307.0,72.25,0.65,448.0,0.68,305.0,0.64,323.0,0.69,185.0,0.63,656.29,0.7,240.0,0.62,478.0,0.71,303.0,0.61,643.89,0.72,429.0,0.32,325.0,0.35,448.0,0.31,200.0,0.36,323.0,0.3,240.0,0.37,608.29,0.29,303.0,0.38,466.0,0.28,429.0,0.39,643.89
2026-01-07 06:01:13.476000+00:00,2026-01-07 06:01:10.875550+00:00,73.476,0.665,0.66,0.67,0.335,0.33,0.34,42.25,477.0,477.0,42.25,0.65,448.0,0.68,305.0,0.64,323.0,0.69,200.0,0.63,668.29,0.7,240.0,0.62,466.0,0.71,303.0,0.61,643.89,0.72,429.0,0.32,305.0,0.35,448.0,0.31,200.0,0.36,323.0,0.3,240.0,0.37,668.29,0.29,303.0,0.38,466.0,0.28,429.0,0.39,643.89
2026-01-07 06:01:14.500000+00:00,2026-01-07 06:01:11.896038+00:00,74.5,0.665,0.66,0.67,0.335,0.33,0.34,15.0,429.0,429.0,30.0,0.65,446.18,0.68,341.0,0.64,347.0,0.69,200.0,0.63,596.29,0.7,423.0,0.62,466.0,0.71,303.0,0.61,643.89,0.72,429.0,0.32,353.0,0.35,446.18,0.31,200.0,0.36,395.0,0.3,423.0,0.37,596.29,0.29,303.0,0.38,454.0,0.28,429.0,0.39,643.89
2026-01-07 06:01:15.466000+00:00,2026-01-07 06:01:12.899763+00:00,75.466,0.655,0.65,0.66,0.345,0.34,0.35,35.0,152.0,177.0,35.0,0.64,353.0,0.67,428.58,0.63,644.29,0.68,323.0,0.62,478.0,0.69,382.0,0.61,655.89,0.7,348.0,0.6,404.0,0.71,409.0,0.33,428.58,0.36,170.0,0.32,323.0,0.37,523.29,0.31,443.0,0.38,478.0,0.3,348.0,0.39,655.89,0.29,409.0,0.4,404.0
2026-01-07 06:01:16.504000+00:00,2026-01-07 06:01:13.905599+00:00,76.504,0.655,0.65,0.66,0.345,0.34,0.35,5.0,226.0,226.0,5.0,0.64,80.0,0.67,451.0,0.63,250.29,0.68,373.0,0.62,397.0,0.69,378.0,0.61,585.89,0.7,449.0,0.6,439.0,0.71,409.0,0.33,451.0,0.36,80.0,0.32,373.0,0.37,250.29,0.31,378.0,0.38,397.0,0.3,449.0,0.39,585.89,0.29,409.0,0.4,439.0
2026-01-07 06:01:17.469000+00:00,2026-01-07 06:01:14.909119+00:00,77.469,0.655,0.65,0.66,0.345,0.34,0.35,5.0,236.89,236.89,5.0,0.64,85.0,0.67,373.0,0.63,352.29,0.68,463.0,0.62,290.0,0.69,378.0,0.61,585.89,0.7,449.0,0.6,439.0,0.71,409.0,0.33,373.0,0.36,85.0,0.32,463.0,0.37,352.29,0.31,378.0,0.38,290.0,0.3,449.0,0.39,585.89,0.29,409.0,0.4,439.0
2026-01-07 06:01:18.193000+00:00,2026-01-07 06:01:15.914101+00:00,78.193,0.655,0.65,0.66,0.345,0.34,0.35,5.0,216.89,211.89,5.0,0.64,85.0,0.67,373.0,0.63,352.29,0.68,463.0,0.62,290.0,0.69,378.0,0.61,585.89,0.7,449.0,0.6,439.0,0.71,409.0,0.33,373.0,0.36,85.0,0.32,463.0,0.37,352.29,0.31,378.0,0.38,290.0,0.3,449.0,0.39,585.89,0.29,409.0,0.4,439.0
2026-01-07 06:01:19.516000+00:00,2026-01-07 06:01:16.917838+00:00,79.516,0.655,0.65,0.66,0.345,0.34,0.35,5.0,160.6,145.6,5.0,0.64,116.99,0.67,385.0,0.63,410.29,0.68,463.0,0.62,360.0,0.69,378.0,0.61,655.89,0.7,449.0,0.6,439.0,0.71,409.0,0.33,385.0,0.36,136.99,0.32,463.0,0.37,390.29,0.31,378.0,0.38,348.0,0.3,449.0,0.39,643.89,0.29,409.0,0.4,439.0
2026-01-07 06:01:20.550000+00:00,2026-01-07 06:01:17.923266+00:00,80.55,0.655,0.65,0.66,0.345,0.34,0.35,5.0,468.6,478.6,5.0,0.64,136.99,0.67,309.0,0.63,402.29,0.68,373.0,0.62,360.0,0.69,483.0,0.61,643.89,0.7,434.0,0.6,439.0,0.71,409.0,0.33,309.0,0.36,136.99,0.32,373.0,0.37,402.29,0.31,483.0,0.38,360.0,0.3,434.0,0.39,643.89,0.29,409.0,0.4,439.0
2026-01-07 06:01:21.536000+00:00,2026-01-07 06:01:18.941382+00:00,81.536,0.625,0.62,0.63,0.385,0.38,0.39,16.84,146.0,8.0,302.0,0.61,213.0,0.64,249.0,0.6,498.0,0.65,393.0,0.59,449.0,0.66,502.22,0.58,416.04,0.67,499.0,0.57,404.0,0.68,534.0,0.37,170.0,0.4,488.0,0.36,260.0,0.41,452.0,0.35,368.0,0.42,431.04,0.34,447.22,0.43,439.0,0.33,519.0,0.44,404.0
2026-01-07 06:01:22.500000+00:00,2026-01-07 06:01:19.941283+00:00,82.5,0.62,0.61,0.63,0.38,0.37,0.39,302.0,115.0,115.0,297.0,0.6,536.0,0.64,296.0,0.59,399.0,0.65,377.0,0.58,419.04,0.66,447.22,0.57,369.0,0.67,519.0,0.56,404.0,0.68,489.0,0.36,296.0,0.4,536.0,0.35,377.0,0.41,399.0,0.34,447.22,0.42,419.04,0.33,519.0,0.43,369.0,0.32,489.0,0.44,404.0
2026-01-07 06:01:23.525000+00:00,2026-01-07 06:01:20.961449+00:00,83.525,0.615,0.61,0.62,0.385,0.38,0.39,276.0,125.0,125.0,252.0,0.6,543.99,0.63,95.0,0.59,411.0,0.64,227.0,0.58,419.04,0.65,265.0,0.57,369.0,0.66,447.22,0.56,404.0,0.67,398.0,0.37,95.0,0.4,543.99,0.36,251.0,0.41,411.0,0.35,241.0,0.42,419.04,0.34,447.22,0.43,369.0,0.33,398.0,0.44,404.0
2026-01-07 06:01:24.521000+00:00,2026-01-07 06:01:21.981816+00:00,84.521,0.62,0.61,0.63,0.38,0.37,0.39,446.97,184.01,184.01,507.97,0.6,539.0,0.64,267.0,0.59,466.0,0.65,385.0,0.58,489.04,0.66,357.22,0.57,439.0,0.67,398.0,0.56,404.0,0.68,504.0,0.36,267.0,0.4,539.0,0.35,385.0,0.41,466.0,0.34,174.22,0.42,489.04,0.33,398.0,0.43,439.0,0.32,504.0,0.44,404.0
2026-01-07 06:01:25.594000+00:00,2026-01-07 06:01:22.988944+00:00,85.594,0.62,0.61,0.63,0.38,0.37,0.39,507.97,184.01,184.01,507.97,0.6,539.0,0.64,255.0,0.59,466.0,0.65,314.0,0.58,713.04,0.66,248.22,0.57,439.0,0.67,413.0,0.56,404.0,0.68,489.0,0.36,255.0,0.4,527.0,0.35,326.0,0.41,466.0,0.34,248.22,0.42,713.04,0.33,413.0,0.43,439.0,0.32,489.0,0.44,404.0
2026-01-07 06:01:26.420000+00:00,2026-01-07 06:01:24.012922+00:00,86.42,0.625,0.62,0.63,0.375,0.37,0.38,20.0,184.01,184.01,20.0,0.61,621.97,0.64,207.0,0.6,401.0,0.65,307.0,0.59,466.0,0.66,174.22,0.58,713.04,0.67,503.0,0.57,439.0,0.68,489.0,0.36,207.0,0.39,645.97,0.35,355.0,0.4,401.0,0.34,174.22,0.41,466.0,0.33,483.0,0.42,713.04,0.32,489.0,0.43,439.0
2026-01-07 06:01:27.050000+00:00,2026-01-07 06:01:25.017285+00:00,87.05,0.625,0.62,0.63,0.375,0.37,0.38,25.0,184.01,184.01,25.0,0.61,640.97,0.64,207.0,0.6,401.0,0.65,284.0,0.59,466.0,0.66,248.22,0.58,713.04,0.67,483.0,0.57,439.0,0.68,509.0,0.36,207.0,0.39,640.97,0.35,284.0,0.4,401.0,0.34,248.22,0.41,466.0,0.33,483.0,0.42,713.04,0.32,509.0,0.43,439.0
2026-01-07 06:01:28.528000+00:00,2026-01-07 06:01:26.017207+00:00,88.528,0.62,0.61,0.63,0.38,0.37,0.39,481.06,189.01,183.54,481.06,0.6,422.0,0.64,285.0,0.59,481.0,0.65,206.0,0.58,713.04,0.66,248.22,0.57,439.0,0.67,483.0,0.56,404.0,0.68,509.0,0.36,285.0,0.4,422.0,0.35,206.0,0.41,481.0,0.34,248.22,0.42,713.04,0.33,483.0,0.43,439.0,0.32,509.0,0.44,404.0
2026-01-07 06:01:29.451000+00:00,2026-01-07 06:01:27.025033+00:00,89.451,0.62,0.61,0.63,0.38,0.37,0.39,481.06,168.54,168.54,505.06,0.6,422.0,0.64,509.0,0.59,481.0,0.65,206.0,0.58,713.04,0.66,248.22,0.57,439.0,0.67,483.0,0.56,404.0,0.68,509.0,0.36,467.0,0.4,401.0,0.35,236.0,0.41,466.0,0.34,248.22,0.42,713.04,0.33,483.0,0.43,439.0,0.32,509.0,0.44,404.0
2026-01-07 06:01:30.579000+00:00,2026-01-07 06:01:28.031423+00:00,90.579,0.62,0.61,0.63,0.38,0.37,0.39,462.06,152.11,152.11,462.06,0.6,446.0,0.64,533.0,0.59,481.0,0.65,182.0,0.58,713.04,0.66,248.22,0.57,439.0,0.67,483.0,0.56,404.0,0.68,509.0,0.36,533.0,0.4,446.0,0.35,182.0,0.41,481.0,0.34,248.22,0.42,713.04,0.33,483.0,0.43,439.0,0.32,509.0,0.44,404.0
2026-01-07 06:01:31.237000+00:00,2026-01-07 06:01:29.037221+00:00,91.237,0.625,0.62,0.63,0.375,0.37,0.38,20.0,152.11,152.11,20.0,0.61,498.06,0.64,455.0,0.6,425.0,0.65,248.0,0.59,466.0,0.66,248.22,0.58,713.04,0.67,483.0,0.57,439.0,0.68,509.0,0.36,455.0,0.39,498.06,0.35,248.0,0.4,425.0,0.34,248.22,0.41,466.0,0.33,483.0,0.42,713.04,0.32,509.0,0.43,439.0
2026-01-07 06:01:32.430000+00:00,2026-01-07 06:01:30.043833+00:00,92.43,0.625,0.62,0.63,0.375,0.37,0.38,215.0,10.0,10.0,170.0,0.61,454.06,0.64,439.0,0.6,374.0,0.65,170.0,0.59,454.0,0.66,365.22,0.58,713.04,0.67,512.0,0.57,439.0,0.68,489.0,0.36,439.0,0.39,439.06,0.35,200.0,0.4,389.0,0.34,335.22,0.41,454.0,0.33,512.0,0.42,713.04,0.32,489.0,0.43,439.0
2026-01-07 06:01:33.546000+00:00,2026-01-07 06:01:31.052198+00:00,93.546,0.625,0.62,0.63,0.375,0.37,0.38,20.0,200.0,225.0,20.0,0.61,481.93,0.64,521.0,0.6,434.0,0.65,194.0,0.59,481.0,0.66,263.22,0.58,713.04,0.67,488.0,0.57,439.0,0.68,489.0,0.36,521.0,0.39,481.93,0.35,194.0,0.4,434.0,0.34,263.22,0.41,481.0,0.33,488.0,0.42,713.04,0.32,489.0,0.43,439.0
2026-01-07 06:01:34.670000+00:00,2026-01-07 06:01:32.060048+00:00,94.67,0.625,0.62,0.63,0.375,0.37,0.38,239.0,75.0,75.0,239.0,0.61,400.06,0.64,329.0,0.6,471.0,0.65,190.0,0.59,454.0,0.66,255.22,0.58,713.04,0.67,564.0,0.57,439.0,0.68,489.0,0.36,334.0,0.39,400.06,0.35,190.0,0.4,471.0,0.34,303.22,0.41,454.0,0.33,576.0,0.42,678.0,0.32,489.0,0.43,439.0
2026-01-07 06:01:35.581000+00:00,2026-01-07 06:01:33.069380+00:00,95.581,0.625,0.62,0.63,0.375,0.37,0.38,287.0,75.0,75.0,302.0,0.61,352.06,0.64,334.0,0.6,459.0,0.65,190.0,0.59,454.0,0.66,267.22,0.58,678.0,0.67,612.0,0.57,439.0,0.68,489.0,0.36,334.0,0.39,352.06,0.35,190.0,0.4,459.0,0.34,267.22,0.41,454.0,0.33,536.0,0.42,678.0,0.32,567.0,0.43,497.0
2026-01-07 06:01:36.385000+00:00,2026-01-07 06:01:34.107450+00:00,96.385,0.625,0.62,0.63,0.375,0.37,0.38,197.0,80.0,80.0,182.0,0.61,442.06,0.64,439.0,0.6,471.0,0.65,170.0,0.59,454.0,0.66,303.22,0.58,678.0,0.67,576.0,0.57,439.0,0.68,489.0,0.36,439.0,0.39,442.06,0.35,170.0,0.4,471.0,0.34,291.22,0.41,454.0,0.33,576.0,0.42,678.0,0.32,489.0,0.43,439.0
2026-01-07 06:01:37.692000+00:00,2026-01-07 06:01:35.113817+00:00,97.692,0.625,0.62,0.63,0.375,0.37,0.38,105.0,40.01,40.01,120.0,0.61,412.06,0.64,439.0,0.6,471.0,0.65,266.0,0.59,466.0,0.66,219.22,0.58,678.0,0.67,474.0,0.57,439.0,0.68,489.0,0.36,439.0,0.39,397.06,0.35,296.0,0.4,471.0,0.34,174.22,0.41,466.0,0.33,474.0,0.42,678.0,0.32,489.0,0.43,439.0
2026-01-07 06:01:38.703000+00:00,2026-01-07 06:01:36.118633+00:00,98.703,0.62,0.61,0.63,0.38,0.37,0.39,432.93,245.0,285.0,452.93,0.6,473.0,0.64,485.0,0.59,529.0,0.65,170.0,0.58,690.0,0.66,248.22,0.57,439.0,0.67,398.0,0.56,404.0,0.68,489.0,0.36,473.0,0.4,468.0,0.35,170.0,0.41,517.0,0.34,248.22,0.42,690.0,0.33,398.0,0.43,439.0,0.32,489.0,0.44,404.0
2026-01-07 06:01:39.731000+00:00,2026-01-07 06:01:37.124169+00:00,99.731,0.625,0.62,0.63,0.375,0.37,0.38,5.0,301.0,301.0,5.0,0.61,437.93,0.64,449.0,0.6,444.0,0.65,170.0,0.59,493.0,0.66,248.22,0.58,738.0,0.67,398.0,0.57,451.0,0.68,489.0,0.36,449.0,0.39,437.93,0.35,170.0,0.4,444.0,0.34,248.22,0.41,493.0,0.33,398.0,0.42,726.0,0.32,489.0,0.43,451.0
2026-01-07 06:01:40.470000+00:00,2026-01-07 06:01:38.147274+00:00,100.47,0.625,0.62,0.63,0.375,0.37,0.38,125.0,80.0,80.0,125.0,0.61,377.0,0.64,523.0,0.6,556.0,0.65,212.0,0.59,478.0,0.66,174.22,0.58,678.0,0.67,474.0,0.57,404.0,0.68,489.0,0.36,511.0,0.39,377.0,0.35,212.0,0.4,556.0,0.34,174.22,0.41,478.0,0.33,474.0,0.42,678.0,0.32,489.0,0.43,404.0
2026-01-07 06:01:41.444000+00:00,2026-01-07 06:01:39.155055+00:00,101.444,0.625,0.62,0.63,0.375,0.37,0.38,40.0,185.0,185.0,40.0,0.61,414.87,0.64,503.0,0.6,591.04,0.65,212.0,0.59,466.0,0.66,174.22,0.58,690.0,0.67,454.0,0.57,404.0,0.68,509.0,0.36,503.0,0.39,414.87,0.35,212.0,0.4,591.04,0.34,174.22,0.41,466.0,0.33,454.0,0.42,678.0,0.32,509.0,0.43,404.0
2026-01-07 06:01:42.758000+00:00,2026-01-07 06:01:40.162734+00:00,102.758,0.625,0.62,0.63,0.375,0.37,0.38,40.0,321.0,309.0,40.0,0.61,409.87,0.64,449.0,0.6,509.04,0.65,185.0,0.59,541.0,0.66,248.22,0.58,690.0,0.67,378.0,0.57,416.0,0.68,509.0,0.36,449.0,0.39,409.87,0.35,185.0,0.4,509.04,0.34,248.22,0.41,541.0,0.33,378.0,0.42,690.0,0.32,509.0,0.43,416.0
2026-01-07 06:01:43.627000+00:00,2026-01-07 06:01:41.184623+00:00,103.627,0.625,0.62,0.63,0.375,0.37,0.38,40.0,185.0,185.0,85.0,0.61,426.87,0.64,503.0,0.6,591.04,0.65,212.0,0.59,454.0,0.66,248.22,0.58,690.0,0.67,378.0,0.57,404.0,0.68,509.0,0.36,503.0,0.39,426.87,0.35,212.0,0.4,591.04,0.34,248.22,0.41,454.0,0.33,378.0,0.42,690.0,0.32,509.0,0.43,404.0
2026-01-07 06:01:44.796000+00:00,2026-01-07 06:01:42.188522+00:00,104.796,0.625,0.62,0.63,0.375,0.37,0.38,125.0,75.0,75.0,125.0,0.61,444.0,0.64,404.0,0.6,543.04,0.65,309.0,0.59,454.0,0.66,161.22,0.58,678.0,0.67,454.0,0.57,404.0,0.68,509.0,0.36,404.0,0.39,449.0,0.35,309.0,0.4,543.04,0.34,161.22,0.41,454.0,0.33,454.0,0.42,678.0,0.32,509.0,0.43,404.0
2026-01-07 06:01:45.663000+00:00,2026-01-07 06:01:43.194905+00:00,105.663,0.625,0.62,0.63,0.375,0.37,0.38,130.0,75.0,75.0,130.0,0.61,449.0,0.64,416.0,0.6,543.04,0.65,309.0,0.59,454.0,0.66,149.22,0.58,678.0,0.67,454.0,0.57,404.0,0.68,509.0,0.36,416.0,0.39,449.0,0.35,309.0,0.4,543.04,0.34,149.22,0.41,454.0,0.33,454.0,0.42,678.0,0.32,509.0,0.43,404.0
2026-01-07 06:01:46.616000+00:00,2026-01-07 06:01:44.198643+00:00,106.616,0.625,0.62,0.63,0.375,0.37,0.38,160.0,75.0,75.0,145.0,0.61,449.0,0.64,416.0,0.6,543.04,0.65,309.0,0.59,454.0,0.66,149.22,0.58,678.0,0.67,454.0,0.57,404.0,0.68,509.0,0.36,416.0,0.39,449.0,0.35,309.0,0.4,543.04,0.34,149.22,0.41,454.0,0.33,454.0,0.42,678.0,0.32,509.0,0.43,404.0
2026-01-07 06:01:47.814000+00:00,2026-01-07 06:01:45.206057+00:00,107.814,0.625,0.62,0.63,0.375,0.37,0.38,45.0,225.0,272.0,45.0,0.61,414.87,0.64,438.0,0.6,516.04,0.65,195.0,0.59,493.0,0.66,149.22,0.58,678.0,0.67,454.0,0.57,404.0,0.68,489.0,0.36,396.0,0.39,414.87,0.35,225.0,0.4,516.04,0.34,149.22,0.41,502.0,0.33,474.0,0.42,690.0,0.32,489.0,0.43,404.0
2026-01-07 06:01:48.768000+00:00,2026-01-07 06:01:46.210728+00:00,108.768,0.625,0.62,0.63,0.375,0.37,0.38,45.0,185.0,185.0,45.0,0.61,414.87,0.64,396.0,0.6,531.04,0.65,225.0,0.59,454.0,0.66,149.22,0.58,678.0,0.67,398.0,0.57,462.0,0.68,567.0,0.36,444.0,0.39,426.87,0.35,261.0,0.4,579.04,0.34,149.22,0.41,466.0,0.33,398.0,0.42,678.0,0.32,567.0,0.43,462.0
2026-01-07 06:01:49.829000+00:00,2026-01-07 06:01:47.219474+00:00,109.829,0.625,0.62,0.63,0.375,0.37,0.38,45.0,200.0,200.0,45.0,0.61,474.87,0.64,414.0,0.6,516.04,0.65,255.0,0.59,481.0,0.66,149.22,0.58,678.0,0.67,398.0,0.57,462.0,0.68,567.0,0.36,462.0,0.39,438.87,0.35,243.0,0.4,564.04,0.34,271.22,0.41,481.0,0.33,398.0,0.42,678.0,0.32,567.0,0.43,462.0
2026-01-07 06:01:50.238000+00:00,2026-01-07 06:01:48.226141+00:00,110.238,0.625,0.62,0.63,0.375,0.37,0.38,50.0,104.76,104.76,50.0,0.61,469.87,0.64,432.0,0.6,543.04,0.65,273.0,0.59,466.0,0.66,332.22,0.58,678.0,0.67,398.0,0.57,462.0,0.68,567.0,0.36,432.0,0.39,469.87,0.35,273.0,0.4,543.04,0.34,332.22,0.41,466.0,0.33,398.0,0.42,678.0,0.32,567.0,0.43,462.0
2026-01-07 06:01:51.540000+00:00,2026-01-07 06:01:49.215171+00:00,111.54,0.625,0.62,0.63,0.375,0.37,0.38,120.0,104.76,104.76,120.0,0.61,469.87,0.64,392.0,0.6,528.04,0.65,173.0,0.59,481.0,0.66,332.22,0.58,678.0,0.67,398.0,0.57,462.0,0.68,567.0,0.36,392.0,0.39,469.87,0.35,173.0,0.4,528.04,0.34,332.22,0.41,481.0,0.33,398.0,0.42,678.0,0.32,567.0,0.43,462.0
2026-01-07 06:01:52.832000+00:00,2026-01-07 06:01:50.220080+00:00,112.832,0.63,0.62,0.64,0.365,0.36,0.37,205.0,334.0,224.0,124.55,0.61,423.0,0.65,137.0,0.6,504.04,0.66,362.22,0.59,454.0,0.67,398.0,0.58,678.0,0.68,489.0,0.57,404.0,0.69,469.0,0.35,35.0,0.38,297.0,0.34,352.22,0.39,493.0,0.33,468.0,0.4,489.04,0.32,489.0,0.41,439.0,0.31,550.0,0.42,723.0
2026-01-07 06:01:53.679000+00:00,2026-01-07 06:01:51.226966+00:00,113.679,0.635,0.63,0.64,0.365,0.36,0.37,346.0,212.0,103.0,346.0,0.62,394.0,0.65,125.0,0.61,545.0,0.66,109.22,0.6,489.04,0.67,197.0,0.59,439.0,0.68,139.0,0.58,464.0,0.69,429.0,0.35,125.0,0.38,394.0,0.34,109.22,0.39,545.0,0.33,197.0,0.4,489.04,0.32,139.0,0.41,439.0,0.31,429.0,0.42,464.0
2026-01-07 06:01:54.842000+00:00,2026-01-07 06:01:52.233267+00:00,114.842,0.635,0.63,0.64,0.365,0.36,0.37,183.0,206.0,248.0,183.0,0.62,268.0,0.65,125.0,0.61,505.87,0.66,79.22,0.6,737.04,0.67,247.0,0.59,454.0,0.68,115.0,0.58,476.0,0.69,550.0,0.35,125.0,0.38,303.0,0.34,79.22,0.39,530.87,0.33,247.0,0.4,725.04,0.32,315.0,0.41,514.0,0.31,469.0,0.42,463.0
2026-01-07 06:01:55.872000+00:00,2026-01-07 06:01:53.239878+00:00,115.872,0.625,0.62,0.63,0.375,0.37,0.38,298.0,125.0,80.0,303.0,0.61,554.87,0.64,140.0,0.6,761.04,0.65,149.0,0.59,454.0,0.66,79.22,0.58,499.0,0.67,323.0,0.57,404.0,0.68,383.0,0.36,140.0,0.39,566.87,0.35,209.0,0.4,761.04,0.34,79.22,0.41,466.0,0.33,323.0,0.42,439.0,0.32,461.0,0.43,462.0
2026-01-07 06:01:56.853000+00:00,2026-01-07 06:01:54.261647+00:00,116.853,0.625,0.62,0.63,0.375,0.37,0.38,132.0,110.0,110.0,132.0,0.61,590.87,0.64,125.0,0.6,725.04,0.65,209.0,0.59,466.0,0.66,79.22,0.58,499.0,0.67,308.0,0.57,404.0,0.68,368.0,0.36,125.0,0.39,590.87,0.35,209.0,0.4,725.04,0.34,79.22,0.41,466.0,0.33,308.0,0.42,499.0,0.32,368.0,0.43,404.0
2026-01-07 06:01:57.878000+00:00,2026-01-07 06:01:55.270907+00:00,117.878,0.625,0.62,0.63,0.375,0.37,0.38,10.0,170.0,322.0,10.0,0.61,409.0,0.64,253.0,0.6,445.04,0.65,260.0,0.59,398.87,0.66,524.22,0.58,369.0,0.67,308.0,0.57,384.0,0.68,454.0,0.36,416.0,0.39,100.0,0.35,536.0,0.4,76.04,0.34,408.22,0.41,433.87,0.33,429.0,0.42,583.0,0.32,454.0,0.43,369.0
2026-01-07 06:01:58.905000+00:00,2026-01-07 06:01:56.288915+00:00,118.905,0.5700000000000001,0.56,0.58,0.435,0.43,0.44,83.0,182.0,96.0,83.0,0.55,173.0,0.59,212.0,0.54,366.0,0.6,164.96,0.53,563.0,0.61,233.0,0.52,491.69,0.62,460.0,0.51,755.11,0.63,524.0,0.42,212.0,0.45,173.0,0.41,253.0,0.46,371.0,0.4,168.96,0.47,563.0,0.39,348.0,0.48,491.69,0.38,495.0,0.49,755.11
2026-01-07 06:01:59.905000+00:00,2026-01-07 06:01:57.296857+00:00,119.905,0.565,0.56,0.57,0.435,0.43,0.44,35.0,135.0,150.0,35.0,0.55,154.0,0.58,333.0,0.54,110.0,0.59,374.0,0.53,271.0,0.6,157.96,0.52,503.69,0.61,385.0,0.51,755.11,0.62,495.0,0.42,333.0,0.45,154.0,0.41,374.0,0.46,110.0,0.4,157.96,0.47,271.0,0.39,385.0,0.48,503.69,0.38,495.0,0.49,755.11
2026-01-07 06:02:00.875000+00:00,2026-01-07 06:01:58.303121+00:00,120.875,0.565,0.56,0.57,0.435,0.43,0.44,35.0,168.0,168.0,35.0,0.55,166.0,0.58,333.0,0.54,186.0,0.59,374.0,0.53,353.0,0.6,157.96,0.52,561.69,0.61,385.0,0.51,825.11,0.62,495.0,0.42,333.0,0.45,166.0,0.41,374.0,0.46,186.0,0.4,157.96,0.47,353.0,0.39,385.0,0.48,561.69,0.38,495.0,0.49,820.11
2026-01-07 06:02:01.846000+00:00,2026-01-07 06:01:59.311535+00:00,121.846,0.565,0.56,0.57,0.435,0.43,0.44,122.87,18.0,18.0,192.87,0.55,181.0,0.58,317.0,0.54,192.0,0.59,410.0,0.53,341.0,0.6,157.96,0.52,561.69,0.61,385.0,0.51,769.11,0.62,429.0,0.42,317.0,0.45,251.0,0.41,410.0,0.46,192.0,0.4,157.96,0.47,341.0,0.39,385.0,0.48,561.69,0.38,499.0,0.49,769.11
2026-01-07 06:02:02.860000+00:00,2026-01-07 06:02:00.317340+00:00,122.86,0.565,0.56,0.57,0.43,0.42,0.44,204.87,18.0,311.0,292.87,0.55,254.0,0.58,293.0,0.54,189.0,0.59,398.0,0.53,329.0,0.6,417.96,0.52,561.69,0.61,455.0,0.51,769.11,0.62,499.0,0.41,323.0,0.45,268.0,0.4,480.96,0.46,117.0,0.39,455.0,0.47,329.0,0.38,499.0,0.48,561.69,0.37,519.0,0.49,769.11
2026-01-07 06:02:03.944000+00:00,2026-01-07 06:02:01.326967+00:00,123.944,0.565,0.56,0.57,0.435,0.43,0.44,116.51,63.0,63.0,116.51,0.55,255.0,0.58,308.0,0.54,129.0,0.59,338.0,0.53,344.0,0.6,381.96,0.52,561.69,0.61,455.0,0.51,769.11,0.62,519.0,0.42,329.0,0.45,187.0,0.41,338.0,0.46,203.0,0.4,381.96,0.47,389.0,0.39,455.0,0.48,573.69,0.38,519.0,0.49,769.11
2026-01-07 06:02:04.919000+00:00,2026-01-07 06:02:02.329904+00:00,124.919,0.565,0.56,0.57,0.435,0.43,0.44,119.23,61.24,61.24,119.23,0.55,187.0,0.58,377.0,0.54,258.0,0.59,350.0,0.53,329.0,0.6,381.96,0.52,573.69,0.61,455.0,0.51,769.11,0.62,519.0,0.42,377.0,0.45,187.0,0.41,350.0,0.46,258.0,0.4,381.96,0.47,329.0,0.39,455.0,0.48,573.69,0.38,519.0,0.49,769.11
2026-01-07 06:02:05.621000+00:00,2026-01-07 06:02:03.329664+00:00,125.621,0.565,0.56,0.57,0.435,0.43,0.44,119.23,61.24,61.24,119.23,0.55,187.0,0.58,182.0,0.54,429.0,0.59,167.0,0.53,633.0,0.6,381.96,0.52,561.69,0.61,334.0,0.51,769.11,0.62,519.0,0.42,182.0,0.45,187.0,0.41,167.0,0.46,429.0,0.4,381.96,0.47,633.0,0.39,334.0,0.48,561.69,0.38,519.0,0.49,769.11
2026-01-07 06:02:06.588000+00:00,2026-01-07 06:02:04.335360+00:00,126.588,0.565,0.56,0.57,0.435,0.43,0.44,179.23,18.0,63.0,184.23,0.55,293.0,0.58,163.0,0.54,327.0,0.59,203.0,0.53,427.0,0.6,381.96,0.52,561.69,0.61,334.0,0.51,769.11,0.62,519.0,0.42,163.0,0.45,232.0,0.41,325.0,0.46,339.0,0.4,381.96,0.47,427.0,0.39,334.0,0.48,561.69,0.38,519.0,0.49,769.11
2026-01-07 06:02:07.963000+00:00,2026-01-07 06:02:05.354797+00:00,127.963,0.565,0.56,0.57,0.435,0.43,0.44,208.23,18.0,33.0,208.23,0.55,232.0,0.58,115.0,0.54,490.0,0.59,276.0,0.53,427.0,0.6,417.96,0.52,561.69,0.61,334.0,0.51,769.11,0.62,519.0,0.42,115.0,0.45,232.0,0.41,276.0,0.46,490.0,0.4,417.96,0.47,427.0,0.39,334.0,0.48,561.69,0.38,519.0,0.49,769.11
2026-01-07 06:02:08.895000+00:00,2026-01-07 06:02:06.357183+00:00,128.895,0.565,0.56,0.57,0.435,0.43,0.44,119.23,103.0,118.0,119.23,0.55,252.0,0.58,139.0,0.54,448.0,0.59,227.0,0.53,492.0,0.6,401.96,0.52,561.69,0.61,334.0,0.51,769.11,0.62,499.0,0.42,139.0,0.45,252.0,0.41,227.0,0.46,448.0,0.4,401.96,0.47,492.0,0.39,334.0,0.48,561.69,0.38,499.0,0.49,769.11
2026-01-07 06:02:09.895000+00:00,2026-01-07 06:02:07.361943+00:00,129.895,0.565,0.56,0.57,0.435,0.43,0.44,114.23,63.0,78.0,114.23,0.55,257.0,0.58,139.0,0.54,144.0,0.59,410.0,0.53,439.0,0.6,401.96,0.52,613.69,0.61,334.0,0.51,769.11,0.62,499.0,0.42,139.0,0.45,257.0,0.41,410.0,0.46,144.0,0.4,401.96,0.47,439.0,0.39,334.0,0.48,613.69,0.38,499.0,0.49,769.11
2026-01-07 06:02:10.965000+00:00,2026-01-07 06:02:08.365763+00:00,130.965,0.565,0.56,0.57,0.435,0.43,0.44,114.23,78.0,78.0,114.23,0.55,187.0,0.58,190.0,0.54,418.0,0.59,359.0,0.53,454.0,0.6,401.96,0.52,561.69,0.61,334.0,0.51,769.11,0.62,499.0,0.42,261.0,0.45,177.0,0.41,298.0,0.46,446.0,0.4,426.96,0.47,454.0,0.39,334.0,0.48,625.69,0.38,499.0,0.49,769.11
2026-01-07 06:02:11.750000+00:00,2026-01-07 06:02:09.386198+00:00,131.75,0.565,0.56,0.57,0.435,0.43,0.44,114.23,71.0,86.0,114.23,0.55,192.0,0.58,261.0,0.54,434.0,0.59,298.0,0.53,466.0,0.6,426.96,0.52,625.69,0.61,334.0,0.51,769.11,0.62,499.0,0.42,237.0,0.45,192.0,0.41,298.0,0.46,434.0,0.4,426.96,0.47,454.0,0.39,334.0,0.48,625.69,0.38,499.0,0.49,769.11
2026-01-07 06:02:13.982000+00:00,2026-01-07 06:02:11.399194+00:00,133.982,0.565,0.56,0.57,0.435,0.43,0.44,114.23,73.0,63.0,114.23,0.55,216.0,0.58,150.0,0.54,503.0,0.59,409.0,0.53,439.0,0.6,426.96,0.52,561.69,0.61,334.0,0.51,769.11,0.62,499.0,0.42,150.0,0.45,204.0,0.41,397.0,0.46,443.0,0.4,426.96,0.47,427.0,0.39,334.0,0.48,561.69,0.38,499.0,0.49,769.11
2026-01-07 06:02:14.863000+00:00,2026-01-07 06:02:12.407378+00:00,134.863,0.565,0.56,0.57,0.435,0.43,0.44,213.23,18.0,18.0,238.23,0.55,232.0,0.58,150.0,0.54,455.0,0.59,385.0,0.53,427.0,0.6,450.96,0.52,561.69,0.61,334.0,0.51,769.11,0.62,499.0,0.42,150.0,0.45,199.0,0.41,298.0,0.46,458.0,0.4,477.96,0.47,409.0,0.39,334.0,0.48,561.69,0.38,499.0,0.49,769.11
2026-01-07 06:02:16.010000+00:00,2026-01-07 06:02:13.415389+00:00,136.01,0.565,0.56,0.57,0.435,0.43,0.44,218.23,15.0,10.0,218.23,0.55,438.0,0.58,105.0,0.54,696.0,0.59,298.0,0.53,409.0,0.6,441.96,0.52,561.69,0.61,418.0,0.51,769.11,0.62,499.0,0.42,105.0,0.45,316.0,0.41,298.0,0.46,696.0,0.4,441.96,0.47,409.0,0.39,418.0,0.48,561.69,0.38,499.0,0.49,769.11
2026-01-07 06:02:17.006000+00:00,2026-01-07 06:02:14.419980+00:00,137.006,0.565,0.56,0.57,0.435,0.43,0.44,237.86,30.0,30.0,227.87,0.55,316.0,0.58,123.0,0.54,696.0,0.59,298.0,0.53,409.0,0.6,421.96,0.52,561.69,0.61,450.0,0.51,784.11,0.62,499.0,0.42,123.0,0.45,341.0,0.41,298.0,0.46,671.0,0.4,421.96,0.47,409.0,0.39,450.0,0.48,561.69,0.38,499.0,0.49,819.11
2026-01-07 06:02:18.993000+00:00,2026-01-07 06:02:16.443749+00:00,138.993,0.585,0.58,0.59,0.415,0.41,0.42,142.0,60.0,60.0,142.0,0.57,361.0,0.6,35.0,0.56,446.87,0.61,100.0,0.55,379.0,0.62,179.0,0.54,454.0,0.63,380.0,0.53,409.0,0.64,271.0,0.4,35.0,0.43,361.0,0.39,100.0,0.44,446.87,0.38,179.0,0.45,379.0,0.37,380.0,0.46,454.0,0.36,271.0,0.47,409.0
2026-01-07 06:02:20.053000+00:00,2026-01-07 06:02:17.453318+00:00,140.053,0.585,0.58,0.59,0.425,0.42,0.43,5.0,150.0,15.0,233.0,0.57,283.0,0.6,179.0,0.56,470.87,0.61,100.0,0.55,454.0,0.62,140.0,0.54,466.0,0.63,308.0,0.53,409.0,0.64,271.0,0.41,215.0,0.44,466.87,0.4,107.0,0.45,522.0,0.39,100.0,0.46,466.0,0.38,140.0,0.47,421.0,0.37,308.0,0.48,526.69
2026-01-07 06:02:21.052000+00:00,2026-01-07 06:02:18.460790+00:00,141.052,0.565,0.56,0.57,0.435,0.43,0.44,276.87,45.0,60.0,276.87,0.55,122.0,0.58,146.0,0.54,148.0,0.59,343.0,0.53,498.0,0.6,323.0,0.52,573.69,0.61,378.0,0.51,769.11,0.62,499.0,0.42,146.0,0.45,122.0,0.41,343.0,0.46,148.0,0.4,323.0,0.47,498.0,0.39,378.0,0.48,573.69,0.38,499.0,0.49,769.11
2026-01-07 06:02:22.075000+00:00,2026-01-07 06:02:19.467521+00:00,142.075,0.565,0.56,0.57,0.435,0.43,0.44,281.87,68.0,68.0,281.87,0.55,134.0,0.58,93.0,0.54,131.0,0.59,338.0,0.53,462.0,0.6,308.0,0.52,561.69,0.61,393.0,0.51,769.11,0.62,499.0,0.42,93.0,0.45,146.0,0.41,386.0,0.46,131.0,0.4,308.0,0.47,474.0,0.39,393.0,0.48,561.69,0.38,499.0,0.49,769.11
2026-01-07 06:02:23.058000+00:00,2026-01-07 06:02:20.473211+00:00,143.058,0.565,0.56,0.57,0.435,0.43,0.44,301.87,29.49,29.49,331.87,0.55,150.0,0.58,45.0,0.54,179.0,0.59,434.0,0.53,421.0,0.6,308.0,0.52,561.69,0.61,393.0,0.51,769.11,0.62,499.0,0.42,45.0,0.45,174.0,0.41,434.0,0.46,125.0,0.4,308.0,0.47,421.0,0.39,393.0,0.48,561.69,0.38,499.0,0.49,769.11
2026-01-07 06:02:24.085000+00:00,2026-01-07 06:02:21.495762+00:00,144.085,0.525,0.52,0.53,0.475,0.47,0.48,152.69,167.0,167.0,152.69,0.51,791.11,0.54,220.0,0.5,406.26,0.55,237.0,0.49,883.98,0.56,429.0,0.48,339.0,0.57,644.49,0.47,409.0,0.58,454.0,0.46,220.0,0.49,796.11,0.45,237.0,0.5,401.26,0.44,359.0,0.51,834.98,0.43,644.49,0.52,387.0,0.42,384.0,0.53,339.0
2026-01-07 06:02:25.078000+00:00,2026-01-07 06:02:22.505010+00:00,145.078,0.525,0.52,0.53,0.475,0.47,0.48,172.69,224.22,224.22,172.69,0.51,731.11,0.54,317.0,0.5,449.26,0.55,313.0,0.49,895.98,0.56,384.0,0.48,339.0,0.57,604.49,0.47,339.0,0.58,384.0,0.46,317.0,0.49,731.11,0.45,313.0,0.5,449.26,0.44,384.0,0.51,895.98,0.43,604.49,0.52,339.0,0.42,384.0,0.53,339.0
2026-01-07 06:02:26.127000+00:00,2026-01-07 06:02:23.512290+00:00,146.127,0.525,0.52,0.53,0.475,0.47,0.48,222.69,174.22,174.22,341.69,0.51,804.11,0.54,272.0,0.5,386.26,0.55,298.0,0.49,868.98,0.56,399.0,0.48,339.0,0.57,604.49,0.47,339.0,0.58,384.0,0.46,201.0,0.49,874.11,0.45,311.0,0.5,704.26,0.44,407.0,0.51,1050.98,0.43,619.49,0.52,339.0,0.42,384.0,0.53,304.0
2026-01-07 06:02:27.854000+00:00,2026-01-07 06:02:25.542222+00:00,147.854,0.53,0.52,0.54,0.47,0.46,0.48,269.69,58.02,58.02,269.69,0.51,787.11,0.55,323.0,0.5,543.26,0.56,289.0,0.49,1181.98,0.57,259.49,0.48,409.0,0.58,384.0,0.47,374.0,0.59,464.0,0.45,323.0,0.49,787.11,0.44,289.0,0.5,543.26,0.43,259.49,0.51,1181.98,0.42,384.0,0.52,409.0,0.41,464.0,0.53,374.0
2026-01-07 06:02:29.148000+00:00,2026-01-07 06:02:26.547564+00:00,149.148,0.53,0.52,0.54,0.47,0.46,0.48,281.69,58.02,73.02,281.69,0.51,765.11,0.55,326.0,0.5,546.26,0.56,286.0,0.49,1181.98,0.57,259.49,0.48,409.0,0.58,419.0,0.47,374.0,0.59,532.0,0.45,326.0,0.49,777.11,0.44,286.0,0.5,546.26,0.43,259.49,0.51,1181.98,0.42,419.0,0.52,409.0,0.41,532.0,0.53,374.0
2026-01-07 06:02:30.134000+00:00,2026-01-07 06:02:27.550783+00:00,150.134,0.53,0.52,0.54,0.47,0.46,0.48,281.69,58.02,58.02,281.69,0.51,792.11,0.55,326.0,0.5,531.26,0.56,301.0,0.49,1181.98,0.57,259.49,0.48,409.0,0.58,404.0,0.47,374.0,0.59,532.0,0.45,326.0,0.49,792.11,0.44,301.0,0.5,531.26,0.43,259.49,0.51,1181.98,0.42,404.0,0.52,409.0,0.41,532.0,0.53,374.0
2026-01-07 06:02:31.189000+00:00,2026-01-07 06:02:28.556630+00:00,151.189,0.525,0.52,0.53,0.475,0.47,0.48,244.5,45.0,73.0,200.5,0.51,847.11,0.54,88.02,0.5,546.26,0.55,341.0,0.49,1181.98,0.56,286.0,0.48,409.0,0.57,259.49,0.47,374.0,0.58,698.0,0.46,75.0,0.49,834.11,0.45,359.0,0.5,481.26,0.44,238.0,0.51,1257.98,0.43,259.49,0.52,409.0,0.42,698.0,0.53,374.0
2026-01-07 06:02:32.158000+00:00,2026-01-07 06:02:29.564357+00:00,152.158,0.525,0.52,0.53,0.475,0.47,0.48,205.5,63.0,63.0,205.5,0.51,763.11,0.54,108.0,0.5,529.26,0.55,326.0,0.49,1257.98,0.56,308.0,0.48,409.0,0.57,259.49,0.47,374.0,0.58,474.0,0.46,108.0,0.49,763.11,0.45,326.0,0.5,529.26,0.44,308.0,0.51,1257.98,0.43,259.49,0.52,409.0,0.42,474.0,0.53,374.0
2026-01-07 06:02:33.165000+00:00,2026-01-07 06:02:30.554671+00:00,153.165,0.525,0.52,0.53,0.48,0.47,0.49,38.39,284.0,284.0,435.11,0.51,435.11,0.54,338.0,0.5,358.26,0.55,308.0,0.49,1051.98,0.56,454.0,0.48,481.0,0.57,380.49,0.47,409.0,0.58,474.0,0.46,338.0,0.5,353.26,0.45,238.0,0.51,1051.98,0.44,454.0,0.52,481.0,0.43,380.49,0.53,409.0,0.42,474.0,0.54,406.6
2026-01-07 06:02:34.056000+00:00,2026-01-07 06:02:31.561554+00:00,154.056,0.515,0.51,0.52,0.485,0.48,0.49,433.04,63.0,63.0,433.04,0.5,476.26,0.53,263.0,0.49,1010.98,0.54,311.0,0.48,492.77,0.55,286.0,0.47,424.0,0.56,454.0,0.46,406.6,0.57,395.49,0.47,263.0,0.5,476.26,0.46,311.0,0.51,1010.98,0.45,286.0,0.52,492.77,0.44,454.0,0.53,424.0,0.43,395.49,0.54,406.6
2026-01-07 06:02:35.126000+00:00,2026-01-07 06:02:32.568646+00:00,155.126,0.525,0.52,0.53,0.475,0.47,0.48,177.0,197.12,20.0,177.0,0.51,542.04,0.54,218.0,0.5,837.26,0.55,238.0,0.49,1180.98,0.56,399.0,0.48,477.77,0.57,380.49,0.47,389.0,0.58,511.0,0.46,35.0,0.49,542.04,0.45,238.0,0.5,898.26,0.44,278.0,0.51,1241.98,0.43,380.49,0.52,477.77,0.42,511.0,0.53,389.0
2026-01-07 06:02:36.168000+00:00,2026-01-07 06:02:33.577314+00:00,156.168,0.525,0.52,0.53,0.475,0.47,0.48,248.0,20.0,20.0,211.0,0.51,515.04,0.54,15.0,0.5,922.26,0.55,252.0,0.49,1241.98,0.56,288.0,0.48,477.77,0.57,395.49,0.47,389.0,0.58,369.0,0.45,299.0,0.49,527.04,0.44,298.0,0.5,698.26,0.43,395.49,0.51,1241.98,0.42,593.0,0.52,477.77,0.41,499.0,0.53,389.0
2026-01-07 06:02:37.077000+00:00,2026-01-07 06:02:34.581883+00:00,157.077,0.525,0.52,0.53,0.475,0.47,0.48,281.0,20.0,20.0,281.0,0.51,557.04,0.55,347.0,0.5,698.26,0.56,250.0,0.49,1241.98,0.57,395.49,0.48,477.77,0.58,593.0,0.47,389.0,0.59,499.0,0.45,347.0,0.49,557.04,0.44,250.0,0.5,698.26,0.43,395.49,0.51,1241.98,0.42,593.0,0.52,477.77,0.41,499.0,0.53,389.0
2026-01-07 06:02:38.207000+00:00,2026-01-07 06:02:35.602890+00:00,158.207,0.525,0.52,0.53,0.475,0.47,0.48,261.0,20.0,20.0,269.0,0.51,562.04,0.54,18.0,0.5,698.26,0.55,347.0,0.49,1241.98,0.56,250.0,0.48,477.77,0.57,395.49,0.47,389.0,0.58,593.0,0.46,18.0,0.49,557.04,0.45,347.0,0.5,698.26,0.44,250.0,0.51,1241.98,0.43,395.49,0.52,477.77,0.42,593.0,0.53,389.0
2026-01-07 06:02:39.200000+00:00,2026-01-07 06:02:36.609438+00:00,159.2,0.535,0.53,0.54,0.46499999999999997,0.46,0.47,85.0,18.0,18.0,85.0,0.52,238.0,0.55,335.0,0.51,555.04,0.56,297.0,0.5,664.26,0.57,380.49,0.49,1226.98,0.58,663.0,0.48,462.77,0.59,499.0,0.45,335.0,0.48,250.0,0.44,297.0,0.49,798.04,0.43,380.49,0.5,785.26,0.42,663.0,0.51,1226.98,0.41,499.0,0.52,462.77
2026-01-07 06:02:40.199000+00:00,2026-01-07 06:02:37.601762+00:00,160.199,0.535,0.53,0.54,0.46499999999999997,0.46,0.47,5.0,88.0,63.0,5.0,0.52,242.0,0.55,155.0,0.51,1044.04,0.56,111.0,0.5,850.26,0.57,259.49,0.49,1226.98,0.58,542.0,0.48,462.77,0.59,499.0,0.45,155.0,0.48,242.0,0.44,111.0,0.49,1044.04,0.43,259.49,0.5,850.26,0.42,542.0,0.51,1226.98,0.41,499.0,0.52,462.77
2026-01-07 06:02:41.204000+00:00,2026-01-07 06:02:38.610027+00:00,161.204,0.535,0.53,0.54,0.46499999999999997,0.46,0.47,5.0,63.0,63.0,20.0,0.52,242.0,0.55,155.0,0.51,1044.04,0.56,111.0,0.5,800.26,0.57,259.49,0.49,1226.98,0.58,542.0,0.48,462.77,0.59,499.0,0.45,155.0,0.48,242.0,0.44,111.0,0.49,1080.04,0.43,259.49,0.5,800.26,0.42,542.0,0.51,1226.98,0.41,499.0,0.52,462.77
2026-01-07 06:02:42.230000+00:00,2026-01-07 06:02:39.612970+00:00,162.23,0.535,0.53,0.54,0.46499999999999997,0.46,0.47,90.0,97.06,310.06,15.0,0.52,105.0,0.55,262.0,0.51,1014.04,0.56,197.0,0.5,823.26,0.57,259.49,0.49,1241.98,0.58,663.0,0.48,462.77,0.59,499.0,0.45,202.0,0.48,105.0,0.44,197.0,0.49,954.04,0.43,380.49,0.5,810.26,0.42,439.0,0.51,1301.98,0.41,560.0,0.52,534.77
2026-01-07 06:02:43.227000+00:00,2026-01-07 06:02:40.633965+00:00,163.227,0.535,0.53,0.54,0.475,0.47,0.48,15.0,319.0,280.0,110.0,0.52,110.0,0.55,263.0,0.51,650.04,0.56,328.0,0.5,501.26,0.57,380.49,0.49,1015.98,0.58,439.0,0.48,534.77,0.59,560.0,0.46,319.0,0.49,650.04,0.45,263.0,0.5,501.26,0.44,258.0,0.51,1000.98,0.43,380.49,0.52,549.77,0.42,439.0,0.53,374.0
2026-01-07 06:02:44.245000+00:00,2026-01-07 06:02:41.636189+00:00,164.245,0.525,0.52,0.53,0.475,0.47,0.48,134.0,231.0,216.0,137.0,0.51,826.04,0.54,293.0,0.5,514.26,0.55,286.0,0.49,922.98,0.56,331.0,0.48,462.77,0.57,380.49,0.47,374.0,0.58,439.0,0.46,278.0,0.49,766.04,0.45,253.0,0.5,502.26,0.44,295.0,0.51,922.98,0.43,380.49,0.52,462.77,0.42,439.0,0.53,374.0
2026-01-07 06:02:45.231000+00:00,2026-01-07 06:02:42.643227+00:00,165.231,0.525,0.52,0.53,0.475,0.47,0.48,327.0,168.0,168.0,302.0,0.51,722.04,0.54,251.0,0.5,487.26,0.55,238.0,0.49,922.98,0.56,322.0,0.48,462.77,0.57,440.49,0.47,374.0,0.58,439.0,0.46,296.0,0.49,722.04,0.45,238.0,0.5,487.26,0.44,322.0,0.51,922.98,0.43,452.49,0.52,462.77,0.42,439.0,0.53,374.0
2026-01-07 06:02:46.261000+00:00,2026-01-07 06:02:43.665774+00:00,166.261,0.535,0.53,0.54,0.46499999999999997,0.46,0.47,12.0,113.0,113.0,70.0,0.52,223.0,0.55,238.0,0.51,722.04,0.56,322.0,0.5,487.26,0.57,319.49,0.49,1226.98,0.58,439.0,0.48,462.77,0.59,464.0,0.45,238.0,0.48,218.0,0.44,322.0,0.49,722.04,0.43,543.49,0.5,487.26,0.42,439.0,0.51,1226.98,0.41,464.0,0.52,462.77
2026-01-07 06:02:47.257000+00:00,2026-01-07 06:02:44.671609+00:00,167.257,0.53,0.52,0.54,0.47,0.46,0.48,282.0,98.0,98.0,287.0,0.51,734.04,0.55,238.0,0.5,502.26,0.56,334.0,0.49,1226.98,0.57,495.49,0.48,462.77,0.58,439.0,0.47,374.0,0.59,464.0,0.45,238.0,0.49,734.04,0.44,334.0,0.5,502.26,0.43,495.49,0.51,1226.98,0.42,439.0,0.52,462.77,0.41,464.0,0.53,374.0
2026-01-07 06:02:48.078000+00:00,2026-01-07 06:02:45.678827+00:00,168.078,0.535,0.53,0.54,0.46499999999999997,0.46,0.47,82.0,53.0,53.0,135.0,0.52,262.0,0.55,238.0,0.51,752.04,0.56,382.0,0.5,484.26,0.57,495.49,0.49,1226.98,0.58,439.0,0.48,462.77,0.59,464.0,0.45,238.0,0.48,210.0,0.44,382.0,0.49,752.04,0.43,495.49,0.5,484.26,0.42,439.0,0.51,1226.98,0.41,464.0,0.52,462.77
2026-01-07 06:02:49.170000+00:00,2026-01-07 06:02:46.687203+00:00,169.17,0.535,0.53,0.54,0.46499999999999997,0.46,0.47,17.0,98.0,98.0,13.21,0.52,282.0,0.55,238.0,0.51,734.04,0.56,382.0,0.5,502.26,0.57,495.49,0.49,1226.98,0.58,439.0,0.48,462.77,0.59,464.0,0.45,238.0,0.48,282.0,0.44,382.0,0.49,734.04,0.43,495.49,0.5,502.26,0.42,439.0,0.51,1226.98,0.41,464.0,0.52,462.77
2026-01-07 06:02:50.302000+00:00,2026-01-07 06:02:47.691233+00:00,170.302,0.53,0.52,0.54,0.47,0.46,0.48,211.0,63.0,63.0,211.0,0.51,794.04,0.55,302.0,0.5,529.26,0.56,330.0,0.49,1226.98,0.57,483.49,0.48,462.77,0.58,439.0,0.47,374.0,0.59,499.0,0.45,302.0,0.49,794.04,0.44,330.0,0.5,529.26,0.43,483.49,0.51,1226.98,0.42,439.0,0.52,462.77,0.41,499.0,0.53,374.0
2026-01-07 06:02:51.173000+00:00,2026-01-07 06:02:48.697153+00:00,171.173,0.53,0.52,0.54,0.47,0.46,0.48,176.0,98.0,98.0,176.0,0.51,819.04,0.55,289.0,0.5,504.26,0.56,343.0,0.49,1226.98,0.57,483.49,0.48,462.77,0.58,439.0,0.47,409.0,0.59,464.0,0.45,274.0,0.49,783.04,0.44,358.0,0.5,489.26,0.43,483.49,0.51,1226.98,0.42,439.0,0.52,462.77,0.41,464.0,0.53,409.0
2026-01-07 06:02:52.307000+00:00,2026-01-07 06:02:49.702135+00:00,172.307,0.53,0.52,0.54,0.46499999999999997,0.46,0.47,253.0,98.0,53.0,115.0,0.51,783.04,0.55,274.0,0.5,489.26,0.56,358.0,0.49,1226.98,0.57,483.49,0.48,462.77,0.58,439.0,0.47,414.2,0.59,464.0,0.45,238.0,0.48,215.0,0.44,370.0,0.49,765.04,0.43,483.49,0.5,444.26,0.42,439.0,0.51,1226.98,0.41,464.0,0.52,462.77
2026-01-07 06:02:53.303000+00:00,2026-01-07 06:02:50.706403+00:00,173.303,0.5700000000000001,0.56,0.58,0.43,0.42,0.44,65.0,66.0,63.93,85.0,0.55,122.0,0.59,434.0,0.54,244.0,0.6,263.0,0.53,348.0,0.61,394.0,0.52,429.0,0.62,449.0,0.51,800.04,0.63,419.0,0.41,434.0,0.45,117.0,0.4,263.0,0.46,226.0,0.39,394.0,0.47,351.0,0.38,449.0,0.48,429.0,0.37,419.0,0.49,800.04
2026-01-07 06:02:54.256000+00:00,2026-01-07 06:02:51.728697+00:00,174.256,0.565,0.56,0.57,0.435,0.43,0.44,85.0,18.0,45.0,75.0,0.55,117.0,0.58,68.93,0.54,208.0,0.59,363.0,0.53,316.0,0.6,264.0,0.52,643.0,0.61,394.0,0.51,780.04,0.62,379.0,0.42,44.0,0.45,45.0,0.41,551.0,0.46,133.0,0.4,243.0,0.47,298.0,0.39,394.0,0.48,658.0,0.38,379.0,0.49,765.04
2026-01-07 06:02:55.343000+00:00,2026-01-07 06:02:52.739008+00:00,175.343,0.575,0.57,0.58,0.425,0.42,0.43,80.0,24.0,24.0,158.0,0.56,157.0,0.59,562.0,0.55,85.0,0.6,349.0,0.54,162.0,0.61,429.0,0.53,333.0,0.62,414.0,0.52,693.0,0.63,349.0,0.41,562.0,0.44,167.0,0.4,334.0,0.45,70.0,0.39,444.0,0.46,162.0,0.38,414.0,0.47,333.0,0.37,349.0,0.48,693.0
2026-01-07 06:02:56.337000+00:00,2026-01-07 06:02:53.745288+00:00,176.337,0.585,0.58,0.59,0.415,0.41,0.42,265.0,30.0,30.0,277.0,0.57,698.0,0.6,15.0,0.56,509.0,0.61,60.0,0.55,484.0,0.62,45.0,0.54,454.0,0.63,85.0,0.53,454.0,0.64,268.0,0.4,15.0,0.43,698.0,0.39,60.0,0.44,524.0,0.38,50.0,0.45,484.0,0.37,80.0,0.46,454.0,0.36,328.0,0.47,459.2
2026-01-07 06:02:57.365000+00:00,2026-01-07 06:02:54.753925+00:00,177.365,0.615,0.61,0.62,0.385,0.38,0.39,118.0,45.0,45.0,138.0,0.6,241.0,0.63,45.0,0.59,290.0,0.64,412.0,0.58,466.0,0.65,280.0,0.57,469.0,0.66,263.0,0.56,419.0,0.67,369.0,0.37,45.0,0.4,208.0,0.36,400.0,0.41,290.0,0.35,292.0,0.42,466.0,0.34,263.0,0.43,469.0,0.33,369.0,0.44,419.0
2026-01-07 06:02:58.376000+00:00,2026-01-07 06:02:55.775159+00:00,178.376,0.615,0.61,0.62,0.385,0.38,0.39,202.0,45.0,45.0,207.0,0.6,328.0,0.63,45.0,0.59,411.0,0.64,379.0,0.58,690.0,0.65,97.0,0.57,454.0,0.66,263.0,0.56,424.3,0.67,369.0,0.37,45.0,0.4,328.0,0.36,344.0,0.41,411.0,0.35,122.0,0.42,705.0,0.34,238.0,0.43,454.0,0.33,369.0,0.44,424.3
2026-01-07 06:02:59.304000+00:00,2026-01-07 06:02:56.782624+00:00,179.304,0.615,0.61,0.62,0.385,0.38,0.39,169.0,45.0,45.0,169.0,0.6,238.0,0.63,117.0,0.59,489.0,0.64,329.0,0.58,717.0,0.65,138.73,0.57,454.0,0.66,208.0,0.56,424.3,0.67,369.0,0.37,117.0,0.4,238.0,0.36,329.0,0.41,504.0,0.35,138.73,0.42,702.0,0.34,208.0,0.43,454.0,0.33,369.0,0.44,424.3
2026-01-07 06:03:00.286000+00:00,2026-01-07 06:02:57.785863+00:00,180.286,0.615,0.61,0.62,0.385,0.38,0.39,169.0,45.0,45.0,169.0,0.6,238.0,0.63,117.0,0.59,556.0,0.64,329.0,0.58,702.0,0.65,138.73,0.57,454.0,0.66,208.0,0.56,424.3,0.67,369.0,0.37,117.0,0.4,238.0,0.36,329.0,0.41,556.0,0.35,138.73,0.42,702.0,0.34,208.0,0.43,454.0,0.33,369.0,0.44,424.3
2026-01-07 06:03:01.391000+00:00,2026-01-07 06:02:58.805285+00:00,181.391,0.625,0.62,0.63,0.375,0.37,0.38,190.0,45.0,45.0,190.0,0.61,328.0,0.64,36.0,0.6,454.0,0.65,30.0,0.59,469.0,0.66,30.0,0.58,454.0,0.67,317.0,0.57,424.3,0.68,253.0,0.36,36.0,0.39,340.0,0.35,30.0,0.4,454.0,0.34,30.0,0.41,469.0,0.33,389.0,0.42,459.3,0.32,253.0,0.43,424.3
2026-01-07 06:03:02.417000+00:00,2026-01-07 06:02:59.812614+00:00,182.417,0.635,0.63,0.64,0.365,0.36,0.37,229.0,36.0,36.0,265.0,0.62,109.0,0.65,30.0,0.61,345.0,0.66,63.0,0.6,454.0,0.67,317.0,0.59,469.0,0.68,266.73,0.58,424.3,0.69,369.0,0.35,30.0,0.38,109.0,0.34,87.0,0.39,357.0,0.33,317.0,0.4,454.0,0.32,266.73,0.41,469.0,0.31,369.0,0.42,424.3
2026-01-07 06:03:03.406000+00:00,2026-01-07 06:03:00.818744+00:00,183.406,0.635,0.63,0.64,0.365,0.36,0.37,173.0,60.0,132.0,173.0,0.62,55.0,0.65,102.0,0.61,393.0,0.66,60.0,0.6,690.0,0.67,323.0,0.59,481.0,0.68,238.0,0.58,424.3,0.69,369.0,0.35,30.0,0.38,55.0,0.34,60.0,0.39,345.0,0.33,323.0,0.4,753.0,0.32,238.0,0.41,493.0,0.31,369.0,0.42,424.3
2026-01-07 06:03:04.406000+00:00,2026-01-07 06:03:01.824684+00:00,184.406,0.635,0.63,0.64,0.365,0.36,0.37,213.0,38.0,71.0,213.0,0.62,177.0,0.65,90.0,0.61,502.0,0.66,84.0,0.6,717.0,0.67,517.0,0.59,481.0,0.68,266.73,0.58,436.3,0.69,439.0,0.35,90.0,0.38,177.0,0.34,69.0,0.39,490.0,0.33,517.0,0.4,693.0,0.32,266.73,0.41,481.0,0.31,439.0,0.42,424.3
2026-01-07 06:03:05.433000+00:00,2026-01-07 06:03:02.830438+00:00,185.433,0.635,0.63,0.64,0.365,0.36,0.37,258.86,26.0,26.0,269.19,0.62,377.0,0.65,35.0,0.61,478.0,0.66,87.0,0.6,690.0,0.67,358.0,0.59,484.0,0.68,266.73,0.58,424.3,0.69,318.0,0.35,35.0,0.38,353.0,0.34,27.0,0.39,478.0,0.33,326.0,0.4,678.0,0.32,258.0,0.41,484.0,0.31,243.0,0.42,424.3
2026-01-07 06:03:06.474000+00:00,2026-01-07 06:03:03.837498+00:00,186.474,0.665,0.66,0.67,0.335,0.33,0.34,65.0,30.0,30.0,145.0,0.65,229.0,0.68,161.0,0.64,551.0,0.69,334.0,0.63,720.0,0.7,168.73,0.62,466.0,0.71,293.0,0.61,419.0,0.72,414.0,0.32,161.0,0.35,255.0,0.31,334.0,0.36,502.0,0.3,168.73,0.37,735.0,0.29,293.0,0.38,466.0,0.28,414.0,0.39,419.0
2026-01-07 06:03:07.444000+00:00,2026-01-07 06:03:04.843991+00:00,187.444,0.665,0.66,0.67,0.335,0.33,0.34,475.0,30.0,30.0,450.0,0.65,413.0,0.68,30.0,0.64,717.0,0.69,35.0,0.63,454.0,0.7,196.0,0.62,454.0,0.71,185.0,0.61,419.0,0.72,287.95,0.32,30.0,0.35,413.0,0.31,35.0,0.36,717.0,0.3,211.0,0.37,454.0,0.29,185.0,0.38,454.0,0.28,287.95,0.39,424.5
2026-01-07 06:03:08.449000+00:00,2026-01-07 06:03:05.864282+00:00,188.449,0.675,0.67,0.68,0.325,0.32,0.33,312.0,30.0,35.0,327.0,0.66,360.0,0.69,30.0,0.65,453.0,0.7,211.0,0.64,678.0,0.71,215.0,0.63,454.0,0.72,85.0,0.62,459.0,0.73,293.0,0.31,30.0,0.34,360.0,0.3,206.0,0.35,453.0,0.29,215.0,0.36,678.0,0.28,85.0,0.37,454.0,0.27,293.0,0.38,459.0
2026-01-07 06:03:09.529000+00:00,2026-01-07 06:03:06.901679+00:00,189.529,0.675,0.67,0.68,0.325,0.32,0.33,401.21,53.0,53.0,401.21,0.66,286.0,0.69,30.0,0.65,453.0,0.7,266.0,0.64,678.0,0.71,90.0,0.63,494.0,0.72,138.73,0.62,419.0,0.73,268.0,0.31,30.0,0.34,371.0,0.3,266.0,0.35,508.0,0.29,90.0,0.36,678.0,0.28,138.73,0.37,494.0,0.27,268.0,0.38,419.0
2026-01-07 06:03:10.507000+00:00,2026-01-07 06:03:07.901236+00:00,190.507,0.675,0.67,0.68,0.325,0.32,0.33,285.43,47.12,47.12,285.43,0.66,313.0,0.69,171.0,0.65,502.0,0.7,198.73,0.64,720.0,0.71,125.0,0.63,466.0,0.72,85.0,0.62,419.0,0.73,293.0,0.31,171.0,0.34,399.0,0.3,198.73,0.35,514.0,0.29,125.0,0.36,720.0,0.28,155.0,0.37,466.0,0.27,363.0,0.38,419.0
2026-01-07 06:03:11.457000+00:00,2026-01-07 06:03:08.905739+00:00,191.457,0.675,0.67,0.68,0.325,0.32,0.33,290.43,42.12,42.12,360.43,0.66,344.0,0.69,128.0,0.65,591.0,0.7,206.0,0.64,478.0,0.71,155.0,0.63,454.0,0.72,562.0,0.62,419.0,0.73,363.0,0.31,128.0,0.34,344.0,0.3,218.0,0.35,591.0,0.29,155.0,0.36,478.0,0.28,562.0,0.37,454.0,0.27,363.0,0.38,419.0
2026-01-07 06:03:12.468000+00:00,2026-01-07 06:03:09.912284+00:00,192.468,0.675,0.67,0.68,0.325,0.32,0.33,357.43,42.12,42.12,357.43,0.66,356.0,0.69,92.0,0.65,567.0,0.7,254.0,0.64,478.0,0.71,155.0,0.63,454.0,0.72,562.0,0.62,419.0,0.73,363.0,0.31,92.0,0.34,356.0,0.3,254.0,0.35,567.0,0.29,155.0,0.36,478.0,0.28,582.0,0.37,454.0,0.27,363.0,0.38,419.0
2026-01-07 06:03:13.340000+00:00,2026-01-07 06:03:10.935511+00:00,193.34,0.675,0.67,0.68,0.325,0.32,0.33,382.43,42.12,42.12,382.43,0.66,356.0,0.69,92.0,0.65,496.0,0.7,254.0,0.64,547.0,0.71,155.0,0.63,454.0,0.72,582.0,0.62,419.0,0.73,363.0,0.31,92.0,0.34,356.0,0.3,254.0,0.35,496.0,0.29,155.0,0.36,547.0,0.28,582.0,0.37,454.0,0.27,363.0,0.38,419.0
2026-01-07 06:03:14.163000+00:00,2026-01-07 06:03:11.939306+00:00,194.163,0.675,0.67,0.68,0.325,0.32,0.33,394.43,42.12,42.12,349.43,0.66,356.0,0.69,80.0,0.65,496.0,0.7,266.0,0.64,535.0,0.71,155.0,0.63,454.0,0.72,582.0,0.62,419.0,0.73,363.0,0.31,80.0,0.34,371.0,0.3,266.0,0.35,496.0,0.29,155.0,0.36,535.0,0.28,582.0,0.37,454.0,0.27,363.0,0.38,419.0
2026-01-07 06:03:15.244000+00:00,2026-01-07 06:03:12.946740+00:00,195.244,0.675,0.67,0.68,0.325,0.32,0.33,349.43,30.93,50.93,325.43,0.66,371.0,0.69,80.0,0.65,720.0,0.7,266.0,0.64,535.0,0.71,155.0,0.63,454.0,0.72,582.0,0.62,419.0,0.73,363.0,0.31,74.0,0.34,359.0,0.3,206.0,0.35,720.0,0.29,125.0,0.36,547.0,0.28,582.0,0.37,454.0,0.27,363.0,0.38,419.0
2026-01-07 06:03:16.458000+00:00,2026-01-07 06:03:13.954048+00:00,196.458,0.675,0.67,0.68,0.325,0.32,0.33,362.12,12.93,12.93,362.12,0.66,545.0,0.69,30.0,0.65,690.0,0.7,85.0,0.64,454.0,0.71,206.0,0.63,454.0,0.72,650.73,0.62,464.5,0.73,363.0,0.31,30.0,0.34,545.0,0.3,85.0,0.35,690.0,0.29,206.0,0.36,454.0,0.28,467.73,0.37,454.0,0.27,363.0,0.38,464.5
2026-01-07 06:03:17.541000+00:00,2026-01-07 06:03:14.958758+00:00,197.541,0.685,0.68,0.69,0.315,0.31,0.32,129.0,35.0,35.0,129.0,0.67,301.12,0.7,85.0,0.66,570.0,0.71,191.0,0.65,702.0,0.72,467.73,0.64,454.0,0.73,363.0,0.63,419.0,0.74,484.0,0.3,55.0,0.33,301.12,0.29,191.0,0.34,496.0,0.28,467.73,0.35,702.0,0.27,363.0,0.36,523.0,0.26,484.0,0.37,419.0
2026-01-07 06:03:18.579000+00:00,2026-01-07 06:03:15.980194+00:00,198.579,0.685,0.68,0.69,0.315,0.31,0.32,144.0,53.0,30.0,303.0,0.67,301.12,0.7,77.0,0.66,496.0,0.71,239.0,0.65,702.0,0.72,407.73,0.64,523.0,0.73,363.0,0.63,419.0,0.74,484.0,0.3,73.0,0.33,319.12,0.29,191.0,0.34,552.0,0.28,467.73,0.35,690.0,0.27,363.0,0.36,454.0,0.26,484.0,0.37,419.0
2026-01-07 06:03:19.412000+00:00,2026-01-07 06:03:16.985830+00:00,199.412,0.685,0.68,0.69,0.315,0.31,0.32,364.0,30.0,30.0,359.08,0.67,301.12,0.7,73.0,0.66,570.0,0.71,156.0,0.65,690.0,0.72,492.73,0.64,454.0,0.73,338.0,0.63,419.0,0.74,484.0,0.3,73.0,0.33,301.12,0.29,156.0,0.34,570.0,0.28,492.73,0.35,690.0,0.27,338.0,0.36,454.0,0.26,484.0,0.37,419.0
2026-01-07 06:03:20.582000+00:00,2026-01-07 06:03:17.993356+00:00,200.582,0.685,0.68,0.69,0.315,0.31,0.32,267.08,30.0,30.0,337.08,0.67,338.12,0.7,108.0,0.66,545.0,0.71,176.95,0.65,690.0,0.72,492.73,0.64,454.0,0.73,363.0,0.63,454.0,0.74,484.0,0.3,108.0,0.33,338.12,0.29,176.95,0.34,545.0,0.28,492.73,0.35,690.0,0.27,363.0,0.36,454.0,0.26,484.0,0.37,454.0
2026-01-07 06:03:21.458000+00:00,2026-01-07 06:03:18.999925+00:00,201.458,0.685,0.68,0.69,0.315,0.31,0.32,337.08,48.0,30.0,337.08,0.67,338.12,0.7,114.0,0.66,533.0,0.71,188.95,0.65,702.0,0.72,456.73,0.64,454.0,0.73,363.0,0.63,454.0,0.74,484.0,0.3,132.0,0.33,338.12,0.29,188.95,0.34,533.0,0.28,456.73,0.35,702.0,0.27,363.0,0.36,454.0,0.26,484.0,0.37,454.0
2026-01-07 06:03:22.475000+00:00,2026-01-07 06:03:20.009100+00:00,202.475,0.685,0.68,0.69,0.315,0.31,0.32,157.08,35.0,35.0,157.08,0.67,350.12,0.7,127.0,0.66,471.0,0.71,212.95,0.65,702.0,0.72,432.73,0.64,523.0,0.73,363.0,0.63,454.0,0.74,484.0,0.3,127.0,0.33,350.12,0.29,212.95,0.34,471.0,0.28,432.73,0.35,702.0,0.27,363.0,0.36,523.0,0.26,484.0,0.37,454.0
2026-01-07 06:03:23.474000+00:00,2026-01-07 06:03:21.013154+00:00,203.474,0.685,0.68,0.69,0.315,0.31,0.32,314.08,27.44,32.44,360.08,0.67,325.12,0.7,132.0,0.66,496.0,0.71,212.95,0.65,773.0,0.72,432.73,0.64,454.0,0.73,363.0,0.63,419.0,0.74,484.0,0.3,127.0,0.33,340.12,0.29,212.95,0.34,496.0,0.28,432.73,0.35,773.0,0.27,180.0,0.36,454.0,0.26,363.0,0.37,419.0
2026-01-07 06:03:24.546000+00:00,2026-01-07 06:03:22.017799+00:00,204.546,0.685,0.68,0.69,0.315,0.31,0.32,385.08,27.44,27.44,385.08,0.67,340.12,0.7,132.0,0.66,496.0,0.71,212.95,0.65,773.0,0.72,432.73,0.64,454.0,0.73,200.0,0.63,419.0,0.74,363.0,0.3,132.0,0.33,340.12,0.29,212.95,0.34,496.0,0.28,432.73,0.35,773.0,0.27,200.0,0.36,454.0,0.26,363.0,0.37,419.0
2026-01-07 06:03:25.626000+00:00,2026-01-07 06:03:23.023006+00:00,205.626,0.695,0.69,0.7,0.305,0.3,0.31,187.0,121.0,116.0,302.0,0.68,308.0,0.71,133.95,0.67,436.12,0.72,120.0,0.66,496.0,0.73,158.73,0.65,478.0,0.74,85.0,0.64,419.0,0.75,333.0,0.29,138.95,0.32,308.0,0.28,120.0,0.33,547.12,0.27,158.73,0.34,496.0,0.26,85.0,0.35,478.0,0.25,333.0,0.36,419.0
2026-01-07 06:03:26.638000+00:00,2026-01-07 06:03:24.029590+00:00,206.638,0.715,0.71,0.72,0.28500000000000003,0.28,0.29,65.0,63.0,68.0,73.0,0.7,95.0,0.73,128.0,0.69,268.0,0.74,160.0,0.68,464.0,0.75,338.0,0.67,447.12,0.76,414.0,0.66,454.0,0.77,414.0,0.27,128.0,0.3,95.0,0.26,160.0,0.31,268.0,0.25,333.0,0.32,386.0,0.24,414.0,0.33,523.12,0.23,414.0,0.34,454.0
2026-01-07 06:03:27.643000+00:00,2026-01-07 06:03:25.034900+00:00,207.643,0.715,0.71,0.72,0.28500000000000003,0.28,0.29,227.0,27.0,27.0,227.0,0.7,177.0,0.73,129.0,0.69,520.0,0.74,160.0,0.68,483.0,0.75,560.73,0.67,511.12,0.76,414.0,0.66,419.0,0.77,414.0,0.27,129.0,0.3,177.0,0.26,160.0,0.31,520.0,0.25,560.73,0.32,483.0,0.24,414.0,0.33,511.12,0.23,414.0,0.34,419.0
2026-01-07 06:03:28.511000+00:00,2026-01-07 06:03:26.046766+00:00,208.511,0.715,0.71,0.72,0.275,0.27,0.28,248.0,17.0,134.0,120.0,0.7,267.0,0.73,134.0,0.69,520.0,0.74,155.0,0.68,722.0,0.75,377.73,0.67,411.12,0.76,110.0,0.66,457.0,0.77,293.0,0.26,155.0,0.29,213.0,0.25,377.73,0.3,257.0,0.24,110.0,0.31,520.0,0.23,293.0,0.32,722.0,0.22,414.0,0.33,376.12
2026-01-07 06:03:29.662000+00:00,2026-01-07 06:03:27.052857+00:00,209.662,0.725,0.72,0.73,0.275,0.27,0.28,261.0,73.0,133.0,201.0,0.71,263.0,0.74,104.0,0.7,350.0,0.75,437.73,0.69,496.0,0.76,110.0,0.68,698.0,0.77,293.0,0.67,413.12,0.78,414.0,0.26,110.0,0.29,264.0,0.25,397.0,0.3,350.0,0.24,110.0,0.31,466.0,0.23,293.0,0.32,716.0,0.22,414.0,0.33,376.12
2026-01-07 06:03:30.672000+00:00,2026-01-07 06:03:28.074010+00:00,210.672,0.725,0.72,0.73,0.275,0.27,0.28,276.5,43.0,43.0,272.95,0.71,288.0,0.74,81.0,0.7,386.0,0.75,374.0,0.69,484.0,0.76,113.73,0.68,707.0,0.77,363.0,0.67,376.12,0.78,484.0,0.26,81.0,0.29,300.0,0.25,422.0,0.3,398.0,0.24,113.73,0.31,484.0,0.23,363.0,0.32,695.0,0.22,484.0,0.33,376.12
2026-01-07 06:03:31.608000+00:00,2026-01-07 06:03:29.079611+00:00,211.608,0.725,0.72,0.73,0.275,0.27,0.28,272.95,43.0,43.0,272.95,0.71,336.0,0.74,69.0,0.7,350.0,0.75,422.0,0.69,484.0,0.76,133.73,0.68,761.0,0.77,363.0,0.67,376.12,0.78,484.0,0.25,491.0,0.29,336.0,0.24,105.0,0.3,350.0,0.23,393.0,0.31,496.0,0.22,484.0,0.32,683.0,0.21,491.8,0.33,376.12
2026-01-07 06:03:32.435000+00:00,2026-01-07 06:03:30.088004+00:00,212.435,0.725,0.72,0.73,0.275,0.27,0.28,335.95,7.91,5.77,320.95,0.71,312.0,0.74,18.0,0.7,362.0,0.75,431.0,0.69,472.0,0.76,217.73,0.68,491.0,0.77,368.0,0.67,376.12,0.78,484.0,0.26,18.0,0.29,312.0,0.25,431.0,0.3,362.0,0.24,194.0,0.31,472.0,0.23,393.0,0.32,491.0,0.22,484.0,0.33,376.12
2026-01-07 06:03:33.655000+00:00,2026-01-07 06:03:31.077165+00:00,213.655,0.735,0.73,0.74,0.265,0.26,0.27,60.0,36.0,36.0,60.0,0.72,310.95,0.75,416.0,0.71,285.0,0.76,145.73,0.7,350.0,0.77,363.0,0.69,484.0,0.78,484.0,0.68,491.0,0.79,491.8,0.25,416.0,0.28,307.95,0.24,157.73,0.29,300.0,0.23,363.0,0.3,350.0,0.22,484.0,0.31,484.0,0.21,491.8,0.32,491.0
2026-01-07 06:03:34.424000+00:00,2026-01-07 06:03:32.083590+00:00,214.424,0.735,0.73,0.74,0.265,0.26,0.27,55.0,36.0,36.0,55.0,0.72,322.95,0.75,416.0,0.71,285.0,0.76,157.73,0.7,350.0,0.77,363.0,0.69,484.0,0.78,484.0,0.68,454.0,0.79,491.8,0.25,416.0,0.28,322.95,0.24,157.73,0.29,285.0,0.23,363.0,0.3,350.0,0.22,484.0,0.31,484.0,0.21,491.8,0.32,454.0
2026-01-07 06:03:35.602000+00:00,2026-01-07 06:03:33.090855+00:00,215.602,0.735,0.73,0.74,0.265,0.26,0.27,55.0,36.0,21.0,85.0,0.72,322.95,0.75,416.0,0.71,285.0,0.76,157.73,0.7,362.0,0.77,363.0,0.69,472.0,0.78,484.0,0.68,491.0,0.79,491.8,0.25,416.0,0.28,322.95,0.24,129.0,0.29,285.0,0.23,393.0,0.3,362.0,0.22,484.0,0.31,472.0,0.21,491.8,0.32,491.0
2026-01-07 06:03:36.652000+00:00,2026-01-07 06:03:34.096694+00:00,216.652,0.735,0.73,0.74,0.265,0.26,0.27,87.0,16.0,16.0,87.0,0.72,377.95,0.75,397.0,0.71,285.0,0.76,161.73,0.7,380.0,0.77,363.0,0.69,678.0,0.78,484.0,0.68,491.0,0.79,484.0,0.25,397.0,0.28,377.95,0.24,161.73,0.29,285.0,0.23,363.0,0.3,380.0,0.22,484.0,0.31,678.0,0.21,484.0,0.32,454.0
2026-01-07 06:03:37.640000+00:00,2026-01-07 06:03:35.119254+00:00,217.64,0.735,0.73,0.74,0.265,0.26,0.27,177.0,21.0,21.0,177.0,0.72,356.5,0.75,168.0,0.71,310.0,0.76,133.0,0.7,501.0,0.77,140.0,0.69,678.0,0.78,484.0,0.68,419.0,0.79,484.0,0.25,168.0,0.28,356.5,0.24,133.0,0.29,310.0,0.23,140.0,0.3,501.0,0.22,484.0,0.31,678.0,0.21,484.0,0.32,419.0
2026-01-07 06:03:38.702000+00:00,2026-01-07 06:03:36.125595+00:00,218.702,0.735,0.73,0.74,0.265,0.26,0.27,197.25,16.0,16.0,212.25,0.72,344.5,0.75,84.0,0.71,340.0,0.76,212.0,0.7,471.0,0.77,115.0,0.69,678.0,0.78,414.0,0.68,419.0,0.79,484.0,0.25,84.0,0.28,344.5,0.24,212.0,0.29,340.0,0.23,115.0,0.3,471.0,0.22,414.0,0.31,678.0,0.21,484.0,0.32,419.0
2026-01-07 06:03:39.730000+00:00,2026-01-07 06:03:37.129375+00:00,219.73,0.735,0.73,0.74,0.265,0.26,0.27,212.25,16.0,16.0,208.54,0.72,344.5,0.75,84.0,0.71,340.0,0.76,212.0,0.7,471.0,0.77,115.0,0.69,678.0,0.78,293.0,0.68,419.0,0.79,484.0,0.25,84.0,0.28,344.5,0.24,220.45,0.29,340.0,0.23,115.0,0.3,471.0,0.22,293.0,0.31,678.0,0.21,484.0,0.32,419.0
2026-01-07 06:03:40.705000+00:00,2026-01-07 06:03:38.120617+00:00,220.705,0.735,0.73,0.74,0.265,0.26,0.27,178.54,21.0,21.0,178.54,0.72,344.5,0.75,79.0,0.71,340.0,0.76,220.45,0.7,471.0,0.77,115.0,0.69,678.0,0.78,363.0,0.68,419.0,0.79,484.0,0.25,79.0,0.28,344.5,0.24,220.45,0.29,340.0,0.23,115.0,0.3,471.0,0.22,363.0,0.31,678.0,0.21,484.0,0.32,419.0
2026-01-07 06:03:41.554000+00:00,2026-01-07 06:03:39.123466+00:00,221.554,0.735,0.73,0.74,0.265,0.26,0.27,178.54,16.0,16.0,178.54,0.72,344.5,0.75,84.0,0.71,340.0,0.76,220.45,0.7,471.0,0.77,339.0,0.69,454.0,0.78,383.0,0.68,497.0,0.79,603.0,0.25,114.0,0.28,344.5,0.24,220.45,0.29,340.0,0.23,339.0,0.3,471.0,0.22,383.0,0.31,454.0,0.21,603.0,0.32,497.0
2026-01-07 06:03:42.731000+00:00,2026-01-07 06:03:40.126822+00:00,222.731,0.735,0.73,0.74,0.265,0.26,0.27,300.54,21.0,135.0,293.0,0.72,344.5,0.75,154.0,0.71,340.0,0.76,249.18,0.7,471.0,0.77,309.0,0.69,454.0,0.78,383.0,0.68,419.0,0.79,484.0,0.25,85.0,0.28,316.5,0.24,148.45,0.29,310.0,0.23,309.0,0.3,477.0,0.22,314.0,0.31,466.0,0.21,484.0,0.32,431.0
2026-01-07 06:03:43.451000+00:00,2026-01-07 06:03:41.131532+00:00,223.451,0.735,0.73,0.74,0.265,0.26,0.27,188.0,78.0,78.0,188.0,0.72,341.5,0.75,204.0,0.71,321.0,0.76,152.18,0.7,501.0,0.77,334.0,0.69,478.0,0.78,314.0,0.68,454.0,0.79,484.0,0.25,204.0,0.28,341.5,0.24,152.18,0.29,321.0,0.23,334.0,0.3,501.0,0.22,314.0,0.31,478.0,0.21,484.0,0.32,454.0
2026-01-07 06:03:44.735000+00:00,2026-01-07 06:03:42.149211+00:00,224.735,0.735,0.73,0.74,0.265,0.26,0.27,238.0,36.0,36.0,238.0,0.72,345.5,0.75,168.0,0.71,321.0,0.76,200.18,0.7,489.0,0.77,404.0,0.69,466.0,0.78,314.0,0.68,454.0,0.79,484.0,0.25,168.0,0.28,345.5,0.24,200.18,0.29,321.0,0.23,404.0,0.3,489.0,0.22,314.0,0.31,466.0,0.21,484.0,0.32,454.0
2026-01-07 06:03:45.766000+00:00,2026-01-07 06:03:43.155335+00:00,225.766,0.735,0.73,0.74,0.265,0.26,0.27,259.0,16.0,16.0,253.0,0.72,381.5,0.75,149.0,0.71,303.0,0.76,212.18,0.7,707.0,0.77,416.0,0.69,454.0,0.78,314.0,0.68,454.0,0.79,484.0,0.25,149.0,0.28,381.5,0.24,212.18,0.29,285.0,0.23,416.0,0.3,725.0,0.22,314.0,0.31,454.0,0.21,484.0,0.32,454.0
2026-01-07 06:03:46.387000+00:00,2026-01-07 06:03:44.162065+00:00,226.387,0.735,0.73,0.74,0.265,0.26,0.27,248.0,10.4,10.4,248.0,0.72,369.5,0.75,125.0,0.71,303.0,0.76,212.18,0.7,695.0,0.77,416.0,0.69,454.0,0.78,314.0,0.68,454.0,0.79,484.0,0.25,125.0,0.28,369.5,0.24,212.18,0.29,303.0,0.23,416.0,0.3,695.0,0.22,314.0,0.31,454.0,0.21,484.0,0.32,454.0
2026-01-07 06:03:47.505000+00:00,2026-01-07 06:03:45.170110+00:00,227.505,0.735,0.73,0.74,0.265,0.26,0.27,260.0,10.4,10.4,260.0,0.72,384.5,0.75,140.0,0.71,315.0,0.76,248.18,0.7,695.0,0.77,404.0,0.69,454.0,0.78,314.0,0.68,454.0,0.79,484.0,0.25,140.0,0.28,384.5,0.24,248.18,0.29,315.0,0.23,404.0,0.3,695.0,0.22,314.0,0.31,454.0,0.21,484.0,0.32,454.0
2026-01-07 06:03:48.557000+00:00,2026-01-07 06:03:46.178635+00:00,228.557,0.735,0.73,0.74,0.265,0.26,0.27,260.0,15.4,15.4,260.0,0.72,384.5,0.75,135.0,0.71,315.0,0.76,248.18,0.7,695.0,0.77,404.0,0.69,454.0,0.78,200.0,0.68,532.0,0.79,603.0,0.25,135.0,0.28,384.5,0.24,248.18,0.29,315.0,0.23,404.0,0.3,695.0,0.22,200.0,0.31,454.0,0.21,603.0,0.32,532.0
2026-01-07 06:03:49.759000+00:00,2026-01-07 06:03:47.182820+00:00,229.759,0.735,0.73,0.74,0.265,0.26,0.27,183.0,93.4,30.4,268.0,0.72,380.5,0.75,219.0,0.71,339.0,0.76,164.18,0.7,695.0,0.77,404.0,0.69,466.0,0.78,314.0,0.68,454.0,0.79,484.0,0.25,219.0,0.28,335.5,0.24,164.18,0.29,364.0,0.23,404.0,0.3,695.0,0.22,200.0,0.31,466.0,0.21,603.0,0.32,497.0
2026-01-07 06:03:50.754000+00:00,2026-01-07 06:03:48.189966+00:00,230.754,0.735,0.73,0.74,0.265,0.26,0.27,223.0,60.4,66.4,223.0,0.72,355.5,0.75,219.0,0.71,364.0,0.76,164.18,0.7,695.0,0.77,404.0,0.69,466.0,0.78,200.0,0.68,497.0,0.79,603.0,0.25,219.0,0.28,355.5,0.24,164.18,0.29,364.0,0.23,404.0,0.3,695.0,0.22,200.0,0.31,466.0,0.21,603.0,0.32,497.0
2026-01-07 06:03:51.775000+00:00,2026-01-07 06:03:49.192460+00:00,231.775,0.735,0.73,0.74,0.275,0.27,0.28,5.0,310.95,110.0,20.5,0.72,20.5,0.75,363.0,0.7,183.0,0.76,522.45,0.69,320.0,0.77,593.0,0.68,581.0,0.78,504.0,0.67,396.12,0.79,449.0,0.26,270.95,0.3,183.0,0.25,388.0,0.31,320.0,0.24,522.45,0.32,581.0,0.23,593.0,0.33,396.12,0.22,469.0,0.34,518.8
2026-01-07 06:03:52.680000+00:00,2026-01-07 06:03:50.187397+00:00,232.68,0.71,0.7,0.72,0.29000000000000004,0.28,0.3,183.0,55.0,55.0,183.0,0.69,320.0,0.73,130.0,0.68,581.0,0.74,158.95,0.67,396.12,0.75,303.0,0.66,518.8,0.76,522.45,0.65,521.7,0.77,593.0,0.27,130.0,0.31,320.0,0.26,158.95,0.32,581.0,0.25,303.0,0.33,396.12,0.24,522.45,0.34,518.8,0.23,593.0,0.35,521.7
2026-01-07 06:03:53.549000+00:00,2026-01-07 06:03:51.191810+00:00,233.549,0.71,0.7,0.72,0.29000000000000004,0.28,0.3,183.0,55.0,53.0,183.0,0.69,320.0,0.73,125.0,0.68,581.0,0.74,158.95,0.67,396.12,0.75,303.0,0.66,518.8,0.76,522.45,0.65,521.7,0.77,593.0,0.27,125.0,0.31,320.0,0.26,158.95,0.32,581.0,0.25,303.0,0.33,396.12,0.24,522.45,0.34,518.8,0.23,613.0,0.35,521.7
2026-01-07 06:03:54.689000+00:00,2026-01-07 06:03:52.212633+00:00,234.689,0.715,0.71,0.72,0.28500000000000003,0.28,0.29,50.0,5.0,15.0,50.0,0.7,233.0,0.73,125.0,0.69,320.0,0.74,158.95,0.68,581.0,0.75,303.0,0.67,472.12,0.76,522.45,0.66,444.8,0.77,504.0,0.27,110.0,0.3,233.0,0.26,158.95,0.31,320.0,0.25,303.0,0.32,581.0,0.24,522.45,0.33,472.12,0.23,504.0,0.34,444.8
2026-01-07 06:03:55.671000+00:00,2026-01-07 06:03:53.234725+00:00,235.671,0.715,0.71,0.72,0.28500000000000003,0.28,0.29,35.0,75.0,60.0,35.0,0.7,233.0,0.73,110.0,0.69,320.0,0.74,158.95,0.68,581.0,0.75,597.0,0.67,472.12,0.76,522.45,0.66,444.8,0.77,504.0,0.27,110.0,0.3,233.0,0.26,158.95,0.31,320.0,0.25,597.0,0.32,581.0,0.24,522.45,0.33,472.12,0.23,504.0,0.34,444.8
2026-01-07 06:03:56.683000+00:00,2026-01-07 06:03:54.254170+00:00,236.683,0.715,0.71,0.72,0.28500000000000003,0.28,0.29,50.0,53.0,45.0,50.0,0.7,233.0,0.73,110.0,0.69,320.0,0.74,158.95,0.68,581.0,0.75,597.0,0.67,472.12,0.76,522.45,0.66,444.8,0.77,504.0,0.27,110.0,0.3,233.0,0.26,158.95,0.31,320.0,0.25,597.0,0.32,581.0,0.24,522.45,0.33,396.12,0.23,504.0,0.34,444.8
2026-01-07 06:03:57.763000+00:00,2026-01-07 06:03:55.275372+00:00,237.763,0.715,0.71,0.72,0.28500000000000003,0.28,0.29,50.0,100.0,100.0,50.0,0.7,233.0,0.73,110.0,0.69,320.0,0.74,158.95,0.68,659.0,0.75,597.0,0.67,396.12,0.76,522.45,0.66,444.8,0.77,504.0,0.27,110.0,0.3,233.0,0.26,158.95,0.31,320.0,0.25,597.0,0.32,659.0,0.24,522.45,0.33,396.12,0.23,504.0,0.34,444.8
2026-01-07 06:03:58.834000+00:00,2026-01-07 06:03:56.282597+00:00,238.834,0.715,0.71,0.72,0.28500000000000003,0.28,0.29,45.0,45.0,45.0,45.0,0.7,233.0,0.73,115.0,0.69,137.0,0.74,341.95,0.68,581.0,0.75,597.0,0.67,472.12,0.76,514.0,0.66,444.8,0.77,484.0,0.27,115.0,0.3,233.0,0.26,341.95,0.31,259.0,0.25,597.0,0.32,581.0,0.24,514.0,0.33,472.12,0.23,484.0,0.34,444.8
2026-01-07 06:03:59.853000+00:00,2026-01-07 06:03:57.306067+00:00,239.853,0.71,0.7,0.72,0.29000000000000004,0.28,0.3,253.0,103.45,103.45,253.0,0.69,198.0,0.73,134.0,0.68,659.0,0.74,305.95,0.67,396.12,0.75,597.0,0.66,444.8,0.76,514.0,0.65,521.7,0.77,484.0,0.27,182.0,0.31,198.0,0.26,269.95,0.32,659.0,0.25,597.0,0.33,396.12,0.24,514.0,0.34,444.8,0.23,484.0,0.35,521.7
2026-01-07 06:04:00.841000+00:00,2026-01-07 06:03:58.302428+00:00,240.841,0.715,0.71,0.72,0.28500000000000003,0.28,0.29,60.0,58.45,58.45,60.0,0.7,228.0,0.73,182.0,0.69,198.0,0.74,250.0,0.68,581.0,0.75,627.0,0.67,396.12,0.76,514.0,0.66,444.8,0.77,484.0,0.27,182.0,0.3,228.0,0.26,250.0,0.31,198.0,0.25,627.0,0.32,659.0,0.24,514.0,0.33,396.12,0.23,484.0,0.34,444.8
2026-01-07 06:04:01.927000+00:00,2026-01-07 06:03:59.322706+00:00,241.927,0.7,0.69,0.71,0.3,0.29,0.31,126.0,154.0,154.0,65.0,0.68,317.0,0.72,265.45,0.67,413.12,0.73,287.0,0.66,393.0,0.74,393.0,0.65,775.0,0.75,494.0,0.64,444.6,0.76,479.0,0.28,311.45,0.32,134.0,0.27,361.73,0.33,216.12,0.26,454.0,0.34,467.0,0.25,494.0,0.35,775.0,0.24,479.0,0.36,444.6
2026-01-07 06:04:02.902000+00:00,2026-01-07 06:04:00.327918+00:00,242.902,0.695,0.69,0.7,0.305,0.3,0.31,65.0,2.17,2.17,65.0,0.68,134.0,0.71,149.0,0.67,292.12,0.72,311.45,0.66,393.0,0.73,361.73,0.65,775.0,0.74,454.0,0.64,444.6,0.75,494.0,0.29,149.0,0.32,134.0,0.28,326.45,0.33,292.12,0.27,348.0,0.34,393.0,0.26,454.0,0.35,775.0,0.25,494.0,0.36,444.6
2026-01-07 06:04:03.748000+00:00,2026-01-07 06:04:01.331103+00:00,243.748,0.685,0.68,0.69,0.315,0.31,0.32,100.0,28.0,28.0,100.0,0.67,280.12,0.7,93.0,0.66,417.0,0.71,156.73,0.65,787.0,0.72,251.45,0.64,451.0,0.73,333.0,0.63,404.0,0.74,454.0,0.3,93.0,0.33,280.12,0.29,156.73,0.34,417.0,0.28,251.45,0.35,787.0,0.27,333.0,0.36,451.0,0.26,454.0,0.37,404.0
2026-01-07 06:04:04.852000+00:00,2026-01-07 06:04:02.339927+00:00,244.852,0.69,0.68,0.7,0.31,0.3,0.32,178.0,80.0,80.0,178.0,0.67,240.12,0.71,164.0,0.66,381.0,0.72,281.45,0.65,799.0,0.73,353.0,0.64,439.0,0.74,454.0,0.63,444.0,0.75,494.0,0.29,164.0,0.33,240.12,0.28,281.45,0.34,381.0,0.27,353.0,0.35,799.0,0.26,454.0,0.36,439.0,0.25,494.0,0.37,444.0
2026-01-07 06:04:05.926000+00:00,2026-01-07 06:04:03.342806+00:00,245.926,0.69,0.68,0.7,0.31,0.3,0.32,182.0,68.0,68.0,182.0,0.67,286.12,0.71,164.0,0.66,549.0,0.72,334.45,0.65,775.0,0.73,353.0,0.64,439.0,0.74,454.0,0.63,404.0,0.75,494.0,0.29,164.0,0.33,298.12,0.28,334.45,0.34,549.0,0.27,353.0,0.35,775.0,0.26,454.0,0.36,439.0,0.25,494.0,0.37,404.0
2026-01-07 06:04:07.823000+00:00,2026-01-07 06:04:05.368522+00:00,247.823,0.69,0.68,0.7,0.31,0.3,0.32,182.0,68.0,68.0,182.0,0.67,316.12,0.71,192.73,0.66,549.0,0.72,304.45,0.65,775.0,0.73,353.0,0.64,439.0,0.74,454.0,0.63,404.0,0.75,494.0,0.29,164.0,0.33,316.12,0.28,319.45,0.34,549.0,0.27,353.0,0.35,775.0,0.26,454.0,0.36,439.0,0.25,494.0,0.37,404.0
2026-01-07 06:04:08.945000+00:00,2026-01-07 06:04:06.377379+00:00,248.945,0.695,0.69,0.7,0.305,0.3,0.31,114.0,5.0,50.0,114.0,0.68,180.0,0.71,35.0,0.67,326.12,0.72,292.45,0.66,439.0,0.73,381.73,0.65,775.0,0.74,550.0,0.64,439.0,0.75,494.0,0.29,35.0,0.32,180.0,0.28,292.45,0.33,326.12,0.27,381.73,0.34,439.0,0.26,550.0,0.35,775.0,0.25,494.0,0.36,439.0
2026-01-07 06:04:09.903000+00:00,2026-01-07 06:04:07.383482+00:00,249.903,0.695,0.69,0.7,0.305,0.3,0.31,101.0,5.0,5.0,113.0,0.68,180.0,0.71,53.0,0.67,326.12,0.72,292.45,0.66,439.0,0.73,361.73,0.65,566.0,0.74,550.0,0.64,439.0,0.75,514.0,0.29,53.0,0.32,180.0,0.28,292.45,0.33,326.12,0.27,361.73,0.34,439.0,0.26,550.0,0.35,566.0,0.25,514.0,0.36,439.0
2026-01-07 06:04:10.660000+00:00,2026-01-07 06:04:08.390344+00:00,250.66,0.705,0.7,0.71,0.295,0.29,0.3,89.0,40.0,40.0,89.0,0.69,93.0,0.72,310.45,0.68,192.0,0.73,421.73,0.67,326.12,0.74,490.0,0.66,439.0,0.75,514.0,0.65,566.0,0.76,464.0,0.28,310.45,0.31,93.0,0.27,421.73,0.32,192.0,0.26,490.0,0.33,326.12,0.25,514.0,0.34,439.0,0.24,464.0,0.35,566.0
2026-01-07 06:04:12.962000+00:00,2026-01-07 06:04:10.416526+00:00,252.962,0.695,0.69,0.7,0.305,0.3,0.31,70.0,95.0,107.0,70.0,0.68,182.0,0.71,116.0,0.67,274.12,0.72,480.45,0.66,439.0,0.73,263.0,0.65,649.0,0.74,454.0,0.64,439.0,0.75,514.0,0.29,132.73,0.32,170.0,0.28,475.45,0.33,110.0,0.27,263.0,0.34,342.0,0.26,454.0,0.35,566.0,0.25,514.0,0.36,451.0
2026-01-07 06:04:13.998000+00:00,2026-01-07 06:04:11.423648+00:00,253.998,0.695,0.69,0.7,0.305,0.3,0.31,70.0,92.0,107.0,70.0,0.68,170.0,0.71,116.0,0.67,170.0,0.72,529.45,0.66,628.0,0.73,263.0,0.65,578.0,0.74,454.0,0.64,451.0,0.75,514.0,0.29,116.0,0.32,182.0,0.28,541.45,0.33,170.0,0.27,263.0,0.34,631.0,0.26,454.0,0.35,575.0,0.25,514.0,0.36,439.0
2026-01-07 06:04:14.927000+00:00,2026-01-07 06:04:12.431164+00:00,254.927,0.695,0.69,0.7,0.305,0.3,0.31,147.0,5.0,5.0,142.0,0.68,198.0,0.71,116.0,0.67,122.0,0.72,565.45,0.66,655.0,0.73,263.0,0.65,551.0,0.74,454.0,0.64,439.0,0.75,514.0,0.29,116.0,0.32,198.0,0.28,565.45,0.33,122.0,0.27,263.0,0.34,655.0,0.26,454.0,0.35,551.0,0.25,494.0,0.36,439.0
2026-01-07 06:04:15.838000+00:00,2026-01-07 06:04:13.440120+00:00,255.838,0.695,0.69,0.7,0.305,0.3,0.31,72.0,5.0,5.0,72.0,0.68,216.0,0.71,134.0,0.67,122.0,0.72,565.45,0.66,655.0,0.73,263.0,0.65,551.0,0.74,474.0,0.64,439.0,0.75,494.0,0.29,134.0,0.32,216.0,0.28,565.45,0.33,122.0,0.27,333.0,0.34,655.0,0.26,474.0,0.35,551.0,0.25,494.0,0.36,439.0
2026-01-07 06:04:17.864000+00:00,2026-01-07 06:04:15.472320+00:00,257.864,0.695,0.69,0.7,0.305,0.3,0.31,70.0,117.98,2.98,135.0,0.68,187.0,0.71,140.0,0.67,188.0,0.72,529.45,0.66,557.0,0.73,333.0,0.65,646.0,0.74,474.0,0.64,439.0,0.75,494.0,0.29,158.0,0.32,167.0,0.28,529.45,0.33,176.0,0.27,333.0,0.34,557.0,0.26,474.0,0.35,634.0,0.25,494.0,0.36,439.0
2026-01-07 06:04:19.042000+00:00,2026-01-07 06:04:16.462890+00:00,259.042,0.695,0.69,0.7,0.305,0.3,0.31,140.0,2.98,2.98,204.0,0.68,240.0,0.71,98.0,0.67,122.0,0.72,601.45,0.66,569.0,0.73,333.0,0.65,622.0,0.74,474.0,0.64,439.0,0.75,494.0,0.29,98.0,0.32,180.0,0.28,511.45,0.33,134.0,0.27,409.73,0.34,557.0,0.26,474.0,0.35,551.0,0.25,494.0,0.36,439.0
2026-01-07 06:04:20.196000+00:00,2026-01-07 06:04:18.507321+00:00,260.196,0.7,0.69,0.71,0.3,0.29,0.31,200.0,103.0,103.0,200.0,0.68,180.0,0.72,511.45,0.67,134.0,0.73,421.73,0.66,616.0,0.74,474.0,0.65,551.0,0.75,494.0,0.64,439.0,0.76,464.0,0.28,511.45,0.32,180.0,0.27,421.73,0.33,134.0,0.26,474.0,0.34,616.0,0.25,494.0,0.35,551.0,0.24,464.0,0.36,439.0
2026-01-07 06:04:21.951000+00:00,2026-01-07 06:04:19.518334+00:00,261.951,0.7,0.69,0.71,0.3,0.29,0.31,140.0,115.0,115.0,140.0,0.68,240.0,0.72,559.45,0.67,122.0,0.73,361.73,0.66,628.0,0.74,454.0,0.65,551.0,0.75,494.0,0.64,439.0,0.76,484.0,0.28,559.45,0.32,240.0,0.27,361.73,0.33,122.0,0.26,454.0,0.34,554.0,0.25,494.0,0.35,551.0,0.24,484.0,0.36,439.0
2026-01-07 06:04:22.801000+00:00,2026-01-07 06:04:20.525148+00:00,262.801,0.7,0.69,0.71,0.3,0.29,0.31,175.0,97.0,97.0,175.0,0.68,215.0,0.72,577.45,0.67,238.0,0.73,361.73,0.66,554.0,0.74,454.0,0.65,551.0,0.75,494.0,0.64,404.0,0.76,484.0,0.28,577.45,0.32,215.0,0.27,361.73,0.33,238.0,0.26,454.0,0.34,554.0,0.25,494.0,0.35,551.0,0.24,484.0,0.36,404.0
2026-01-07 06:04:24.120000+00:00,2026-01-07 06:04:21.532350+00:00,264.12,0.71,0.7,0.72,0.29000000000000004,0.28,0.3,90.0,530.45,530.45,90.0,0.69,240.0,0.73,380.0,0.68,215.0,0.74,496.0,0.67,162.0,0.75,494.0,0.66,542.0,0.76,519.0,0.65,551.0,0.77,449.0,0.27,310.0,0.31,240.0,0.26,496.0,0.32,215.0,0.25,494.0,0.33,162.0,0.24,519.0,0.34,542.0,0.23,449.0,0.35,551.0
2026-01-07 06:04:25.152000+00:00,2026-01-07 06:04:22.526804+00:00,265.152,0.715,0.71,0.72,0.28500000000000003,0.28,0.29,299.0,196.45,196.45,371.0,0.7,219.0,0.73,183.0,0.69,393.0,0.74,354.0,0.68,617.0,0.75,399.0,0.67,378.0,0.76,543.0,0.66,404.0,0.77,456.0,0.27,183.0,0.3,247.0,0.26,354.0,0.31,393.0,0.25,399.0,0.32,617.0,0.24,472.73,0.33,378.0,0.23,429.0,0.34,404.0
2026-01-07 06:04:26.142000+00:00,2026-01-07 06:04:23.535321+00:00,266.142,0.735,0.73,0.74,0.265,0.26,0.27,5.0,119.0,119.0,5.0,0.72,115.0,0.75,167.0,0.71,377.0,0.76,183.73,0.7,369.0,0.77,293.0,0.69,478.0,0.78,414.0,0.68,678.0,0.79,379.0,0.25,167.0,0.28,115.0,0.24,183.73,0.29,377.0,0.23,293.0,0.3,369.0,0.22,414.0,0.31,478.0,0.21,379.0,0.32,678.0
2026-01-07 06:04:27.102000+00:00,2026-01-07 06:04:24.541230+00:00,267.102,0.73,0.72,0.74,0.27,0.26,0.28,105.0,164.0,164.0,110.0,0.71,350.0,0.75,107.0,0.7,396.0,0.76,183.73,0.69,478.0,0.77,293.0,0.68,678.0,0.78,414.0,0.67,404.0,0.79,379.0,0.25,107.0,0.29,350.0,0.24,183.73,0.3,396.0,0.23,293.0,0.31,478.0,0.22,414.0,0.32,678.0,0.21,379.0,0.33,404.0
2026-01-07 06:04:28.102000+00:00,2026-01-07 06:04:25.559733+00:00,268.102,0.73,0.72,0.74,0.27,0.26,0.28,110.0,116.0,116.0,110.0,0.71,401.0,0.75,155.0,0.7,357.0,0.76,183.73,0.69,466.0,0.77,293.0,0.68,678.0,0.78,414.0,0.67,441.0,0.79,379.0,0.25,155.0,0.29,401.0,0.24,183.73,0.3,357.0,0.23,293.0,0.31,466.0,0.22,414.0,0.32,678.0,0.21,379.0,0.33,441.0
2026-01-07 06:04:29.039000+00:00,2026-01-07 06:04:26.564223+00:00,269.039,0.73,0.72,0.74,0.27,0.26,0.28,117.0,85.0,85.0,117.0,0.71,398.0,0.75,403.0,0.7,360.0,0.76,195.73,0.69,454.0,0.77,363.0,0.68,678.0,0.78,484.0,0.67,404.0,0.79,449.0,0.25,403.0,0.29,398.0,0.24,195.73,0.3,360.0,0.23,363.0,0.31,454.0,0.22,484.0,0.32,678.0,0.21,449.0,0.33,404.0
2026-01-07 06:04:30.159000+00:00,2026-01-07 06:04:27.570290+00:00,270.159,0.735,0.73,0.74,0.265,0.26,0.27,40.0,50.0,5.0,105.0,0.72,157.0,0.75,428.0,0.71,438.0,0.76,170.73,0.7,345.0,0.77,363.0,0.69,454.0,0.78,504.0,0.68,643.0,0.79,484.0,0.25,383.0,0.28,137.0,0.24,142.0,0.29,438.0,0.23,393.0,0.3,345.0,0.22,504.0,0.31,454.0,0.21,484.0,0.32,643.0
2026-01-07 06:04:31.099000+00:00,2026-01-07 06:04:28.578431+00:00,271.099,0.735,0.73,0.74,0.265,0.26,0.27,217.0,20.0,20.0,217.0,0.72,259.0,0.75,264.0,0.71,348.0,0.76,110.0,0.7,469.0,0.77,467.0,0.69,454.0,0.78,524.73,0.68,680.0,0.79,484.0,0.25,264.0,0.28,259.0,0.24,110.0,0.29,348.0,0.23,467.0,0.3,469.0,0.22,524.73,0.31,454.0,0.21,484.0,0.32,680.0
2026-01-07 06:04:32.179000+00:00,2026-01-07 06:04:29.583196+00:00,272.179,0.745,0.74,0.75,0.255,0.25,0.26,97.0,264.0,264.0,97.0,0.73,104.0,0.76,95.0,0.72,383.0,0.77,236.0,0.71,360.0,0.78,512.73,0.7,454.0,0.79,484.0,0.69,490.0,0.8,528.98,0.24,107.0,0.27,104.0,0.23,224.0,0.28,383.0,0.22,512.73,0.29,360.0,0.21,484.0,0.3,454.0,0.2,528.98,0.31,490.0
2026-01-07 06:04:33.205000+00:00,2026-01-07 06:04:30.604954+00:00,273.205,0.745,0.74,0.75,0.255,0.25,0.26,85.0,309.0,251.86,85.0,0.73,97.0,0.76,164.0,0.72,230.0,0.77,334.0,0.71,348.0,0.78,512.73,0.7,454.0,0.79,484.0,0.69,490.0,0.8,528.98,0.24,119.0,0.27,97.0,0.23,395.0,0.28,230.0,0.22,512.73,0.29,348.0,0.21,484.0,0.3,466.0,0.2,528.98,0.31,454.0
2026-01-07 06:04:34.212000+00:00,2026-01-07 06:04:31.609574+00:00,274.212,0.745,0.74,0.75,0.255,0.25,0.26,115.0,251.86,251.86,115.0,0.73,162.0,0.76,119.0,0.72,352.0,0.77,325.0,0.71,333.0,0.78,512.73,0.7,466.0,0.79,484.0,0.69,454.0,0.8,528.98,0.24,119.0,0.27,162.0,0.23,142.0,0.28,413.0,0.22,512.73,0.29,333.0,0.21,484.0,0.3,466.0,0.2,528.98,0.31,714.0
2026-01-07 06:04:35.191000+00:00,2026-01-07 06:04:32.630642+00:00,275.191,0.745,0.74,0.75,0.255,0.25,0.26,191.75,268.12,268.12,166.75,0.73,162.0,0.76,119.0,0.72,413.0,0.77,142.0,0.71,333.0,0.78,391.73,0.7,490.0,0.79,484.0,0.69,678.0,0.8,528.98,0.24,119.0,0.27,162.0,0.23,142.0,0.28,413.0,0.22,391.73,0.29,345.0,0.21,484.0,0.3,454.0,0.2,528.98,0.31,714.0
2026-01-07 06:04:36.012000+00:00,2026-01-07 06:04:33.638136+00:00,276.012,0.745,0.74,0.75,0.255,0.25,0.26,151.75,268.12,262.12,151.75,0.73,162.0,0.76,164.0,0.72,389.0,0.77,142.0,0.71,357.0,0.78,391.73,0.7,466.0,0.79,504.0,0.69,678.0,0.8,528.98,0.24,164.0,0.27,162.0,0.23,142.0,0.28,389.0,0.22,391.73,0.29,357.0,0.21,504.0,0.3,466.0,0.2,528.98,0.31,678.0
2026-01-07 06:04:37.242000+00:00,2026-01-07 06:04:34.642214+00:00,277.242,0.745,0.74,0.75,0.255,0.25,0.26,151.75,262.12,262.12,159.75,0.73,162.0,0.76,164.0,0.72,389.0,0.77,142.0,0.71,345.0,0.78,391.73,0.7,466.0,0.79,504.0,0.69,678.0,0.8,528.98,0.24,164.0,0.27,162.0,0.23,142.0,0.28,389.0,0.22,391.73,0.29,345.0,0.21,504.0,0.3,466.0,0.2,528.98,0.31,714.0
2026-01-07 06:04:38.249000+00:00,2026-01-07 06:04:35.646980+00:00,278.249,0.745,0.74,0.75,0.255,0.25,0.26,81.75,522.45,497.45,81.75,0.73,170.0,0.76,230.73,0.72,328.0,0.77,373.0,0.71,375.0,0.78,484.0,0.7,502.0,0.79,504.0,0.69,690.0,0.8,528.98,0.24,230.73,0.27,170.0,0.23,373.0,0.28,328.0,0.22,484.0,0.29,375.0,0.21,504.0,0.3,514.0,0.2,528.98,0.31,690.0
2026-01-07 06:04:39.260000+00:00,2026-01-07 06:04:36.650826+00:00,279.26,0.745,0.74,0.75,0.255,0.25,0.26,11.75,728.11,833.11,11.75,0.71,18.0,0.76,419.0,0.7,101.0,0.77,524.0,0.69,690.0,0.78,484.0,0.68,441.0,0.79,504.0,0.67,409.9,0.8,493.98,0.24,429.0,0.31,304.0,0.23,559.0,0.32,459.0,0.22,484.0,0.33,416.0,0.21,504.0,0.34,628.0,0.2,493.98,0.35,521.7
2026-01-07 06:04:40.265000+00:00,2026-01-07 06:04:37.659075+00:00,280.265,0.66,0.65,0.67,0.335,0.33,0.34,283.0,152.0,158.0,89.0,0.64,100.0,0.68,106.73,0.63,351.0,0.69,385.0,0.62,339.0,0.7,371.0,0.61,339.0,0.71,419.0,0.6,379.4,0.72,409.0,0.32,98.0,0.35,181.0,0.31,342.0,0.36,124.0,0.3,396.0,0.37,339.0,0.29,339.0,0.38,351.0,0.28,409.0,0.39,339.0
2026-01-07 06:04:41.159000+00:00,2026-01-07 06:04:38.650922+00:00,281.159,0.665,0.66,0.67,0.335,0.33,0.34,70.0,183.0,183.0,70.0,0.65,252.0,0.68,281.0,0.64,124.0,0.69,352.0,0.63,35.0,0.7,411.0,0.62,47.0,0.71,339.0,0.61,339.0,0.72,429.0,0.32,281.0,0.35,252.0,0.31,352.0,0.36,124.0,0.3,411.0,0.37,35.0,0.29,339.0,0.38,47.0,0.28,429.0,0.39,339.0
2026-01-07 06:04:42.139000+00:00,2026-01-07 06:04:39.658674+00:00,282.139,0.665,0.66,0.67,0.335,0.33,0.34,75.0,183.0,183.0,75.0,0.65,312.0,0.68,301.0,0.64,64.0,0.69,352.0,0.63,47.0,0.7,396.0,0.62,35.0,0.71,339.0,0.61,339.0,0.72,429.0,0.32,361.0,0.35,312.0,0.31,292.0,0.36,64.0,0.3,384.0,0.37,47.0,0.29,339.0,0.38,35.0,0.28,429.0,0.39,339.0
2026-01-07 06:04:43.243000+00:00,2026-01-07 06:04:40.664774+00:00,283.243,0.665,0.66,0.67,0.335,0.33,0.34,203.0,15.0,15.0,218.0,0.65,216.0,0.68,68.0,0.64,82.0,0.69,322.0,0.63,288.0,0.7,424.73,0.62,409.0,0.71,339.0,0.61,374.0,0.72,429.0,0.32,58.0,0.35,216.0,0.31,322.0,0.36,82.0,0.3,424.73,0.37,288.0,0.29,339.0,0.38,409.0,0.28,429.0,0.39,374.0
2026-01-07 06:04:44.257000+00:00,2026-01-07 06:04:41.672380+00:00,284.257,0.675,0.67,0.68,0.325,0.32,0.33,185.0,38.0,38.0,185.0,0.66,154.0,0.69,347.0,0.65,400.0,0.7,371.0,0.64,147.0,0.71,369.0,0.63,288.0,0.72,359.0,0.62,374.0,0.73,374.0,0.31,347.0,0.34,159.0,0.3,371.0,0.35,400.0,0.29,369.0,0.36,147.0,0.28,359.0,0.37,288.0,0.27,409.0,0.38,374.0
2026-01-07 06:04:45.201000+00:00,2026-01-07 06:04:42.679251+00:00,285.201,0.675,0.67,0.68,0.325,0.32,0.33,175.0,38.0,110.0,110.0,0.66,235.0,0.69,347.0,0.65,317.0,0.7,250.0,0.64,147.0,0.71,369.0,0.63,288.0,0.72,359.0,0.62,374.0,0.73,409.0,0.31,323.0,0.34,219.0,0.3,278.73,0.35,305.0,0.29,339.0,0.36,147.0,0.28,359.0,0.37,288.0,0.27,409.0,0.38,374.0
2026-01-07 06:04:46.269000+00:00,2026-01-07 06:04:43.701355+00:00,286.269,0.675,0.67,0.68,0.325,0.32,0.33,190.0,23.0,18.0,196.0,0.66,161.0,0.69,308.0,0.65,388.0,0.7,274.0,0.64,269.0,0.71,369.0,0.63,288.0,0.72,339.0,0.62,374.0,0.73,409.0,0.31,130.0,0.34,161.0,0.3,274.0,0.35,388.0,0.29,369.0,0.36,330.0,0.28,339.0,0.37,288.0,0.27,409.0,0.38,374.0
2026-01-07 06:04:47.314000+00:00,2026-01-07 06:04:44.693358+00:00,287.314,0.675,0.67,0.68,0.325,0.32,0.33,175.0,18.0,18.0,190.0,0.66,161.0,0.69,115.0,0.65,388.0,0.7,274.0,0.64,330.0,0.71,339.0,0.63,288.0,0.72,367.73,0.62,374.0,0.73,409.0,0.31,85.0,0.34,161.0,0.3,310.0,0.35,376.0,0.29,369.0,0.36,330.0,0.28,339.0,0.37,409.0,0.27,409.0,0.38,374.0
2026-01-07 06:04:48.299000+00:00,2026-01-07 06:04:45.682379+00:00,288.299,0.675,0.67,0.68,0.325,0.32,0.33,175.0,18.0,18.0,175.0,0.66,173.0,0.69,140.0,0.65,559.0,0.7,91.0,0.64,330.0,0.71,318.0,0.63,633.0,0.72,409.0,0.62,374.0,0.73,409.0,0.31,140.0,0.34,173.0,0.3,91.0,0.35,559.0,0.29,318.0,0.36,330.0,0.28,409.0,0.37,633.0,0.27,409.0,0.38,374.0
2026-01-07 06:04:49.201000+00:00,2026-01-07 06:04:46.687693+00:00,289.201,0.675,0.67,0.68,0.325,0.32,0.33,115.0,68.0,58.0,115.0,0.66,193.0,0.69,105.0,0.65,559.0,0.7,144.73,0.64,330.0,0.71,263.0,0.63,633.0,0.72,409.0,0.62,374.0,0.73,409.0,0.31,105.0,0.34,181.0,0.3,144.73,0.35,571.0,0.29,263.0,0.36,330.0,0.28,409.0,0.37,633.0,0.27,409.0,0.38,374.0
2026-01-07 06:04:50.037000+00:00,2026-01-07 06:04:47.692148+00:00,290.037,0.6799999999999999,0.67,0.69,0.32,0.31,0.33,175.0,110.0,110.0,175.0,0.66,161.0,0.7,144.73,0.65,571.0,0.71,263.0,0.64,330.0,0.72,409.0,0.63,633.0,0.73,409.0,0.62,374.0,0.74,474.0,0.3,144.73,0.34,161.0,0.29,263.0,0.35,571.0,0.28,409.0,0.36,330.0,0.27,409.0,0.37,633.0,0.26,474.0,0.38,374.0
2026-01-07 06:04:51.323000+00:00,2026-01-07 06:04:48.714800+00:00,291.323,0.675,0.67,0.68,0.325,0.32,0.33,122.0,45.0,5.0,175.0,0.66,211.0,0.69,80.0,0.65,529.0,0.7,168.73,0.64,318.0,0.71,287.0,0.63,633.0,0.72,409.0,0.62,374.0,0.73,409.0,0.31,197.0,0.34,215.0,0.3,314.73,0.35,535.0,0.29,263.0,0.36,330.0,0.28,409.0,0.37,633.0,0.27,409.0,0.38,374.0
2026-01-07 06:04:52.294000+00:00,2026-01-07 06:04:49.721174+00:00,292.294,0.685,0.68,0.69,0.315,0.31,0.32,117.0,183.0,183.0,117.0,0.67,190.0,0.7,447.0,0.66,125.0,0.71,238.0,0.65,373.0,0.72,437.73,0.64,378.0,0.73,505.0,0.63,633.0,0.74,474.0,0.3,447.0,0.33,266.0,0.29,238.0,0.34,125.0,0.28,437.73,0.35,373.0,0.27,505.0,0.36,378.0,0.26,474.0,0.37,633.0
2026-01-07 06:04:53.271000+00:00,2026-01-07 06:04:50.743069+00:00,293.271,0.695,0.69,0.7,0.305,0.3,0.31,80.0,277.0,259.0,65.0,0.68,164.0,0.71,243.0,0.67,231.0,0.72,400.73,0.66,137.0,0.73,409.0,0.65,434.0,0.74,474.0,0.64,439.0,0.75,512.86,0.29,261.0,0.32,164.0,0.28,412.73,0.33,216.0,0.27,409.0,0.34,137.0,0.26,474.0,0.35,434.0,0.25,512.86,0.36,454.0
2026-01-07 06:04:54.247000+00:00,2026-01-07 06:04:51.750236+00:00,294.247,0.695,0.69,0.7,0.305,0.3,0.31,80.0,264.0,264.0,80.0,0.68,182.0,0.71,338.0,0.67,198.0,0.72,312.0,0.66,137.0,0.73,439.0,0.65,434.0,0.74,474.0,0.64,454.0,0.75,512.86,0.29,338.0,0.32,182.0,0.28,312.0,0.33,198.0,0.27,439.0,0.34,137.0,0.26,474.0,0.35,434.0,0.25,512.86,0.36,439.0
