timestamp,seconds,mid,bid,ask,asset
2026-01-07 04:00:00+00:00,0.0,3263.95,3263.85,3264.05,ETH
2026-01-07 04:00:01+00:00,1.0,3263.94,3263.85,3264.05,ETH
2026-01-07 04:00:02+00:00,2.0,3263.961,3263.85,3264.06,ETH
2026-01-07 04:00:03+00:00,3.0,3263.961,3263.85,3264.06,ETH
2026-01-07 04:00:04+00:00,4.0,3263.94,3263.85,3264.04,ETH
2026-01-07 04:00:05+00:00,5.0,3263.981,3263.85,3264.07,ETH
2026-01-07 04:00:06+00:00,6.0,3264.021,3263.83,3264.1,ETH
2026-01-07 04:00:07+00:00,7.0,3263.92,3263.8,3264.03,ETH
2026-01-07 04:00:08+00:00,8.0,3263.76,3263.64,3263.89,ETH
2026-01-07 04:00:09+00:00,9.0,3263.71,3263.5,3263.82,ETH
2026-01-07 04:00:10+00:00,10.0,3263.71,3263.47,3263.83,ETH
2026-01-07 04:00:11+00:00,11.0,3263.71,3263.46,3263.82,ETH
2026-01-07 04:00:12+00:00,12.0,3263.71,3263.48,3263.82,ETH
2026-01-07 04:00:13+00:00,13.0,3263.71,3263.46,3263.83,ETH
2026-01-07 04:00:14+00:00,14.0,3263.58,3263.46,3263.71,ETH
2026-01-07 04:00:15+00:00,15.0,3263.59,3263.46,3263.71,ETH
2026-01-07 04:00:16+00:00,16.0,3263.32,3263.28,3263.57,ETH
2026-01-07 04:00:17+00:00,17.0,3263.26,3263.26,3263.34,ETH
2026-01-07 04:00:18+00:00,18.0,3263.24,3263.2,3263.28,ETH
2026-01-07 04:00:19+00:00,19.0,3263.26,3263.25,3263.34,ETH
2026-01-07 04:00:20+00:00,20.0,3263.26,3263.22,3263.3,ETH
2026-01-07 04:00:21+00:00,21.0,3263.3,3263.26,3263.49,ETH
2026-01-07 04:00:22+00:00,22.0,3263.38,3263.29,3263.49,ETH
2026-01-07 04:00:23+00:00,23.0,3263.29,3263.21,3263.37,ETH
2026-01-07 04:00:24+00:00,24.0,3263.2,3263.19,3263.37,ETH
2026-01-07 04:00:25+00:00,25.0,3263.19,3263.18,3263.37,ETH
2026-01-07 04:00:26+00:00,26.0,3263.2,3263.18,3263.37,ETH
2026-01-07 04:00:27+00:00,27.0,3263.19,3263.18,3263.37,ETH
2026-01-07 04:00:28+00:00,28.0,3263.19,3263.18,3263.37,ETH
2026-01-07 04:00:29+00:00,29.0,3263.33,3263.26,3263.38,ETH
2026-01-07 04:00:30+00:00,30.0,3263.26,3263.26,3263.39,ETH
2026-01-07 04:00:31+00:00,31.0,3263.18,3263.18,3263.27,ETH
2026-01-07 04:00:32+00:00,32.0,3263.16,3263.15,3263.18,ETH
2026-01-07 04:00:33+00:00,33.0,3263.39,3263.18,3263.42,ETH
2026-01-07 04:00:34+00:00,34.0,3263.23,3263.15,3263.35,ETH
2026-01-07 04:00:35+00:00,35.0,3263.16,3263.09,3263.24,ETH
2026-01-07 04:00:36+00:00,36.0,3263.16,3263.09,3263.29,ETH
2026-01-07 04:00:37+00:00,37.0,3263.26,3263.15,3263.33,ETH
2026-01-07 04:00:38+00:00,38.0,3263.24,3263.15,3263.29,ETH
2026-01-07 04:00:39+00:00,39.0,3263.2,3263.11,3263.25,ETH
2026-01-07 04:00:40+00:00,40.0,3263.2,3263.11,3263.25,ETH
2026-01-07 04:00:41+00:00,41.0,3263.16,3263.12,3263.23,ETH
2026-01-07 04:00:42+00:00,42.0,3263.18,3263.13,3263.25,ETH
2026-01-07 04:00:43+00:00,43.0,3263.16,3263.13,3263.19,ETH
2026-01-07 04:00:44+00:00,44.0,3263.16,3263.14,3263.28,ETH
2026-01-07 04:00:45+00:00,45.0,3263.16,3263.12,3263.26,ETH
2026-01-07 04:00:46+00:00,46.0,3263.17,3263.14,3263.26,ETH
2026-01-07 04:00:47+00:00,47.0,3263.29,3263.16,3263.34,ETH
2026-01-07 04:00:48+00:00,48.0,3263.3,3263.16,3263.34,ETH
2026-01-07 04:00:49+00:00,49.0,3263.3,3263.15,3263.36,ETH
2026-01-07 04:00:50+00:00,50.0,3263.3,3263.15,3263.37,ETH
2026-01-07 04:00:51+00:00,51.0,3263.3,3263.14,3263.36,ETH
2026-01-07 04:00:52+00:00,52.0,3263.3,3263.14,3263.36,ETH
2026-01-07 04:00:53+00:00,53.0,3263.3,3263.14,3263.34,ETH
2026-01-07 04:00:54+00:00,54.0,3263.16,3263.12,3263.21,ETH
2026-01-07 04:00:55+00:00,55.0,3262.98,3262.89,3263.14,ETH
2026-01-07 04:00:56+00:00,56.0,3262.98,3262.89,3263.09,ETH
2026-01-07 04:00:57+00:00,57.0,3262.93,3262.87,3263.02,ETH
2026-01-07 04:00:58+00:00,58.0,3262.99,3262.89,3263.06,ETH
2026-01-07 04:00:59+00:00,59.0,3262.92,3262.87,3263.02,ETH
2026-01-07 04:01:01+00:00,61.0,3262.87,3262.86,3262.99,ETH
2026-01-07 04:01:02+00:00,62.0,3262.88,3262.88,3262.99,ETH
2026-01-07 04:01:03+00:00,63.0,3262.89,3262.88,3262.99,ETH
2026-01-07 04:01:04+00:00,64.0,3262.82,3262.78,3262.89,ETH
2026-01-07 04:01:05+00:00,65.0,3262.76,3262.75,3262.87,ETH
2026-01-07 04:01:06+00:00,66.0,3262.76,3262.75,3262.86,ETH
2026-01-07 04:01:07+00:00,67.0,3262.76,3262.67,3262.84,ETH
2026-01-07 04:01:08+00:00,68.0,3262.76,3262.67,3262.84,ETH
2026-01-07 04:01:09+00:00,69.0,3262.86,3262.73,3263.0,ETH
2026-01-07 04:01:10+00:00,70.0,3262.86,3262.73,3263.13,ETH
2026-01-07 04:01:11+00:00,71.0,3262.86,3262.73,3263.12,ETH
2026-01-07 04:01:12+00:00,72.0,3262.86,3262.73,3263.13,ETH
2026-01-07 04:01:13+00:00,73.0,3262.86,3262.73,3263.12,ETH
2026-01-07 04:01:14+00:00,74.0,3262.75,3262.71,3262.96,ETH
2026-01-07 04:01:15+00:00,75.0,3262.96,3262.74,3263.08,ETH
2026-01-07 04:01:16+00:00,76.0,3262.96,3262.75,3263.13,ETH
2026-01-07 04:01:17+00:00,77.0,3262.96,3262.75,3263.08,ETH
2026-01-07 04:01:18+00:00,78.0,3262.96,3262.76,3263.1,ETH
2026-01-07 04:01:19+00:00,79.0,3262.77,3262.76,3263.02,ETH
2026-01-07 04:01:20+00:00,80.0,3262.89,3262.71,3263.04,ETH
2026-01-07 04:01:21+00:00,81.0,3262.89,3262.71,3263.06,ETH
2026-01-07 04:01:22+00:00,82.0,3262.77,3262.66,3262.9,ETH
2026-01-07 04:01:23+00:00,83.0,3262.76,3262.66,3262.91,ETH
2026-01-07 04:01:24+00:00,84.0,3262.76,3262.66,3262.89,ETH
2026-01-07 04:01:25+00:00,85.0,3262.77,3262.66,3262.88,ETH
2026-01-07 04:01:26+00:00,86.0,3262.78,3262.66,3262.87,ETH
2026-01-07 04:01:27+00:00,87.0,3262.77,3262.67,3262.87,ETH
2026-01-07 04:01:28+00:00,88.0,3262.76,3262.68,3262.89,ETH
2026-01-07 04:01:29+00:00,89.0,3262.77,3262.68,3262.88,ETH
2026-01-07 04:01:30+00:00,90.0,3262.85,3262.67,3262.91,ETH
2026-01-07 04:01:31+00:00,91.0,3262.84,3262.67,3262.9,ETH
2026-01-07 04:01:32+00:00,92.0,3262.76,3262.64,3262.84,ETH
2026-01-07 04:01:33+00:00,93.0,3262.76,3262.6,3262.84,ETH
2026-01-07 04:01:34+00:00,94.0,3262.76,3262.6,3262.84,ETH
2026-01-07 04:01:35+00:00,95.0,3262.75,3262.6,3262.86,ETH
2026-01-07 04:01:36+00:00,96.0,3262.75,3262.59,3262.87,ETH
2026-01-07 04:01:37+00:00,97.0,3262.75,3262.59,3262.88,ETH
2026-01-07 04:01:38+00:00,98.0,3262.75,3262.59,3262.88,ETH
2026-01-07 04:01:39+00:00,99.0,3262.8,3262.6,3262.87,ETH
2026-01-07 04:01:40+00:00,100.0,3262.94,3262.7,3262.98,ETH
2026-01-07 04:01:41+00:00,101.0,3263.01,3262.79,3263.07,ETH
2026-01-07 04:01:42+00:00,102.0,3262.98,3262.79,3263.06,ETH
2026-01-07 04:01:43+00:00,103.0,3262.99,3262.78,3263.09,ETH
2026-01-07 04:01:44+00:00,104.0,3263.02,3262.78,3263.09,ETH
2026-01-07 04:01:45+00:00,105.0,3263.03,3262.78,3263.1,ETH
2026-01-07 04:01:46+00:00,106.0,3263.12,3262.94,3263.26,ETH
2026-01-07 04:01:47+00:00,107.0,3263.3,3263.25,3263.54,ETH
2026-01-07 04:01:48+00:00,108.0,3263.6,3263.46,3263.79,ETH
2026-01-07 04:01:49+00:00,109.0,3263.79,3263.62,3263.88,ETH
2026-01-07 04:01:50+00:00,110.0,3263.79,3263.72,3263.86,ETH
2026-01-07 04:01:51+00:00,111.0,3263.79,3263.72,3263.84,ETH
2026-01-07 04:01:52+00:00,112.0,3263.79,3263.7,3263.87,ETH
2026-01-07 04:01:53+00:00,113.0,3263.79,3263.68,3263.9,ETH
2026-01-07 04:01:54+00:00,114.0,3263.79,3263.68,3263.89,ETH
2026-01-07 04:01:55+00:00,115.0,3263.79,3263.66,3263.88,ETH
2026-01-07 04:01:56+00:00,116.0,3263.79,3263.64,3263.91,ETH
2026-01-07 04:01:57+00:00,117.0,3263.79,3263.64,3263.94,ETH
2026-01-07 04:01:58+00:00,118.0,3263.79,3263.64,3263.93,ETH
2026-01-07 04:01:59+00:00,119.0,3263.79,3263.64,3263.88,ETH
2026-01-07 04:02:00+00:00,120.0,3263.79,3263.64,3263.88,ETH
2026-01-07 04:02:01+00:00,121.0,3263.79,3263.65,3263.91,ETH
2026-01-07 04:02:02+00:00,122.0,3263.86,3263.69,3263.95,ETH
2026-01-07 04:02:03+00:00,123.0,3263.95,3263.7,3264.0,ETH
2026-01-07 04:02:04+00:00,124.0,3263.981,3263.71,3264.03,ETH
2026-01-07 04:02:05+00:00,125.0,3263.981,3263.71,3264.04,ETH
2026-01-07 04:02:06+00:00,126.0,3263.961,3263.71,3264.04,ETH
2026-01-07 04:02:07+00:00,127.0,3263.95,3263.71,3264.04,ETH
2026-01-07 04:02:08+00:00,128.0,3263.95,3263.71,3264.01,ETH
2026-01-07 04:02:09+00:00,129.0,3263.95,3263.71,3264.0,ETH
2026-01-07 04:02:10+00:00,130.0,3263.961,3263.71,3264.01,ETH
2026-01-07 04:02:11+00:00,131.0,3263.94,3263.71,3264.02,ETH
2026-01-07 04:02:12+00:00,132.0,3263.91,3263.71,3264.03,ETH
2026-01-07 04:02:13+00:00,133.0,3263.89,3263.7,3263.98,ETH
2026-01-07 04:02:14+00:00,134.0,3263.87,3263.7,3263.95,ETH
2026-01-07 04:02:15+00:00,135.0,3263.57,3263.33,3263.68,ETH
2026-01-07 04:02:16+00:00,136.0,3263.28,3262.98,3263.41,ETH
2026-01-07 04:02:17+00:00,137.0,3263.26,3262.98,3263.41,ETH
2026-01-07 04:02:18+00:00,138.0,3263.3,3263.09,3263.4,ETH
2026-01-07 04:02:19+00:00,139.0,3263.35,3263.23,3263.41,ETH
2026-01-07 04:02:20+00:00,140.0,3263.37,3263.25,3263.5,ETH
2026-01-07 04:02:21+00:00,141.0,3263.39,3263.25,3263.51,ETH
2026-01-07 04:02:22+00:00,142.0,3263.39,3263.29,3263.55,ETH
2026-01-07 04:02:23+00:00,143.0,3263.64,3263.59,3263.82,ETH
2026-01-07 04:02:24+00:00,144.0,3263.94,3263.86,3264.04,ETH
2026-01-07 04:02:25+00:00,145.0,3263.971,3263.86,3264.12,ETH
2026-01-07 04:02:26+00:00,146.0,3264.021,3263.92,3264.21,ETH
2026-01-07 04:02:27+00:00,147.0,3264.291,3264.12,3264.44,ETH
2026-01-07 04:02:28+00:00,148.0,3264.511,3264.31,3264.63,ETH
2026-01-07 04:02:29+00:00,149.0,3264.591,3264.41,3264.73,ETH
2026-01-07 04:02:30+00:00,150.0,3264.831,3264.59,3264.98,ETH
2026-01-07 04:02:31+00:00,151.0,3265.111,3264.86,3265.33,ETH
2026-01-07 04:02:32+00:00,152.0,3265.211,3264.98,3265.47,ETH
2026-01-07 04:02:33+00:00,153.0,3265.451,3265.21,3265.63,ETH
2026-01-07 04:02:34+00:00,154.0,3265.461,3265.23,3265.62,ETH
2026-01-07 04:02:35+00:00,155.0,3265.821,3265.56,3266.03,ETH
2026-01-07 04:02:36+00:00,156.0,3265.621,3265.56,3265.83,ETH
2026-01-07 04:02:37+00:00,157.0,3265.771,3265.56,3265.85,ETH
2026-01-07 04:02:38+00:00,158.0,3265.771,3265.59,3265.87,ETH
2026-01-07 04:02:39+00:00,159.0,3265.831,3265.59,3265.96,ETH
2026-01-07 04:02:40+00:00,160.0,3265.821,3265.61,3265.86,ETH
2026-01-07 04:02:41+00:00,161.0,3265.791,3265.61,3265.83,ETH
2026-01-07 04:02:42+00:00,162.0,3265.811,3265.6,3265.85,ETH
2026-01-07 04:02:43+00:00,163.0,3265.771,3265.6,3265.84,ETH
2026-01-07 04:02:44+00:00,164.0,3265.811,3265.6,3265.87,ETH
2026-01-07 04:02:45+00:00,165.0,3265.831,3265.61,3265.91,ETH
2026-01-07 04:02:46+00:00,166.0,3265.831,3265.65,3265.92,ETH
2026-01-07 04:02:47+00:00,167.0,3265.871,3265.66,3265.94,ETH
2026-01-07 04:02:48+00:00,168.0,3265.901,3265.67,3265.94,ETH
2026-01-07 04:02:49+00:00,169.0,3265.941,3265.7,3266.05,ETH
2026-01-07 04:02:50+00:00,170.0,3266.021,3265.71,3266.08,ETH
2026-01-07 04:02:51+00:00,171.0,3265.971,3265.72,3266.1,ETH
2026-01-07 04:02:52+00:00,172.0,3265.971,3265.68,3266.05,ETH
2026-01-07 04:02:53+00:00,173.0,3265.971,3265.69,3266.0,ETH
2026-01-07 04:02:54+00:00,174.0,3265.991,3265.69,3266.19,ETH
2026-01-07 04:02:55+00:00,175.0,3266.641,3266.36,3266.71,ETH
2026-01-07 04:02:56+00:00,176.0,3266.961,3266.72,3267.17,ETH
2026-01-07 04:02:57+00:00,177.0,3267.211,3267.07,3267.4,ETH
2026-01-07 04:02:58+00:00,178.0,3267.361,3267.27,3267.54,ETH
2026-01-07 04:02:59+00:00,179.0,3267.441,3267.38,3267.73,ETH
2026-01-07 04:03:00+00:00,180.0,3267.591,3267.39,3267.85,ETH
2026-01-07 04:03:01+00:00,181.0,3267.801,3267.45,3267.9,ETH
2026-01-07 04:03:02+00:00,182.0,3267.871,3267.53,3267.91,ETH
2026-01-07 04:03:03+00:00,183.0,3267.861,3267.55,3267.91,ETH
2026-01-07 04:03:05+00:00,185.0,3267.561,3267.45,3267.81,ETH
2026-01-07 04:03:06+00:00,186.0,3267.451,3267.16,3267.56,ETH
2026-01-07 04:03:07+00:00,187.0,3267.381,3267.14,3267.46,ETH
2026-01-07 04:03:08+00:00,188.0,3267.281,3267.11,3267.45,ETH
2026-01-07 04:03:09+00:00,189.0,3267.361,3267.11,3267.4,ETH
2026-01-07 04:03:10+00:00,190.0,3267.361,3267.11,3267.4,ETH
2026-01-07 04:03:11+00:00,191.0,3267.261,3267.11,3267.35,ETH
2026-01-07 04:03:12+00:00,192.0,3267.041,3266.8,3267.16,ETH
2026-01-07 04:03:13+00:00,193.0,3267.211,3267.07,3267.33,ETH
2026-01-07 04:03:14+00:00,194.0,3267.341,3267.11,3267.39,ETH
2026-01-07 04:03:15+00:00,195.0,3267.331,3267.12,3267.37,ETH
2026-01-07 04:03:16+00:00,196.0,3267.231,3267.19,3267.33,ETH
2026-01-07 04:03:17+00:00,197.0,3267.231,3267.1,3267.36,ETH
2026-01-07 04:03:18+00:00,198.0,3267.231,3267.1,3267.32,ETH
2026-01-07 04:03:19+00:00,199.0,3267.231,3267.1,3267.35,ETH
2026-01-07 04:03:20+00:00,200.0,3267.321,3267.16,3267.4,ETH
2026-01-07 04:03:21+00:00,201.0,3267.451,3267.21,3267.53,ETH
2026-01-07 04:03:22+00:00,202.0,3267.331,3267.19,3267.55,ETH
2026-01-07 04:03:23+00:00,203.0,3267.081,3267.08,3267.32,ETH
2026-01-07 04:03:24+00:00,204.0,3267.011,3266.91,3267.17,ETH
2026-01-07 04:03:25+00:00,205.0,3267.011,3266.82,3267.15,ETH
2026-01-07 04:03:26+00:00,206.0,3267.011,3266.82,3267.12,ETH
2026-01-07 04:03:27+00:00,207.0,3267.021,3266.82,3267.14,ETH
2026-01-07 04:03:28+00:00,208.0,3267.171,3267.02,3267.25,ETH
2026-01-07 04:03:29+00:00,209.0,3267.301,3267.23,3267.34,ETH
2026-01-07 04:03:30+00:00,210.0,3267.281,3267.23,3267.35,ETH
2026-01-07 04:03:31+00:00,211.0,3267.261,3267.21,3267.35,ETH
2026-01-07 04:03:32+00:00,212.0,3267.301,3267.21,3267.37,ETH
2026-01-07 04:03:33+00:00,213.0,3267.341,3267.22,3267.39,ETH
2026-01-07 04:03:34+00:00,214.0,3267.341,3267.22,3267.38,ETH
2026-01-07 04:03:35+00:00,215.0,3267.341,3267.22,3267.38,ETH
2026-01-07 04:03:36+00:00,216.0,3267.341,3267.22,3267.39,ETH
2026-01-07 04:03:37+00:00,217.0,3267.521,3267.44,3267.56,ETH
2026-01-07 04:03:38+00:00,218.0,3267.921,3267.83,3268.04,ETH
2026-01-07 04:03:39+00:00,219.0,3268.101,3267.99,3268.37,ETH
2026-01-07 04:03:40+00:00,220.0,3268.051,3268.0,3268.34,ETH
2026-01-07 04:03:41+00:00,221.0,3268.031,3268.0,3268.23,ETH
2026-01-07 04:03:42+00:00,222.0,3268.131,3268.0,3268.23,ETH
2026-01-07 04:03:43+00:00,223.0,3268.241,3268.03,3268.35,ETH
2026-01-07 04:03:44+00:00,224.0,3268.341,3268.11,3268.47,ETH
2026-01-07 04:03:45+00:00,225.0,3268.611,3268.45,3268.79,ETH
2026-01-07 04:03:46+00:00,226.0,3268.791,3268.75,3269.06,ETH
2026-01-07 04:03:47+00:00,227.0,3268.801,3268.75,3269.06,ETH
2026-01-07 04:03:48+00:00,228.0,3268.821,3268.75,3269.06,ETH
2026-01-07 04:03:49+00:00,229.0,3268.821,3268.77,3269.07,ETH
2026-01-07 04:03:50+00:00,230.0,3268.821,3268.8,3269.06,ETH
2026-01-07 04:03:51+00:00,231.0,3268.821,3268.8,3269.1,ETH
2026-01-07 04:03:52+00:00,232.0,3268.821,3268.8,3269.17,ETH
2026-01-07 04:03:53+00:00,233.0,3268.821,3268.8,3269.15,ETH
2026-01-07 04:03:54+00:00,234.0,3268.821,3268.8,3269.17,ETH
2026-01-07 04:03:55+00:00,235.0,3268.881,3268.8,3269.21,ETH
2026-01-07 04:03:56+00:00,236.0,3268.931,3268.8,3269.21,ETH
2026-01-07 04:03:57+00:00,237.0,3268.851,3268.72,3269.09,ETH
2026-01-07 04:03:58+00:00,238.0,3268.671,3268.56,3268.94,ETH
2026-01-07 04:03:59+00:00,239.0,3268.581,3268.45,3268.84,ETH
2026-01-07 04:04:00+00:00,240.0,3268.581,3268.42,3268.81,ETH
2026-01-07 04:04:01+00:00,241.0,3268.581,3268.49,3268.83,ETH
2026-01-07 04:04:02+00:00,242.0,3268.811,3268.76,3269.0,ETH
2026-01-07 04:04:03+00:00,243.0,3269.031,3268.85,3269.16,ETH
2026-01-07 04:04:04+00:00,244.0,3268.721,3268.52,3268.87,ETH
2026-01-07 04:04:05+00:00,245.0,3268.341,3268.27,3268.53,ETH
2026-01-07 04:04:06+00:00,246.0,3268.221,3268.2,3268.39,ETH
2026-01-07 04:04:07+00:00,247.0,3268.201,3268.17,3268.27,ETH
2026-01-07 04:04:08+00:00,248.0,3268.381,3268.33,3268.51,ETH
2026-01-07 04:04:09+00:00,249.0,3268.551,3268.51,3268.77,ETH
2026-01-07 04:04:10+00:00,250.0,3268.561,3268.53,3268.77,ETH
2026-01-07 04:04:11+00:00,251.0,3268.571,3268.53,3268.77,ETH
2026-01-07 04:04:12+00:00,252.0,3268.631,3268.53,3268.8,ETH
2026-01-07 04:04:13+00:00,253.0,3268.711,3268.54,3268.83,ETH
2026-01-07 04:04:14+00:00,254.0,3268.741,3268.6,3268.89,ETH
2026-01-07 04:04:15+00:00,255.0,3268.771,3268.65,3268.91,ETH
2026-01-07 04:04:16+00:00,256.0,3268.831,3268.75,3268.95,ETH
2026-01-07 04:04:17+00:00,257.0,3268.941,3268.84,3269.05,ETH
2026-01-07 04:04:18+00:00,258.0,3269.031,3268.91,3269.1,ETH
2026-01-07 04:04:19+00:00,259.0,3269.071,3268.98,3269.12,ETH
2026-01-07 04:04:20+00:00,260.0,3269.071,3268.99,3269.14,ETH
2026-01-07 04:04:21+00:00,261.0,3269.141,3269.02,3269.21,ETH
2026-01-07 04:04:22+00:00,262.0,3269.221,3269.06,3269.31,ETH
2026-01-07 04:04:23+00:00,263.0,3269.231,3269.1,3269.33,ETH
2026-01-07 04:04:24+00:00,264.0,3269.231,3269.09,3269.3,ETH
2026-01-07 04:04:25+00:00,265.0,3269.401,3269.27,3269.48,ETH
2026-01-07 04:04:26+00:00,266.0,3269.571,3269.48,3269.66,ETH
2026-01-07 04:04:27+00:00,267.0,3269.571,3269.51,3269.67,ETH
2026-01-07 04:04:28+00:00,268.0,3269.561,3269.5,3269.66,ETH
2026-01-07 04:04:29+00:00,269.0,3269.571,3269.51,3269.66,ETH
2026-01-07 04:04:30+00:00,270.0,3269.571,3269.5,3269.66,ETH
2026-01-07 04:04:31+00:00,271.0,3269.331,3269.26,3269.41,ETH
2026-01-07 04:04:32+00:00,272.0,3269.111,3269.05,3269.16,ETH
2026-01-07 04:04:33+00:00,273.0,3269.101,3269.04,3269.14,ETH
2026-01-07 04:04:34+00:00,274.0,3268.851,3268.78,3268.89,ETH
2026-01-07 04:04:35+00:00,275.0,3268.601,3268.55,3268.69,ETH
2026-01-07 04:04:36+00:00,276.0,3268.601,3268.58,3268.76,ETH
2026-01-07 04:04:37+00:00,277.0,3268.691,3268.62,3268.84,ETH
2026-01-07 04:04:38+00:00,278.0,3268.791,3268.65,3268.89,ETH
2026-01-07 04:04:39+00:00,279.0,3268.801,3268.65,3268.89,ETH
2026-01-07 04:04:40+00:00,280.0,3268.801,3268.65,3268.89,ETH
2026-01-07 04:04:41+00:00,281.0,3268.781,3268.63,3268.89,ETH
2026-01-07 04:04:42+00:00,282.0,3268.781,3268.61,3268.88,ETH
2026-01-07 04:04:43+00:00,283.0,3268.781,3268.61,3268.91,ETH
2026-01-07 04:04:44+00:00,284.0,3268.781,3268.61,3268.92,ETH
2026-01-07 04:04:45+00:00,285.0,3268.781,3268.61,3268.91,ETH
2026-01-07 04:04:46+00:00,286.0,3268.791,3268.59,3268.94,ETH
2026-01-07 04:04:47+00:00,287.0,3268.791,3268.59,3268.95,ETH
2026-01-07 04:04:48+00:00,288.0,3268.781,3268.6,3268.92,ETH
2026-01-07 04:04:49+00:00,289.0,3268.781,3268.6,3268.92,ETH
2026-01-07 04:04:50+00:00,290.0,3268.791,3268.61,3268.93,ETH
2026-01-07 04:04:51+00:00,291.0,3268.681,3268.59,3268.9,ETH
2026-01-07 04:04:52+00:00,292.0,3268.531,3268.52,3268.77,ETH
2026-01-07 04:04:53+00:00,293.0,3268.481,3268.47,3268.61,ETH
2026-01-07 04:04:54+00:00,294.0,3268.421,3268.4,3268.49,ETH
2026-01-07 04:04:55+00:00,295.0,3268.371,3268.35,3268.42,ETH
2026-01-07 04:04:56+00:00,296.0,3268.381,3268.37,3268.47,ETH
2026-01-07 04:04:57+00:00,297.0,3268.421,3268.41,3268.53,ETH
2026-01-07 04:04:58+00:00,298.0,3268.501,3268.47,3268.64,ETH
2026-01-07 04:04:59+00:00,299.0,3268.571,3268.53,3268.75,ETH
2026-01-07 04:05:00+00:00,300.0,3268.711,3268.6,3268.99,ETH
2026-01-07 04:05:01+00:00,301.0,3269.041,3268.9,3269.25,ETH
2026-01-07 04:05:02+00:00,302.0,3269.241,3269.13,3269.3,ETH
2026-01-07 04:05:03+00:00,303.0,3269.271,3269.18,3269.43,ETH
2026-01-07 04:05:04+00:00,304.0,3269.301,3269.24,3269.54,ETH
2026-01-07 04:05:05+00:00,305.0,3269.311,3269.24,3269.52,ETH
2026-01-07 04:05:06+00:00,306.0,3269.311,3269.24,3269.5,ETH
2026-01-07 04:05:07+00:00,307.0,3269.311,3269.24,3269.55,ETH
2026-01-07 04:05:08+00:00,308.0,3269.311,3269.24,3269.48,ETH
2026-01-07 04:05:09+00:00,309.0,3269.351,3269.28,3269.43,ETH
2026-01-07 04:05:10+00:00,310.0,3269.391,3269.31,3269.49,ETH
2026-01-07 04:05:11+00:00,311.0,3269.391,3269.33,3269.51,ETH
2026-01-07 04:05:12+00:00,312.0,3269.391,3269.36,3269.53,ETH
2026-01-07 04:05:13+00:00,313.0,3269.391,3269.35,3269.51,ETH
2026-01-07 04:05:14+00:00,314.0,3269.401,3269.34,3269.47,ETH
2026-01-07 04:05:15+00:00,315.0,3269.411,3269.33,3269.52,ETH
2026-01-07 04:05:16+00:00,316.0,3269.421,3269.33,3269.55,ETH
2026-01-07 04:05:17+00:00,317.0,3269.421,3269.33,3269.53,ETH
2026-01-07 04:05:18+00:00,318.0,3269.441,3269.32,3269.54,ETH
2026-01-07 04:05:19+00:00,319.0,3269.471,3269.32,3269.56,ETH
2026-01-07 04:05:20+00:00,320.0,3269.471,3269.35,3269.53,ETH
2026-01-07 04:05:21+00:00,321.0,3269.471,3269.35,3269.75,ETH
2026-01-07 04:05:22+00:00,322.0,3269.471,3269.36,3269.63,ETH
2026-01-07 04:05:23+00:00,323.0,3269.471,3269.36,3269.57,ETH
2026-01-07 04:05:24+00:00,324.0,3269.471,3269.36,3269.53,ETH
2026-01-07 04:05:25+00:00,325.0,3269.471,3269.36,3269.56,ETH
2026-01-07 04:05:26+00:00,326.0,3269.471,3269.36,3269.56,ETH
2026-01-07 04:05:27+00:00,327.0,3269.471,3269.35,3269.55,ETH
2026-01-07 04:05:28+00:00,328.0,3269.471,3269.36,3269.56,ETH
2026-01-07 04:05:29+00:00,329.0,3269.471,3269.36,3269.57,ETH
2026-01-07 04:05:30+00:00,330.0,3269.471,3269.36,3269.57,ETH
2026-01-07 04:05:31+00:00,331.0,3269.471,3269.36,3269.55,ETH
2026-01-07 04:05:32+00:00,332.0,3269.411,3269.36,3269.48,ETH
2026-01-07 04:05:33+00:00,333.0,3269.411,3269.35,3269.48,ETH
2026-01-07 04:05:34+00:00,334.0,3269.321,3269.27,3269.36,ETH
2026-01-07 04:05:35+00:00,335.0,3269.311,3269.23,3269.35,ETH
2026-01-07 04:05:36+00:00,336.0,3269.121,3268.95,3269.16,ETH
2026-01-07 04:05:37+00:00,337.0,3268.881,3268.81,3268.98,ETH
2026-01-07 04:05:38+00:00,338.0,3268.851,3268.81,3268.99,ETH
2026-01-07 04:05:39+00:00,339.0,3268.841,3268.8,3269.0,ETH
2026-01-07 04:05:40+00:00,340.0,3268.971,3268.86,3269.13,ETH
2026-01-07 04:05:41+00:00,341.0,3268.951,3268.86,3269.2,ETH
2026-01-07 04:05:42+00:00,342.0,3268.821,3268.8,3269.15,ETH
2026-01-07 04:05:43+00:00,343.0,3268.851,3268.8,3269.06,ETH
2026-01-07 04:05:44+00:00,344.0,3268.851,3268.8,3269.06,ETH
2026-01-07 04:05:45+00:00,345.0,3268.901,3268.86,3269.06,ETH
2026-01-07 04:05:46+00:00,346.0,3269.311,3269.23,3269.38,ETH
2026-01-07 04:05:47+00:00,347.0,3269.351,3269.27,3269.4,ETH
2026-01-07 04:05:48+00:00,348.0,3269.441,3269.32,3269.49,ETH
2026-01-07 04:05:49+00:00,349.0,3269.451,3269.32,3269.6,ETH
2026-01-07 04:05:50+00:00,350.0,3269.461,3269.32,3269.6,ETH
2026-01-07 04:05:51+00:00,351.0,3269.621,3269.45,3269.79,ETH
2026-01-07 04:05:52+00:00,352.0,3269.621,3269.45,3269.78,ETH
2026-01-07 04:05:53+00:00,353.0,3269.621,3269.45,3269.97,ETH
2026-01-07 04:05:54+00:00,354.0,3269.421,3269.37,3269.83,ETH
2026-01-07 04:05:55+00:00,355.0,3269.251,3269.21,3269.32,ETH
2026-01-07 04:05:56+00:00,356.0,3269.201,3269.11,3269.26,ETH
2026-01-07 04:05:57+00:00,357.0,3269.141,3269.07,3269.25,ETH
2026-01-07 04:05:58+00:00,358.0,3269.161,3269.07,3269.25,ETH
2026-01-07 04:05:59+00:00,359.0,3269.251,3269.08,3269.39,ETH
2026-01-07 04:06:00+00:00,360.0,3269.251,3269.12,3269.45,ETH
2026-01-07 04:06:01+00:00,361.0,3269.251,3269.2,3269.51,ETH
2026-01-07 04:06:02+00:00,362.0,3269.171,3269.03,3269.39,ETH
2026-01-07 04:06:03+00:00,363.0,3269.121,3269.03,3269.17,ETH
2026-01-07 04:06:04+00:00,364.0,3269.121,3269.03,3269.17,ETH
2026-01-07 04:06:05+00:00,365.0,3269.091,3269.03,3269.17,ETH
2026-01-07 04:06:06+00:00,366.0,3269.171,3269.03,3269.31,ETH
2026-01-07 04:06:07+00:00,367.0,3268.881,3268.85,3268.97,ETH
2026-01-07 04:06:08+00:00,368.0,3268.711,3268.71,3268.82,ETH
2026-01-07 04:06:09+00:00,369.0,3268.651,3268.55,3268.75,ETH
2026-01-07 04:06:10+00:00,370.0,3268.631,3268.45,3268.69,ETH
2026-01-07 04:06:11+00:00,371.0,3268.621,3268.45,3268.66,ETH
2026-01-07 04:06:12+00:00,372.0,3268.611,3268.46,3268.66,ETH
2026-01-07 04:06:13+00:00,373.0,3268.601,3268.47,3268.65,ETH
2026-01-07 04:06:14+00:00,374.0,3268.451,3268.31,3268.5,ETH
2026-01-07 04:06:15+00:00,375.0,3268.271,3268.14,3268.36,ETH
2026-01-07 04:06:16+00:00,376.0,3268.201,3268.13,3268.33,ETH
2026-01-07 04:06:17+00:00,377.0,3268.251,3268.21,3268.38,ETH
2026-01-07 04:06:18+00:00,378.0,3268.361,3268.31,3268.46,ETH
2026-01-07 04:06:19+00:00,379.0,3268.361,3268.34,3268.45,ETH
2026-01-07 04:06:20+00:00,380.0,3268.391,3268.35,3268.47,ETH
2026-01-07 04:06:21+00:00,381.0,3268.421,3268.38,3268.51,ETH
2026-01-07 04:06:22+00:00,382.0,3268.451,3268.41,3268.51,ETH
2026-01-07 04:06:23+00:00,383.0,3268.471,3268.44,3268.52,ETH
2026-01-07 04:06:24+00:00,384.0,3268.491,3268.45,3268.54,ETH
2026-01-07 04:06:25+00:00,385.0,3268.571,3268.52,3268.74,ETH
2026-01-07 04:06:26+00:00,386.0,3268.581,3268.5,3268.78,ETH
2026-01-07 04:06:27+00:00,387.0,3268.471,3268.39,3268.64,ETH
2026-01-07 04:06:28+00:00,388.0,3268.561,3268.46,3268.76,ETH
2026-01-07 04:06:29+00:00,389.0,3268.681,3268.54,3268.87,ETH
2026-01-07 04:06:30+00:00,390.0,3268.661,3268.54,3268.88,ETH
2026-01-07 04:06:31+00:00,391.0,3268.641,3268.53,3268.7,ETH
2026-01-07 04:06:32+00:00,392.0,3267.881,3267.62,3267.95,ETH
2026-01-07 04:06:33+00:00,393.0,3267.551,3267.47,3267.65,ETH
2026-01-07 04:06:34+00:00,394.0,3267.381,3267.35,3267.61,ETH
2026-01-07 04:06:35+00:00,395.0,3267.121,3267.04,3267.2,ETH
2026-01-07 04:06:36+00:00,396.0,3267.271,3267.19,3267.44,ETH
2026-01-07 04:06:37+00:00,397.0,3267.051,3267.04,3267.3,ETH
2026-01-07 04:06:38+00:00,398.0,3267.051,3267.04,3267.29,ETH
2026-01-07 04:06:39+00:00,399.0,3267.051,3267.02,3267.13,ETH
2026-01-07 04:06:40+00:00,400.0,3267.021,3267.01,3267.06,ETH
2026-01-07 04:06:41+00:00,401.0,3266.951,3266.94,3267.05,ETH
2026-01-07 04:06:42+00:00,402.0,3266.951,3266.94,3267.05,ETH
2026-01-07 04:06:43+00:00,403.0,3266.951,3266.94,3267.03,ETH
2026-01-07 04:06:44+00:00,404.0,3266.961,3266.94,3267.03,ETH
2026-01-07 04:06:45+00:00,405.0,3266.911,3266.9,3267.0,ETH
2026-01-07 04:06:46+00:00,406.0,3266.771,3266.65,3266.82,ETH
2026-01-07 04:06:47+00:00,407.0,3266.561,3266.42,3266.62,ETH
2026-01-07 04:06:48+00:00,408.0,3266.421,3266.39,3266.52,ETH
2026-01-07 04:06:49+00:00,409.0,3266.251,3266.25,3266.43,ETH
2026-01-07 04:06:50+00:00,410.0,3266.131,3266.12,3266.29,ETH
2026-01-07 04:06:51+00:00,411.0,3266.131,3266.12,3266.18,ETH
2026-01-07 04:06:52+00:00,412.0,3266.041,3266.03,3266.06,ETH
2026-01-07 04:06:53+00:00,413.0,3265.951,3265.95,3265.98,ETH
2026-01-07 04:06:54+00:00,414.0,3265.941,3265.93,3265.97,ETH
2026-01-07 04:06:55+00:00,415.0,3265.941,3265.93,3265.97,ETH
2026-01-07 04:06:56+00:00,416.0,3266.201,3266.18,3266.32,ETH
2026-01-07 04:06:57+00:00,417.0,3266.221,3266.21,3266.44,ETH
2026-01-07 04:06:58+00:00,418.0,3266.221,3266.21,3266.46,ETH
2026-01-07 04:06:59+00:00,419.0,3266.221,3266.21,3266.46,ETH
2026-01-07 04:07:00+00:00,420.0,3266.231,3266.22,3266.42,ETH
2026-01-07 04:07:01+00:00,421.0,3266.531,3266.47,3266.58,ETH
2026-01-07 04:07:02+00:00,422.0,3266.481,3266.47,3266.7,ETH
2026-01-07 04:07:03+00:00,423.0,3266.551,3266.54,3266.69,ETH
2026-01-07 04:07:04+00:00,424.0,3266.591,3266.58,3266.73,ETH
2026-01-07 04:07:05+00:00,425.0,3266.691,3266.66,3266.85,ETH
2026-01-07 04:07:06+00:00,426.0,3266.681,3266.63,3266.73,ETH
2026-01-07 04:07:07+00:00,427.0,3266.691,3266.64,3266.81,ETH
2026-01-07 04:07:08+00:00,428.0,3266.691,3266.64,3266.9,ETH
2026-01-07 04:07:09+00:00,429.0,3266.601,3266.57,3266.88,ETH
2026-01-07 04:07:10+00:00,430.0,3266.601,3266.55,3266.64,ETH
2026-01-07 04:07:11+00:00,431.0,3266.501,3266.49,3266.6,ETH
2026-01-07 04:07:12+00:00,432.0,3266.481,3266.47,3266.51,ETH
2026-01-07 04:07:13+00:00,433.0,3266.331,3266.28,3266.38,ETH
2026-01-07 04:07:14+00:00,434.0,3266.371,3266.34,3266.42,ETH
2026-01-07 04:07:15+00:00,435.0,3266.361,3266.34,3266.41,ETH
2026-01-07 04:07:16+00:00,436.0,3266.341,3266.3,3266.39,ETH
2026-01-07 04:07:17+00:00,437.0,3266.281,3266.27,3266.4,ETH
2026-01-07 04:07:18+00:00,438.0,3266.251,3266.25,3266.49,ETH
2026-01-07 04:07:19+00:00,439.0,3266.091,3266.04,3266.2,ETH
2026-01-07 04:07:20+00:00,440.0,3266.091,3266.04,3266.2,ETH
2026-01-07 04:07:21+00:00,441.0,3265.991,3265.96,3266.09,ETH
2026-01-07 04:07:22+00:00,442.0,3265.911,3265.9,3266.0,ETH
2026-01-07 04:07:23+00:00,443.0,3265.901,3265.9,3266.09,ETH
2026-01-07 04:07:24+00:00,444.0,3265.811,3265.79,3265.87,ETH
2026-01-07 04:07:25+00:00,445.0,3265.491,3265.43,3265.56,ETH
2026-01-07 04:07:26+00:00,446.0,3265.371,3265.32,3265.46,ETH
2026-01-07 04:07:27+00:00,447.0,3265.281,3265.23,3265.33,ETH
2026-01-07 04:07:28+00:00,448.0,3265.211,3265.18,3265.25,ETH
2026-01-07 04:07:29+00:00,449.0,3265.211,3265.18,3265.29,ETH
2026-01-07 04:07:30+00:00,450.0,3265.111,3265.1,3265.21,ETH
2026-01-07 04:07:31+00:00,451.0,3265.201,3265.19,3265.23,ETH
2026-01-07 04:07:32+00:00,452.0,3265.061,3265.05,3265.21,ETH
2026-01-07 04:07:33+00:00,453.0,3265.091,3265.05,3265.2,ETH
2026-01-07 04:07:34+00:00,454.0,3265.071,3265.04,3265.21,ETH
2026-01-07 04:07:35+00:00,455.0,3265.201,3265.2,3265.21,ETH
2026-01-07 04:07:36+00:00,456.0,3264.941,3264.93,3265.21,ETH
2026-01-07 04:07:37+00:00,457.0,3264.941,3264.93,3265.21,ETH
2026-01-07 04:07:38+00:00,458.0,3264.921,3264.91,3264.95,ETH
2026-01-07 04:07:39+00:00,459.0,3264.901,3264.85,3264.94,ETH
2026-01-07 04:07:40+00:00,460.0,3264.831,3264.82,3264.9,ETH
2026-01-07 04:07:41+00:00,461.0,3264.831,3264.82,3264.9,ETH
2026-01-07 04:07:42+00:00,462.0,3264.821,3264.81,3264.9,ETH
2026-01-07 04:07:43+00:00,463.0,3264.821,3264.79,3264.88,ETH
2026-01-07 04:07:44+00:00,464.0,3264.521,3264.46,3264.59,ETH
2026-01-07 04:07:45+00:00,465.0,3264.501,3264.49,3264.81,ETH
2026-01-07 04:07:46+00:00,466.0,3264.461,3264.46,3264.65,ETH
2026-01-07 04:07:47+00:00,467.0,3264.461,3264.46,3264.57,ETH
2026-01-07 04:07:48+00:00,468.0,3264.461,3264.46,3264.62,ETH
2026-01-07 04:07:49+00:00,469.0,3264.361,3264.32,3264.43,ETH
2026-01-07 04:07:50+00:00,470.0,3264.221,3264.16,3264.29,ETH
2026-01-07 04:07:51+00:00,471.0,3264.161,3264.15,3264.34,ETH
2026-01-07 04:07:52+00:00,472.0,3264.011,3264.0,3264.38,ETH
2026-01-07 04:07:53+00:00,473.0,3264.071,3263.98,3264.38,ETH
2026-01-07 04:07:54+00:00,474.0,3264.041,3263.97,3264.38,ETH
2026-01-07 04:07:55+00:00,475.0,3264.041,3264.0,3264.17,ETH
2026-01-07 04:07:56+00:00,476.0,3264.131,3264.09,3264.28,ETH
2026-01-07 04:07:57+00:00,477.0,3264.221,3264.19,3264.4,ETH
2026-01-07 04:07:58+00:00,478.0,3264.281,3264.27,3264.45,ETH
2026-01-07 04:07:59+00:00,479.0,3264.371,3264.31,3264.5,ETH
2026-01-07 04:08:00+00:00,480.0,3264.331,3264.25,3264.54,ETH
2026-01-07 04:08:01+00:00,481.0,3264.441,3264.4,3264.7,ETH
2026-01-07 04:08:02+00:00,482.0,3264.621,3264.61,3264.78,ETH
2026-01-07 04:08:03+00:00,483.0,3264.651,3264.64,3264.88,ETH
2026-01-07 04:08:04+00:00,484.0,3264.661,3264.65,3264.84,ETH
2026-01-07 04:08:05+00:00,485.0,3264.311,3264.26,3264.56,ETH
2026-01-07 04:08:06+00:00,486.0,3264.001,3263.99,3264.4,ETH
2026-01-07 04:08:07+00:00,487.0,3263.971,3263.95,3264.2,ETH
2026-01-07 04:08:08+00:00,488.0,3263.91,3263.89,3263.99,ETH
2026-01-07 04:08:09+00:00,489.0,3263.85,3263.84,3263.91,ETH
2026-01-07 04:08:10+00:00,490.0,3263.79,3263.79,3263.84,ETH
2026-01-07 04:08:11+00:00,491.0,3263.72,3263.71,3263.84,ETH
2026-01-07 04:08:12+00:00,492.0,3263.67,3263.66,3263.84,ETH
2026-01-07 04:08:13+00:00,493.0,3263.65,3263.64,3263.78,ETH
2026-01-07 04:08:14+00:00,494.0,3263.7,3263.68,3263.83,ETH
2026-01-07 04:08:15+00:00,495.0,3263.74,3263.72,3263.93,ETH
2026-01-07 04:08:16+00:00,496.0,3263.77,3263.73,3263.88,ETH
2026-01-07 04:08:17+00:00,497.0,3263.82,3263.74,3263.93,ETH
2026-01-07 04:08:18+00:00,498.0,3263.93,3263.78,3264.06,ETH
2026-01-07 04:08:19+00:00,499.0,3264.011,3263.91,3264.13,ETH
2026-01-07 04:08:20+00:00,500.0,3264.081,3264.03,3264.27,ETH
2026-01-07 04:08:21+00:00,501.0,3264.271,3264.12,3264.46,ETH
2026-01-07 04:08:22+00:00,502.0,3264.461,3264.3,3264.58,ETH
2026-01-07 04:08:23+00:00,503.0,3264.531,3264.42,3264.64,ETH
2026-01-07 04:08:24+00:00,504.0,3264.531,3264.42,3264.71,ETH
2026-01-07 04:08:25+00:00,505.0,3264.561,3264.43,3264.78,ETH
2026-01-07 04:08:26+00:00,506.0,3264.581,3264.47,3264.83,ETH
2026-01-07 04:08:27+00:00,507.0,3264.581,3264.5,3264.75,ETH
2026-01-07 04:08:28+00:00,508.0,3264.581,3264.5,3264.74,ETH
2026-01-07 04:08:29+00:00,509.0,3264.581,3264.51,3264.86,ETH
2026-01-07 04:08:30+00:00,510.0,3264.581,3264.51,3264.84,ETH
2026-01-07 04:08:31+00:00,511.0,3264.581,3264.52,3264.82,ETH
2026-01-07 04:08:35+00:00,515.0,3264.141,3264.08,3264.19,ETH
2026-01-07 04:08:36+00:00,516.0,3264.141,3264.09,3264.18,ETH
2026-01-07 04:08:37+00:00,517.0,3264.111,3264.07,3264.15,ETH
2026-01-07 04:08:38+00:00,518.0,3263.93,3263.87,3264.02,ETH
2026-01-07 04:08:39+00:00,519.0,3263.89,3263.89,3264.0,ETH
2026-01-07 04:08:40+00:00,520.0,3263.95,3263.9,3264.12,ETH
2026-01-07 04:08:41+00:00,521.0,3263.94,3263.9,3264.01,ETH
2026-01-07 04:08:42+00:00,522.0,3263.92,3263.87,3263.97,ETH
2026-01-07 04:08:43+00:00,523.0,3263.93,3263.89,3263.97,ETH
2026-01-07 04:08:44+00:00,524.0,3263.93,3263.89,3263.97,ETH
2026-01-07 04:08:45+00:00,525.0,3263.971,3263.9,3264.03,ETH
2026-01-07 04:08:46+00:00,526.0,3264.021,3263.9,3264.14,ETH
2026-01-07 04:08:47+00:00,527.0,3263.981,3263.9,3264.02,ETH
2026-01-07 04:08:48+00:00,528.0,3263.971,3263.9,3264.03,ETH
2026-01-07 04:08:49+00:00,529.0,3263.981,3263.9,3264.04,ETH
2026-01-07 04:08:50+00:00,530.0,3264.021,3263.91,3264.1,ETH
2026-01-07 04:08:51+00:00,531.0,3264.031,3263.96,3264.1,ETH
2026-01-07 04:08:52+00:00,532.0,3264.141,3264.08,3264.22,ETH
2026-01-07 04:08:53+00:00,533.0,3264.251,3264.13,3264.32,ETH
2026-01-07 04:08:54+00:00,534.0,3264.181,3264.13,3264.22,ETH
2026-01-07 04:08:55+00:00,535.0,3264.181,3264.13,3264.25,ETH
2026-01-07 04:08:56+00:00,536.0,3264.041,3264.0,3264.18,ETH
2026-01-07 04:08:57+00:00,537.0,3264.011,3264.0,3264.17,ETH
2026-01-07 04:08:58+00:00,538.0,3264.101,3263.99,3264.19,ETH
2026-01-07 04:08:59+00:00,539.0,3264.191,3264.0,3264.23,ETH
2026-01-07 04:09:00+00:00,540.0,3264.181,3264.01,3264.23,ETH
2026-01-07 04:09:01+00:00,541.0,3264.161,3264.05,3264.21,ETH
2026-01-07 04:09:02+00:00,542.0,3264.051,3263.99,3264.2,ETH
2026-01-07 04:09:03+00:00,543.0,3263.89,3263.75,3264.19,ETH
2026-01-07 04:09:04+00:00,544.0,3263.56,3263.56,3263.6,ETH
2026-01-07 04:09:05+00:00,545.0,3263.56,3263.45,3263.63,ETH
2026-01-07 04:09:06+00:00,546.0,3263.56,3263.45,3263.61,ETH
2026-01-07 04:09:07+00:00,547.0,3263.56,3263.45,3263.65,ETH
2026-01-07 04:09:08+00:00,548.0,3263.49,3263.43,3263.57,ETH
2026-01-07 04:09:09+00:00,549.0,3263.45,3263.4,3263.52,ETH
2026-01-07 04:09:10+00:00,550.0,3263.43,3263.39,3263.46,ETH
2026-01-07 04:09:11+00:00,551.0,3263.29,3263.27,3263.34,ETH
2026-01-07 04:09:12+00:00,552.0,3263.15,3263.12,3263.26,ETH
2026-01-07 04:09:13+00:00,553.0,3262.96,3262.88,3263.12,ETH
2026-01-07 04:09:14+00:00,554.0,3262.82,3262.75,3262.96,ETH
2026-01-07 04:09:15+00:00,555.0,3262.81,3262.81,3262.89,ETH
2026-01-07 04:09:16+00:00,556.0,3262.81,3262.76,3262.89,ETH
2026-01-07 04:09:17+00:00,557.0,3262.62,3262.61,3262.82,ETH
2026-01-07 04:09:18+00:00,558.0,3262.79,3262.72,3262.92,ETH
2026-01-07 04:09:19+00:00,559.0,3263.07,3262.85,3263.23,ETH
2026-01-07 04:09:20+00:00,560.0,3263.34,3263.07,3263.51,ETH
2026-01-07 04:09:21+00:00,561.0,3263.54,3263.32,3263.65,ETH
2026-01-07 04:09:22+00:00,562.0,3263.63,3263.41,3263.75,ETH
2026-01-07 04:09:23+00:00,563.0,3263.68,3263.46,3263.77,ETH
2026-01-07 04:09:24+00:00,564.0,3263.62,3263.46,3263.73,ETH
2026-01-07 04:09:25+00:00,565.0,3263.57,3263.45,3263.69,ETH
2026-01-07 04:09:26+00:00,566.0,3263.61,3263.45,3263.67,ETH
2026-01-07 04:09:27+00:00,567.0,3263.63,3263.45,3263.67,ETH
2026-01-07 04:09:28+00:00,568.0,3263.56,3263.45,3263.6,ETH
2026-01-07 04:09:29+00:00,569.0,3263.43,3263.37,3263.54,ETH
2026-01-07 04:09:30+00:00,570.0,3263.38,3263.3,3263.56,ETH
2026-01-07 04:09:31+00:00,571.0,3263.46,3263.31,3263.57,ETH
2026-01-07 04:09:32+00:00,572.0,3263.53,3263.33,3263.6,ETH
2026-01-07 04:09:33+00:00,573.0,3263.52,3263.37,3263.62,ETH
2026-01-07 04:09:34+00:00,574.0,3263.5,3263.39,3263.61,ETH
2026-01-07 04:09:35+00:00,575.0,3263.5,3263.39,3263.6,ETH
2026-01-07 04:09:36+00:00,576.0,3263.51,3263.38,3263.59,ETH
2026-01-07 04:09:37+00:00,577.0,3263.51,3263.38,3263.58,ETH
2026-01-07 04:09:38+00:00,578.0,3263.52,3263.39,3263.58,ETH
2026-01-07 04:09:39+00:00,579.0,3263.52,3263.38,3263.58,ETH
2026-01-07 04:09:40+00:00,580.0,3263.52,3263.38,3263.58,ETH
2026-01-07 04:09:41+00:00,581.0,3263.51,3263.37,3263.57,ETH
2026-01-07 04:09:42+00:00,582.0,3263.5,3263.36,3263.54,ETH
2026-01-07 04:09:43+00:00,583.0,3263.5,3263.36,3263.55,ETH
2026-01-07 04:09:44+00:00,584.0,3263.42,3263.34,3263.47,ETH
2026-01-07 04:09:45+00:00,585.0,3263.4,3263.3,3263.5,ETH
2026-01-07 04:09:46+00:00,586.0,3263.64,3263.48,3263.71,ETH
2026-01-07 04:09:47+00:00,587.0,3263.65,3263.48,3263.71,ETH
2026-01-07 04:09:48+00:00,588.0,3263.67,3263.48,3263.72,ETH
2026-01-07 04:09:49+00:00,589.0,3263.66,3263.49,3263.71,ETH
2026-01-07 04:09:50+00:00,590.0,3263.64,3263.5,3263.71,ETH
2026-01-07 04:09:51+00:00,591.0,3263.63,3263.5,3263.7,ETH
2026-01-07 04:09:52+00:00,592.0,3263.61,3263.49,3263.7,ETH
2026-01-07 04:09:53+00:00,593.0,3263.62,3263.5,3263.7,ETH
2026-01-07 04:09:54+00:00,594.0,3263.77,3263.6,3263.84,ETH
2026-01-07 04:09:55+00:00,595.0,3263.96,3263.78,3264.13,ETH
2026-01-07 04:09:56+00:00,596.0,3264.061,3263.92,3264.25,ETH
2026-01-07 04:09:57+00:00,597.0,3264.131,3264.0,3264.26,ETH
2026-01-07 04:09:58+00:00,598.0,3264.131,3264.02,3264.25,ETH
2026-01-07 04:09:59+00:00,599.0,3264.131,3264.02,3264.27,ETH
2026-01-07 04:10:00+00:00,600.0,3264.211,3264.02,3264.35,ETH
2026-01-07 04:10:01+00:00,601.0,3264.161,3264.02,3264.27,ETH
2026-01-07 04:10:02+00:00,602.0,3264.031,3264.01,3264.13,ETH
2026-01-07 04:10:03+00:00,603.0,3264.041,3264.01,3264.1,ETH
2026-01-07 04:10:04+00:00,604.0,3264.041,3264.01,3264.28,ETH
2026-01-07 04:10:05+00:00,605.0,3264.041,3264.01,3264.45,ETH
2026-01-07 04:10:06+00:00,606.0,3264.041,3264.01,3264.13,ETH
2026-01-07 04:10:07+00:00,607.0,3264.041,3264.01,3264.13,ETH
2026-01-07 04:10:08+00:00,608.0,3264.041,3264.01,3264.37,ETH
2026-01-07 04:10:09+00:00,609.0,3264.041,3264.01,3264.37,ETH
2026-01-07 04:10:10+00:00,610.0,3264.041,3264.01,3264.38,ETH
2026-01-07 04:10:11+00:00,611.0,3264.041,3264.01,3264.49,ETH
2026-01-07 04:10:12+00:00,612.0,3264.041,3264.01,3264.48,ETH
2026-01-07 04:10:13+00:00,613.0,3264.041,3264.01,3264.45,ETH
2026-01-07 04:10:14+00:00,614.0,3264.021,3263.97,3264.17,ETH
2026-01-07 04:10:15+00:00,615.0,3264.021,3263.97,3264.3,ETH
2026-01-07 04:10:16+00:00,616.0,3263.94,3263.9,3264.31,ETH
2026-01-07 04:10:17+00:00,617.0,3263.7,3263.54,3263.9,ETH
2026-01-07 04:10:18+00:00,618.0,3263.58,3263.41,3263.81,ETH
2026-01-07 04:10:19+00:00,619.0,3263.58,3263.45,3263.64,ETH
2026-01-07 04:10:20+00:00,620.0,3263.58,3263.46,3263.73,ETH
2026-01-07 04:10:21+00:00,621.0,3263.58,3263.47,3263.73,ETH
2026-01-07 04:10:22+00:00,622.0,3263.58,3263.46,3263.75,ETH
2026-01-07 04:10:23+00:00,623.0,3263.58,3263.46,3263.75,ETH
2026-01-07 04:10:24+00:00,624.0,3263.58,3263.46,3263.84,ETH
2026-01-07 04:10:25+00:00,625.0,3263.58,3263.46,3263.81,ETH
2026-01-07 04:10:26+00:00,626.0,3263.58,3263.47,3263.81,ETH
2026-01-07 04:10:27+00:00,627.0,3263.67,3263.49,3263.71,ETH
2026-01-07 04:10:28+00:00,628.0,3263.75,3263.5,3263.88,ETH
2026-01-07 04:10:29+00:00,629.0,3263.68,3263.49,3263.76,ETH
2026-01-07 04:10:30+00:00,630.0,3263.65,3263.47,3263.74,ETH
2026-01-07 04:10:31+00:00,631.0,3263.63,3263.45,3263.81,ETH
2026-01-07 04:10:32+00:00,632.0,3263.63,3263.45,3263.8,ETH
2026-01-07 04:10:33+00:00,633.0,3263.64,3263.45,3263.79,ETH
2026-01-07 04:10:34+00:00,634.0,3263.64,3263.45,3263.75,ETH
2026-01-07 04:10:35+00:00,635.0,3263.62,3263.43,3263.74,ETH
2026-01-07 04:10:36+00:00,636.0,3263.56,3263.39,3263.73,ETH
2026-01-07 04:10:37+00:00,637.0,3263.45,3263.33,3263.61,ETH
2026-01-07 04:10:38+00:00,638.0,3263.35,3263.27,3263.5,ETH
2026-01-07 04:10:39+00:00,639.0,3263.25,3263.2,3263.39,ETH
2026-01-07 04:10:40+00:00,640.0,3263.15,3263.13,3263.28,ETH
2026-01-07 04:10:41+00:00,641.0,3263.04,3262.94,3263.17,ETH
2026-01-07 04:10:43+00:00,643.0,3262.98,3262.79,3263.09,ETH
2026-01-07 04:10:44+00:00,644.0,3262.98,3262.79,3263.09,ETH
2026-01-07 04:10:45+00:00,645.0,3262.64,3262.61,3262.82,ETH
2026-01-07 04:10:46+00:00,646.0,3262.66,3262.62,3262.82,ETH
2026-01-07 04:10:47+00:00,647.0,3262.42,3262.42,3262.59,ETH
2026-01-07 04:10:48+00:00,648.0,3262.27,3262.19,3262.43,ETH
2026-01-07 04:10:49+00:00,649.0,3262.25,3262.19,3262.42,ETH
2026-01-07 04:10:50+00:00,650.0,3262.25,3262.19,3262.33,ETH
2026-01-07 04:10:51+00:00,651.0,3261.97,3261.92,3262.06,ETH
2026-01-07 04:10:52+00:00,652.0,3261.91,3261.76,3261.97,ETH
2026-01-07 04:10:53+00:00,653.0,3261.85,3261.67,3261.89,ETH
2026-01-07 04:10:54+00:00,654.0,3261.8,3261.64,3261.85,ETH
2026-01-07 04:10:55+00:00,655.0,3261.8,3261.64,3261.84,ETH
2026-01-07 04:10:56+00:00,656.0,3261.81,3261.64,3261.85,ETH
2026-01-07 04:10:57+00:00,657.0,3261.7,3261.6,3261.85,ETH
2026-01-07 04:10:58+00:00,658.0,3261.66,3261.6,3261.84,ETH
2026-01-07 04:10:59+00:00,659.0,3261.74,3261.65,3261.84,ETH
2026-01-07 04:11:00+00:00,660.0,3261.81,3261.65,3261.88,ETH
2026-01-07 04:11:01+00:00,661.0,3261.95,3261.82,3262.07,ETH
2026-01-07 04:11:02+00:00,662.0,3262.09,3262.02,3262.22,ETH
2026-01-07 04:11:03+00:00,663.0,3262.17,3262.05,3262.32,ETH
2026-01-07 04:11:04+00:00,664.0,3262.21,3262.05,3262.34,ETH
2026-01-07 04:11:05+00:00,665.0,3262.21,3262.04,3262.27,ETH
2026-01-07 04:11:06+00:00,666.0,3262.21,3262.03,3262.28,ETH
2026-01-07 04:11:07+00:00,667.0,3262.21,3262.01,3262.3,ETH
2026-01-07 04:11:08+00:00,668.0,3262.16,3262.01,3262.27,ETH
2026-01-07 04:11:09+00:00,669.0,3262.01,3261.85,3262.08,ETH
2026-01-07 04:11:10+00:00,670.0,3261.91,3261.68,3261.95,ETH
2026-01-07 04:11:11+00:00,671.0,3261.91,3261.67,3261.96,ETH
2026-01-07 04:11:12+00:00,672.0,3261.91,3261.67,3261.96,ETH
2026-01-07 04:11:13+00:00,673.0,3261.86,3261.62,3261.9,ETH
2026-01-07 04:11:14+00:00,674.0,3261.83,3261.58,3261.86,ETH
2026-01-07 04:11:15+00:00,675.0,3261.62,3261.45,3261.65,ETH
2026-01-07 04:11:16+00:00,676.0,3261.39,3261.33,3261.44,ETH
2026-01-07 04:11:17+00:00,677.0,3260.75,3260.66,3260.86,ETH
2026-01-07 04:11:18+00:00,678.0,3260.64,3260.5,3260.73,ETH
2026-01-07 04:11:19+00:00,679.0,3260.62,3260.5,3260.68,ETH
2026-01-07 04:11:20+00:00,680.0,3260.61,3260.49,3260.68,ETH
2026-01-07 04:11:21+00:00,681.0,3260.62,3260.48,3260.67,ETH
2026-01-07 04:11:22+00:00,682.0,3260.48,3260.43,3260.53,ETH
2026-01-07 04:11:23+00:00,683.0,3260.49,3260.44,3260.54,ETH
2026-01-07 04:11:24+00:00,684.0,3260.5,3260.34,3260.55,ETH
2026-01-07 04:11:25+00:00,685.0,3260.45,3260.36,3260.53,ETH
2026-01-07 04:11:26+00:00,686.0,3260.45,3260.36,3260.53,ETH
2026-01-07 04:11:27+00:00,687.0,3260.37,3260.31,3260.48,ETH
2026-01-07 04:11:28+00:00,688.0,3260.27,3260.26,3260.42,ETH
2026-01-07 04:11:29+00:00,689.0,3260.27,3260.27,3260.42,ETH
2026-01-07 04:11:30+00:00,690.0,3260.34,3260.28,3260.44,ETH
2026-01-07 04:11:31+00:00,691.0,3260.39,3260.28,3260.5,ETH
2026-01-07 04:11:32+00:00,692.0,3260.39,3260.27,3260.51,ETH
2026-01-07 04:11:33+00:00,693.0,3260.39,3260.27,3260.45,ETH
2026-01-07 04:11:34+00:00,694.0,3260.39,3260.27,3260.45,ETH
2026-01-07 04:11:35+00:00,695.0,3260.37,3260.24,3260.43,ETH
2026-01-07 04:11:36+00:00,696.0,3260.2,3260.05,3260.29,ETH
2026-01-07 04:11:37+00:00,697.0,3260.01,3259.84,3260.11,ETH
2026-01-07 04:11:38+00:00,698.0,3259.99,3259.85,3260.08,ETH
2026-01-07 04:11:39+00:00,699.0,3260.01,3259.88,3260.17,ETH
2026-01-07 04:11:40+00:00,700.0,3260.01,3259.86,3260.22,ETH
2026-01-07 04:11:41+00:00,701.0,3259.93,3259.86,3260.11,ETH
2026-01-07 04:11:42+00:00,702.0,3259.84,3259.8,3260.04,ETH
2026-01-07 04:11:43+00:00,703.0,3259.96,3259.77,3260.07,ETH
2026-01-07 04:11:44+00:00,704.0,3260.06,3259.81,3260.12,ETH
2026-01-07 04:11:45+00:00,705.0,3260.1,3259.88,3260.17,ETH
2026-01-07 04:11:46+00:00,706.0,3260.07,3259.83,3260.13,ETH
2026-01-07 04:11:47+00:00,707.0,3259.94,3259.78,3260.19,ETH
2026-01-07 04:11:48+00:00,708.0,3259.95,3259.78,3260.11,ETH
2026-01-07 04:11:49+00:00,709.0,3259.84,3259.78,3260.02,ETH
2026-01-07 04:11:50+00:00,710.0,3259.93,3259.77,3260.02,ETH
2026-01-07 04:11:51+00:00,711.0,3259.87,3259.79,3259.93,ETH
2026-01-07 04:11:52+00:00,712.0,3259.89,3259.78,3260.02,ETH
2026-01-07 04:11:53+00:00,713.0,3259.93,3259.77,3260.05,ETH
2026-01-07 04:11:54+00:00,714.0,3259.81,3259.68,3259.86,ETH
2026-01-07 04:11:55+00:00,715.0,3259.65,3259.59,3259.81,ETH
2026-01-07 04:11:56+00:00,716.0,3259.46,3259.31,3259.52,ETH
2026-01-07 04:11:57+00:00,717.0,3259.28,3259.24,3259.51,ETH
2026-01-07 04:11:58+00:00,718.0,3259.29,3259.25,3259.51,ETH
2026-01-07 04:11:59+00:00,719.0,3259.32,3259.26,3259.51,ETH
2026-01-07 04:12:00+00:00,720.0,3259.28,3259.23,3259.51,ETH
2026-01-07 04:12:01+00:00,721.0,3259.27,3259.22,3259.51,ETH
2026-01-07 04:12:02+00:00,722.0,3259.1,3259.09,3259.22,ETH
2026-01-07 04:12:03+00:00,723.0,3258.95,3258.91,3259.15,ETH
2026-01-07 04:12:04+00:00,724.0,3258.83,3258.77,3258.9,ETH
2026-01-07 04:12:05+00:00,725.0,3258.82,3258.7,3258.86,ETH
2026-01-07 04:12:06+00:00,726.0,3258.69,3258.62,3258.88,ETH
2026-01-07 04:12:07+00:00,727.0,3258.51,3258.44,3258.71,ETH
2026-01-07 04:12:08+00:00,728.0,3258.46,3258.32,3258.58,ETH
2026-01-07 04:12:09+00:00,729.0,3258.43,3258.3,3258.55,ETH
2026-01-07 04:12:10+00:00,730.0,3258.58,3258.41,3258.66,ETH
2026-01-07 04:12:11+00:00,731.0,3258.76,3258.54,3258.89,ETH
2026-01-07 04:12:12+00:00,732.0,3258.76,3258.54,3258.98,ETH
2026-01-07 04:12:13+00:00,733.0,3258.76,3258.54,3259.07,ETH
2026-01-07 04:12:14+00:00,734.0,3259.12,3258.92,3259.36,ETH
2026-01-07 04:12:15+00:00,735.0,3259.49,3259.25,3259.61,ETH
2026-01-07 04:12:16+00:00,736.0,3259.49,3259.19,3259.62,ETH
2026-01-07 04:12:17+00:00,737.0,3259.49,3259.2,3259.6,ETH
2026-01-07 04:12:18+00:00,738.0,3259.49,3259.2,3259.59,ETH
2026-01-07 04:12:19+00:00,739.0,3259.64,3259.34,3259.7,ETH
2026-01-07 04:12:20+00:00,740.0,3259.79,3259.49,3259.84,ETH
2026-01-07 04:12:21+00:00,741.0,3259.76,3259.55,3259.87,ETH
2026-01-07 04:12:22+00:00,742.0,3259.92,3259.75,3260.03,ETH
2026-01-07 04:12:23+00:00,743.0,3260.01,3259.88,3260.33,ETH
2026-01-07 04:12:24+00:00,744.0,3260.07,3259.94,3260.48,ETH
2026-01-07 04:12:25+00:00,745.0,3260.4,3260.19,3260.58,ETH
2026-01-07 04:12:26+00:00,746.0,3260.59,3260.42,3260.69,ETH
2026-01-07 04:12:27+00:00,747.0,3260.63,3260.44,3260.71,ETH
2026-01-07 04:12:28+00:00,748.0,3260.7,3260.46,3260.74,ETH
2026-01-07 04:12:29+00:00,749.0,3260.82,3260.58,3261.01,ETH
2026-01-07 04:12:30+00:00,750.0,3260.83,3260.59,3261.01,ETH
2026-01-07 04:12:31+00:00,751.0,3260.99,3260.72,3261.08,ETH
2026-01-07 04:12:32+00:00,752.0,3260.96,3260.72,3261.02,ETH
2026-01-07 04:12:33+00:00,753.0,3261.01,3260.72,3261.08,ETH
2026-01-07 04:12:34+00:00,754.0,3261.1,3260.76,3261.29,ETH
2026-01-07 04:12:35+00:00,755.0,3261.21,3261.0,3261.39,ETH
2026-01-07 04:12:36+00:00,756.0,3261.38,3261.13,3261.52,ETH
2026-01-07 04:12:37+00:00,757.0,3261.39,3261.12,3261.52,ETH
2026-01-07 04:12:38+00:00,758.0,3261.44,3261.13,3261.52,ETH
2026-01-07 04:12:39+00:00,759.0,3261.46,3261.13,3261.52,ETH
2026-01-07 04:12:40+00:00,760.0,3261.46,3261.14,3261.52,ETH
2026-01-07 04:12:41+00:00,761.0,3261.47,3261.19,3261.52,ETH
2026-01-07 04:12:42+00:00,762.0,3261.49,3261.24,3261.55,ETH
2026-01-07 04:12:43+00:00,763.0,3261.56,3261.27,3261.66,ETH
2026-01-07 04:12:44+00:00,764.0,3261.64,3261.38,3261.73,ETH
2026-01-07 04:12:45+00:00,765.0,3261.66,3261.45,3261.73,ETH
2026-01-07 04:12:46+00:00,766.0,3261.64,3261.45,3261.73,ETH
2026-01-07 04:12:47+00:00,767.0,3261.62,3261.43,3261.71,ETH
2026-01-07 04:12:48+00:00,768.0,3261.59,3261.4,3261.69,ETH
2026-01-07 04:12:49+00:00,769.0,3261.58,3261.4,3261.65,ETH
2026-01-07 04:12:50+00:00,770.0,3261.58,3261.38,3261.67,ETH
2026-01-07 04:12:51+00:00,771.0,3261.59,3261.37,3261.73,ETH
2026-01-07 04:12:52+00:00,772.0,3261.59,3261.38,3261.75,ETH
2026-01-07 04:12:53+00:00,773.0,3261.59,3261.39,3261.73,ETH
2026-01-07 04:12:54+00:00,774.0,3261.47,3261.34,3261.64,ETH
2026-01-07 04:12:55+00:00,775.0,3261.4,3261.28,3261.59,ETH
2026-01-07 04:12:56+00:00,776.0,3261.39,3261.27,3261.59,ETH
2026-01-07 04:12:57+00:00,777.0,3261.39,3261.33,3261.59,ETH
2026-01-07 04:12:58+00:00,778.0,3261.42,3261.37,3261.59,ETH
2026-01-07 04:12:59+00:00,779.0,3261.42,3261.37,3261.59,ETH
2026-01-07 04:13:00+00:00,780.0,3261.43,3261.36,3261.57,ETH
2026-01-07 04:13:01+00:00,781.0,3261.41,3261.35,3261.56,ETH
2026-01-07 04:13:02+00:00,782.0,3261.38,3261.34,3261.57,ETH
2026-01-07 04:13:03+00:00,783.0,3261.38,3261.35,3261.59,ETH
2026-01-07 04:13:04+00:00,784.0,3261.42,3261.35,3261.58,ETH
2026-01-07 04:13:05+00:00,785.0,3261.44,3261.35,3261.59,ETH
2026-01-07 04:13:06+00:00,786.0,3261.45,3261.36,3261.61,ETH
2026-01-07 04:13:07+00:00,787.0,3261.44,3261.36,3261.59,ETH
2026-01-07 04:13:08+00:00,788.0,3261.49,3261.35,3261.6,ETH
2026-01-07 04:13:09+00:00,789.0,3261.51,3261.36,3261.63,ETH
2026-01-07 04:13:10+00:00,790.0,3261.47,3261.37,3261.63,ETH
2026-01-07 04:13:11+00:00,791.0,3261.45,3261.39,3261.66,ETH
2026-01-07 04:13:12+00:00,792.0,3261.48,3261.4,3261.69,ETH
2026-01-07 04:13:13+00:00,793.0,3261.48,3261.4,3261.69,ETH
2026-01-07 04:13:14+00:00,794.0,3261.48,3261.4,3261.63,ETH
2026-01-07 04:13:15+00:00,795.0,3261.5,3261.4,3261.56,ETH
2026-01-07 04:13:16+00:00,796.0,3261.49,3261.37,3261.7,ETH
2026-01-07 04:13:17+00:00,797.0,3261.48,3261.4,3261.65,ETH
2026-01-07 04:13:18+00:00,798.0,3261.46,3261.32,3261.69,ETH
2026-01-07 04:13:19+00:00,799.0,3261.42,3261.26,3261.64,ETH
2026-01-07 04:13:20+00:00,800.0,3261.45,3261.27,3261.66,ETH
2026-01-07 04:13:21+00:00,801.0,3261.43,3261.28,3261.56,ETH
2026-01-07 04:13:22+00:00,802.0,3261.27,3261.12,3261.35,ETH
2026-01-07 04:13:23+00:00,803.0,3261.13,3260.92,3261.2,ETH
2026-01-07 04:13:24+00:00,804.0,3261.12,3260.89,3261.23,ETH
2026-01-07 04:13:25+00:00,805.0,3261.14,3260.95,3261.25,ETH
2026-01-07 04:13:26+00:00,806.0,3261.12,3261.01,3261.18,ETH
2026-01-07 04:13:27+00:00,807.0,3261.12,3261.0,3261.18,ETH
2026-01-07 04:13:28+00:00,808.0,3261.08,3260.98,3261.2,ETH
2026-01-07 04:13:29+00:00,809.0,3261.04,3260.98,3261.2,ETH
2026-01-07 04:13:30+00:00,810.0,3261.09,3260.99,3261.2,ETH
2026-01-07 04:13:31+00:00,811.0,3261.14,3260.99,3261.22,ETH
2026-01-07 04:13:32+00:00,812.0,3261.15,3261.0,3261.22,ETH
2026-01-07 04:13:33+00:00,813.0,3261.15,3260.99,3261.26,ETH
2026-01-07 04:13:34+00:00,814.0,3261.27,3261.05,3261.37,ETH
2026-01-07 04:13:35+00:00,815.0,3261.34,3261.11,3261.41,ETH
2026-01-07 04:13:36+00:00,816.0,3261.41,3261.14,3261.5,ETH
2026-01-07 04:13:37+00:00,817.0,3261.65,3261.32,3261.81,ETH
2026-01-07 04:13:38+00:00,818.0,3261.78,3261.59,3261.98,ETH
2026-01-07 04:13:39+00:00,819.0,3261.74,3261.69,3261.93,ETH
2026-01-07 04:13:40+00:00,820.0,3261.76,3261.7,3261.93,ETH
2026-01-07 04:13:41+00:00,821.0,3261.8,3261.66,3262.15,ETH
2026-01-07 04:13:42+00:00,822.0,3262.0,3261.8,3262.15,ETH
2026-01-07 04:13:43+00:00,823.0,3261.95,3261.8,3262.15,ETH
2026-01-07 04:13:44+00:00,824.0,3262.1,3261.97,3262.17,ETH
2026-01-07 04:13:45+00:00,825.0,3262.15,3261.97,3262.21,ETH
2026-01-07 04:13:46+00:00,826.0,3262.15,3261.97,3262.24,ETH
2026-01-07 04:13:47+00:00,827.0,3262.36,3262.14,3262.5,ETH
2026-01-07 04:13:48+00:00,828.0,3262.49,3262.32,3262.7,ETH
2026-01-07 04:13:49+00:00,829.0,3262.62,3262.36,3262.68,ETH
2026-01-07 04:13:50+00:00,830.0,3262.63,3262.36,3262.67,ETH
2026-01-07 04:13:51+00:00,831.0,3262.65,3262.36,3262.7,ETH
2026-01-07 04:13:52+00:00,832.0,3262.65,3262.36,3262.7,ETH
2026-01-07 04:13:53+00:00,833.0,3262.65,3262.36,3262.78,ETH
2026-01-07 04:13:54+00:00,834.0,3262.65,3262.35,3262.72,ETH
2026-01-07 04:13:55+00:00,835.0,3262.65,3262.34,3262.76,ETH
2026-01-07 04:13:56+00:00,836.0,3262.65,3262.34,3262.74,ETH
2026-01-07 04:13:57+00:00,837.0,3262.65,3262.4,3262.73,ETH
2026-01-07 04:13:58+00:00,838.0,3262.65,3262.46,3262.74,ETH
2026-01-07 04:13:59+00:00,839.0,3262.65,3262.49,3262.72,ETH
2026-01-07 04:14:00+00:00,840.0,3262.651,3262.49,3262.73,ETH
2026-01-07 04:14:01+00:00,841.0,3262.091,3261.95,3262.12,ETH
2026-01-07 04:14:02+00:00,842.0,3261.911,3261.87,3262.01,ETH
2026-01-07 04:14:03+00:00,843.0,3261.631,3261.6,3261.82,ETH
2026-01-07 04:14:04+00:00,844.0,3261.641,3261.59,3261.72,ETH
2026-01-07 04:14:05+00:00,845.0,3261.641,3261.6,3261.74,ETH
2026-01-07 04:14:06+00:00,846.0,3261.691,3261.64,3261.79,ETH
2026-01-07 04:14:07+00:00,847.0,3261.611,3261.55,3261.81,ETH
2026-01-07 04:14:08+00:00,848.0,3261.331,3261.3,3261.81,ETH
2026-01-07 04:14:09+00:00,849.0,3261.361,3261.31,3261.7,ETH
2026-01-07 04:14:10+00:00,850.0,3261.481,3261.43,3261.61,ETH
2026-01-07 04:14:11+00:00,851.0,3261.381,3261.37,3261.6,ETH
2026-01-07 04:14:12+00:00,852.0,3261.241,3261.23,3261.46,ETH
2026-01-07 04:14:13+00:00,853.0,3261.141,3261.13,3261.33,ETH
2026-01-07 04:14:14+00:00,854.0,3261.131,3261.1,3261.3,ETH
2026-01-07 04:14:15+00:00,855.0,3261.131,3261.1,3261.23,ETH
2026-01-07 04:14:16+00:00,856.0,3261.111,3261.1,3261.2,ETH
2026-01-07 04:14:17+00:00,857.0,3261.031,3260.99,3261.14,ETH
2026-01-07 04:14:18+00:00,858.0,3260.931,3260.88,3261.05,ETH
2026-01-07 04:14:19+00:00,859.0,3260.991,3260.89,3261.07,ETH
2026-01-07 04:14:20+00:00,860.0,3261.061,3260.9,3261.12,ETH
2026-01-07 04:14:21+00:00,861.0,3261.081,3260.94,3261.14,ETH
2026-01-07 04:14:22+00:00,862.0,3261.091,3260.97,3261.15,ETH
2026-01-07 04:14:23+00:00,863.0,3260.971,3260.89,3261.08,ETH
2026-01-07 04:14:24+00:00,864.0,3260.841,3260.79,3261.02,ETH
2026-01-07 04:14:25+00:00,865.0,3260.771,3260.73,3260.92,ETH
2026-01-07 04:14:26+00:00,866.0,3260.611,3260.59,3260.8,ETH
2026-01-07 04:14:27+00:00,867.0,3260.511,3260.5,3260.79,ETH
2026-01-07 04:14:28+00:00,868.0,3260.501,3260.5,3260.71,ETH
2026-01-07 04:14:29+00:00,869.0,3260.541,3260.52,3260.62,ETH
2026-01-07 04:14:30+00:00,870.0,3260.491,3260.46,3260.56,ETH
2026-01-07 04:14:31+00:00,871.0,3260.451,3260.34,3260.52,ETH
2026-01-07 04:14:32+00:00,872.0,3260.421,3260.29,3260.52,ETH
2026-01-07 04:14:33+00:00,873.0,3260.471,3260.3,3260.58,ETH
2026-01-07 04:14:34+00:00,874.0,3260.571,3260.4,3260.64,ETH
2026-01-07 04:14:35+00:00,875.0,3260.691,3260.62,3260.75,ETH
2026-01-07 04:14:36+00:00,876.0,3260.901,3260.76,3260.94,ETH
2026-01-07 04:14:37+00:00,877.0,3260.981,3260.78,3261.03,ETH
2026-01-07 04:14:39+00:00,879.0,3261.011,3260.78,3261.06,ETH
2026-01-07 04:14:40+00:00,880.0,3261.611,3261.5,3261.82,ETH
2026-01-07 04:14:41+00:00,881.0,3261.631,3261.56,3261.71,ETH
2026-01-07 04:14:42+00:00,882.0,3261.621,3261.57,3261.71,ETH
2026-01-07 04:14:43+00:00,883.0,3261.601,3261.54,3261.77,ETH
2026-01-07 04:14:44+00:00,884.0,3261.661,3261.6,3261.81,ETH
2026-01-07 04:14:45+00:00,885.0,3261.501,3261.5,3261.6,ETH
2026-01-07 04:14:46+00:00,886.0,3261.591,3261.39,3261.68,ETH
2026-01-07 04:14:47+00:00,887.0,3261.591,3261.38,3261.74,ETH
2026-01-07 04:14:48+00:00,888.0,3261.591,3261.38,3261.77,ETH
2026-01-07 04:14:49+00:00,889.0,3261.591,3261.38,3261.74,ETH
2026-01-07 04:14:50+00:00,890.0,3261.591,3261.38,3261.7,ETH
2026-01-07 04:14:51+00:00,891.0,3261.551,3261.37,3261.68,ETH
2026-01-07 04:14:52+00:00,892.0,3261.511,3261.37,3261.68,ETH
2026-01-07 04:14:53+00:00,893.0,3261.511,3261.36,3261.68,ETH
2026-01-07 04:14:54+00:00,894.0,3261.511,3261.35,3261.68,ETH
2026-01-07 04:14:55+00:00,895.0,3261.511,3261.33,3261.64,ETH
2026-01-07 04:14:56+00:00,896.0,3261.511,3261.33,3261.58,ETH
2026-01-07 04:14:57+00:00,897.0,3261.491,3261.33,3261.54,ETH
2026-01-07 04:14:58+00:00,898.0,3261.421,3261.33,3261.52,ETH
2026-01-07 04:14:59+00:00,899.0,3261.411,3261.33,3261.53,ETH
