timestamp,collected_at,seconds,mid,bid,ask,asset
2026-01-06 18:30:00+00:00,,0.0,ETH,3218.06,3217.93,18:30:00
2026-01-06 18:30:01+00:00,,1.0,ETH,3217.99,3217.9,18:30:01
2026-01-06 18:30:02+00:00,,2.0,ETH,3217.9,3217.86,18:30:02
2026-01-06 18:30:03+00:00,,3.0,ETH,3217.89,3217.83,18:30:03
2026-01-06 18:30:04+00:00,,4.0,ETH,3217.46,3217.33,18:30:04
2026-01-06 18:30:05+00:00,,5.0,ETH,3217.01,3216.83,18:30:05
2026-01-06 18:30:06+00:00,,6.0,ETH,3217.01,3216.83,18:30:06
2026-01-06 18:30:07+00:00,,7.0,ETH,3216.95,3216.81,18:30:07
2026-01-06 18:30:08+00:00,,8.0,ETH,3216.85,3216.75,18:30:08
2026-01-06 18:30:09+00:00,,9.0,ETH,3216.79,3216.73,18:30:09
2026-01-06 18:30:10+00:00,,10.0,ETH,3216.68,3216.67,18:30:10
2026-01-06 18:30:11+00:00,,11.0,ETH,3216.68,3216.67,18:30:11
2026-01-06 18:30:12+00:00,,12.0,ETH,3217.01,3216.94,18:30:12
2026-01-06 18:30:13+00:00,,13.0,ETH,3216.91,3216.82,18:30:13
2026-01-06 18:30:14+00:00,,14.0,ETH,3216.84,3216.76,18:30:14
2026-01-06 18:30:15+00:00,,15.0,ETH,3216.94,3216.81,18:30:15
2026-01-06 18:30:16+00:00,,16.0,ETH,3217.01,3216.85,18:30:16
2026-01-06 18:30:17+00:00,,17.0,ETH,3217.04,3216.85,18:30:17
2026-01-06 18:30:18+00:00,,18.0,ETH,3217.08,3216.84,18:30:18
2026-01-06 18:30:19+00:00,,19.0,ETH,3217.08,3216.86,18:30:19
2026-01-06 18:30:20+00:00,,20.0,ETH,3217.08,3216.91,18:30:20
2026-01-06 18:30:21+00:00,,21.0,ETH,3217.09,3216.96,18:30:21
2026-01-06 18:30:22+00:00,,22.0,ETH,3217.15,3217.01,18:30:22
2026-01-06 18:30:23+00:00,,23.0,ETH,3217.55,3217.42,18:30:23
2026-01-06 18:30:24+00:00,,24.0,ETH,3217.98,3217.7,18:30:24
2026-01-06 18:30:25+00:00,,25.0,ETH,3218.04,3217.64,18:30:25
2026-01-06 18:30:26+00:00,,26.0,ETH,3218.02,3217.65,18:30:26
2026-01-06 18:30:27+00:00,,27.0,ETH,3218.03,3217.71,18:30:27
2026-01-06 18:30:28+00:00,,28.0,ETH,3218.19,3217.9,18:30:28
2026-01-06 18:30:29+00:00,,29.0,ETH,3218.36,3218.03,18:30:29
2026-01-06 18:30:30+00:00,,30.0,ETH,3218.36,3218.05,18:30:30
2026-01-06 18:30:31+00:00,,31.0,ETH,3218.37,3218.09,18:30:31
2026-01-06 18:30:32+00:00,,32.0,ETH,3218.37,3218.12,18:30:32
2026-01-06 18:30:33+00:00,,33.0,ETH,3218.37,3218.15,18:30:33
2026-01-06 18:30:34+00:00,,34.0,ETH,3218.37,3218.17,18:30:34
2026-01-06 18:30:35+00:00,,35.0,ETH,3218.37,3218.1,18:30:35
2026-01-06 18:30:36+00:00,,36.0,ETH,3218.17,3217.86,18:30:36
2026-01-06 18:30:37+00:00,,37.0,ETH,3217.97,3217.8,18:30:37
2026-01-06 18:30:38+00:00,,38.0,ETH,3218.09,3217.93,18:30:38
2026-01-06 18:30:39+00:00,,39.0,ETH,3218.34,3218.11,18:30:39
2026-01-06 18:30:40+00:00,,40.0,ETH,3218.48,3218.27,18:30:40
2026-01-06 18:30:41+00:00,,41.0,ETH,3218.3,3218.04,18:30:41
2026-01-06 18:30:42+00:00,,42.0,ETH,3218.28,3218.03,18:30:42
2026-01-06 18:30:43+00:00,,43.0,ETH,3218.24,3218.03,18:30:43
2026-01-06 18:30:44+00:00,,44.0,ETH,3218.18,3217.98,18:30:44
2026-01-06 18:30:45+00:00,,45.0,ETH,3218.33,3218.09,18:30:45
2026-01-06 18:30:46+00:00,,46.0,ETH,3218.32,3217.95,18:30:46
2026-01-06 18:30:47+00:00,,47.0,ETH,3217.96,3217.88,18:30:47
2026-01-06 18:30:48+00:00,,48.0,ETH,3217.96,3217.78,18:30:48
2026-01-06 18:30:49+00:00,,49.0,ETH,3218.01,3217.81,18:30:49
2026-01-06 18:30:50+00:00,,50.0,ETH,3218.01,3217.82,18:30:50
2026-01-06 18:30:51+00:00,,51.0,ETH,3218.01,3217.84,18:30:51
2026-01-06 18:30:52+00:00,,52.0,ETH,3218.01,3217.85,18:30:52
2026-01-06 18:30:53+00:00,,53.0,ETH,3218.01,3217.87,18:30:53
2026-01-06 18:30:54+00:00,,54.0,ETH,3218.01,3217.86,18:30:54
2026-01-06 18:30:55+00:00,,55.0,ETH,3218.01,3217.88,18:30:55
2026-01-06 18:30:56+00:00,,56.0,ETH,3218.18,3218.04,18:30:56
2026-01-06 18:30:57+00:00,,57.0,ETH,3218.21,3218.02,18:30:57
2026-01-06 18:30:58+00:00,,58.0,ETH,3218.11,3217.93,18:30:58
2026-01-06 18:30:59+00:00,,59.0,ETH,3218.05,3217.9,18:30:59
2026-01-06 18:31:00+00:00,,60.0,ETH,3218.11,3217.97,18:31:00
2026-01-06 18:31:01+00:00,,61.0,ETH,3218.36,3218.17,18:31:01
2026-01-06 18:31:02+00:00,,62.0,ETH,3218.56,3218.31,18:31:02
2026-01-06 18:31:03+00:00,,63.0,ETH,3218.69,3218.43,18:31:03
2026-01-06 18:31:04+00:00,,64.0,ETH,3218.83,3218.54,18:31:04
2026-01-06 18:31:05+00:00,,65.0,ETH,3219.0,3218.66,18:31:05
2026-01-06 18:31:06+00:00,,66.0,ETH,3218.96,3218.7,18:31:06
2026-01-06 18:31:07+00:00,,67.0,ETH,3218.85,3218.69,18:31:07
2026-01-06 18:31:08+00:00,,68.0,ETH,3218.96,3218.79,18:31:08
2026-01-06 18:31:09+00:00,,69.0,ETH,3219.02,3218.81,18:31:09
2026-01-06 18:31:10+00:00,,70.0,ETH,3219.04,3218.76,18:31:10
2026-01-06 18:31:11+00:00,,71.0,ETH,3219.18,3218.88,18:31:11
2026-01-06 18:31:12+00:00,,72.0,ETH,3219.37,3219.23,18:31:12
2026-01-06 18:31:13+00:00,,73.0,ETH,3219.45,3219.31,18:31:13
2026-01-06 18:31:14+00:00,,74.0,ETH,3219.49,3219.26,18:31:14
2026-01-06 18:31:15+00:00,,75.0,ETH,3219.51,3219.35,18:31:15
2026-01-06 18:31:16+00:00,,76.0,ETH,3219.57,3219.41,18:31:16
2026-01-06 18:31:17+00:00,,77.0,ETH,3219.65,3219.41,18:31:17
2026-01-06 18:31:19+00:00,,79.0,ETH,3219.66,3219.41,18:31:19
2026-01-06 18:31:20+00:00,,80.0,ETH,3219.89,3219.64,18:31:20
2026-01-06 18:31:21+00:00,,81.0,ETH,3220.07,3219.74,18:31:21
2026-01-06 18:31:22+00:00,,82.0,ETH,3220.06,3219.74,18:31:22
2026-01-06 18:31:23+00:00,,83.0,ETH,3219.79,3219.51,18:31:23
2026-01-06 18:31:24+00:00,,84.0,ETH,3219.33,3219.15,18:31:24
2026-01-06 18:31:25+00:00,,85.0,ETH,3218.96,3218.86,18:31:25
2026-01-06 18:31:26+00:00,,86.0,ETH,3218.84,3218.77,18:31:26
2026-01-06 18:31:27+00:00,,87.0,ETH,3218.94,3218.8,18:31:27
2026-01-06 18:31:28+00:00,,88.0,ETH,3219.0,3218.77,18:31:28
2026-01-06 18:31:29+00:00,,89.0,ETH,3218.87,3218.66,18:31:29
2026-01-06 18:31:30+00:00,,90.0,ETH,3218.59,3218.48,18:31:30
2026-01-06 18:31:31+00:00,,91.0,ETH,3218.26,3218.23,18:31:31
2026-01-06 18:31:32+00:00,,92.0,ETH,3218.09,3218.05,18:31:32
2026-01-06 18:31:33+00:00,,93.0,ETH,3218.07,3218.04,18:31:33
2026-01-06 18:31:34+00:00,,94.0,ETH,3217.91,3217.86,18:31:34
2026-01-06 18:31:36+00:00,,96.0,ETH,3217.66,3217.66,18:31:36
2026-01-06 18:31:37+00:00,,97.0,ETH,3217.57,3217.54,18:31:37
2026-01-06 18:31:38+00:00,,98.0,ETH,3217.48,3217.3,18:31:38
2026-01-06 18:31:39+00:00,,99.0,ETH,3217.51,3217.39,18:31:39
2026-01-06 18:31:40+00:00,,100.0,ETH,3217.96,3217.79,18:31:40
2026-01-06 18:31:42+00:00,,102.0,ETH,3218.7,3218.61,18:31:42
2026-01-06 18:31:43+00:00,,103.0,ETH,3219.03,3218.99,18:31:43
2026-01-06 18:31:44+00:00,,104.0,ETH,3219.55,3219.29,18:31:44
2026-01-06 18:31:45+00:00,,105.0,ETH,3219.73,3219.5,18:31:45
2026-01-06 18:31:46+00:00,,106.0,ETH,3219.87,3219.63,18:31:46
2026-01-06 18:31:47+00:00,,107.0,ETH,3219.98,3219.68,18:31:47
2026-01-06 18:31:48+00:00,,108.0,ETH,3220.05,3219.73,18:31:48
2026-01-06 18:31:49+00:00,,109.0,ETH,3220.25,3220.08,18:31:49
2026-01-06 18:31:50+00:00,,110.0,ETH,3220.68,3220.51,18:31:50
2026-01-06 18:31:51+00:00,,111.0,ETH,3220.97,3220.77,18:31:51
2026-01-06 18:31:52+00:00,,112.0,ETH,3221.11,3220.91,18:31:52
2026-01-06 18:31:53+00:00,,113.0,ETH,3221.26,3220.93,18:31:53
2026-01-06 18:31:54+00:00,,114.0,ETH,3221.32,3221.03,18:31:54
2026-01-06 18:31:55+00:00,,115.0,ETH,3221.42,3221.15,18:31:55
2026-01-06 18:31:56+00:00,,116.0,ETH,3221.5,3221.19,18:31:56
2026-01-06 18:31:57+00:00,,117.0,ETH,3221.51,3221.22,18:31:57
2026-01-06 18:31:58+00:00,,118.0,ETH,3221.52,3221.27,18:31:58
2026-01-06 18:31:59+00:00,,119.0,ETH,3221.55,3221.34,18:31:59
2026-01-06 18:32:00+00:00,,120.0,ETH,3221.64,3221.5,18:32:00
2026-01-06 18:32:01+00:00,,121.0,ETH,3221.89,3221.77,18:32:01
2026-01-06 18:32:02+00:00,,122.0,ETH,3221.89,3221.78,18:32:02
2026-01-06 18:32:03+00:00,,123.0,ETH,3221.58,3221.47,18:32:03
2026-01-06 18:32:04+00:00,,124.0,ETH,3221.4,3221.25,18:32:04
2026-01-06 18:32:05+00:00,,125.0,ETH,3221.28,3221.18,18:32:05
2026-01-06 18:32:06+00:00,,126.0,ETH,3221.25,3221.17,18:32:06
2026-01-06 18:32:07+00:00,,127.0,ETH,3221.25,3221.17,18:32:07
2026-01-06 18:32:08+00:00,,128.0,ETH,3221.26,3221.17,18:32:08
2026-01-06 18:32:09+00:00,,129.0,ETH,3221.26,3221.17,18:32:09
2026-01-06 18:32:10+00:00,,130.0,ETH,3222.03,3221.7,18:32:10
2026-01-06 18:32:11+00:00,,131.0,ETH,3222.11,3221.78,18:32:11
2026-01-06 18:32:12+00:00,,132.0,ETH,3222.15,3221.81,18:32:12
2026-01-06 18:32:13+00:00,,133.0,ETH,3222.27,3222.17,18:32:13
2026-01-06 18:32:14+00:00,,134.0,ETH,3222.6,3222.3,18:32:14
2026-01-06 18:32:15+00:00,,135.0,ETH,3222.61,3222.46,18:32:15
2026-01-06 18:32:16+00:00,,136.0,ETH,3222.69,3222.43,18:32:16
2026-01-06 18:32:17+00:00,,137.0,ETH,3222.64,3222.42,18:32:17
2026-01-06 18:32:18+00:00,,138.0,ETH,3222.62,3222.38,18:32:18
2026-01-06 18:32:19+00:00,,139.0,ETH,3222.23,3222.07,18:32:19
2026-01-06 18:32:20+00:00,,140.0,ETH,3221.86,3221.78,18:32:20
2026-01-06 18:32:21+00:00,,141.0,ETH,3221.92,3221.76,18:32:21
2026-01-06 18:32:22+00:00,,142.0,ETH,3222.01,3221.84,18:32:22
2026-01-06 18:32:23+00:00,,143.0,ETH,3221.95,3221.89,18:32:23
2026-01-06 18:32:24+00:00,,144.0,ETH,3221.79,3221.77,18:32:24
2026-01-06 18:32:25+00:00,,145.0,ETH,3221.69,3221.64,18:32:25
2026-01-06 18:32:26+00:00,,146.0,ETH,3221.69,3221.57,18:32:26
2026-01-06 18:32:27+00:00,,147.0,ETH,3221.77,3221.64,18:32:27
2026-01-06 18:32:28+00:00,,148.0,ETH,3221.92,3221.83,18:32:28
2026-01-06 18:32:29+00:00,,149.0,ETH,3221.98,3221.89,18:32:29
2026-01-06 18:32:30+00:00,,150.0,ETH,3221.96,3221.8,18:32:30
2026-01-06 18:32:31+00:00,,151.0,ETH,3222.05,3221.92,18:32:31
2026-01-06 18:32:32+00:00,,152.0,ETH,3222.13,3222.07,18:32:32
2026-01-06 18:32:33+00:00,,153.0,ETH,3222.42,3222.18,18:32:33
2026-01-06 18:32:34+00:00,,154.0,ETH,3222.52,3222.3,18:32:34
2026-01-06 18:32:35+00:00,,155.0,ETH,3222.59,3222.31,18:32:35
2026-01-06 18:32:36+00:00,,156.0,ETH,3222.52,3222.24,18:32:36
2026-01-06 18:32:37+00:00,,157.0,ETH,3222.49,3222.41,18:32:37
2026-01-06 18:32:38+00:00,,158.0,ETH,3222.63,3222.5,18:32:38
2026-01-06 18:32:39+00:00,,159.0,ETH,3222.65,3222.46,18:32:39
2026-01-06 18:32:40+00:00,,160.0,ETH,3222.64,3222.44,18:32:40
2026-01-06 18:32:41+00:00,,161.0,ETH,3222.66,3222.44,18:32:41
2026-01-06 18:32:42+00:00,,162.0,ETH,3222.84,3222.68,18:32:42
2026-01-06 18:32:43+00:00,,163.0,ETH,3223.07,3222.79,18:32:43
2026-01-06 18:32:44+00:00,,164.0,ETH,3223.08,3222.83,18:32:44
2026-01-06 18:32:45+00:00,,165.0,ETH,3223.07,3222.75,18:32:45
2026-01-06 18:32:46+00:00,,166.0,ETH,3223.07,3222.77,18:32:46
2026-01-06 18:32:47+00:00,,167.0,ETH,3223.07,3222.75,18:32:47
2026-01-06 18:32:48+00:00,,168.0,ETH,3223.07,3222.75,18:32:48
2026-01-06 18:32:49+00:00,,169.0,ETH,3223.22,3223.12,18:32:49
2026-01-06 18:32:50+00:00,,170.0,ETH,3223.53,3223.3,18:32:50
2026-01-06 18:32:51+00:00,,171.0,ETH,3223.77,3223.41,18:32:51
2026-01-06 18:32:52+00:00,,172.0,ETH,3223.8,3223.41,18:32:52
2026-01-06 18:32:53+00:00,,173.0,ETH,3223.76,3223.41,18:32:53
2026-01-06 18:32:54+00:00,,174.0,ETH,3223.76,3223.41,18:32:54
2026-01-06 18:32:55+00:00,,175.0,ETH,3223.64,3223.5,18:32:55
2026-01-06 18:32:56+00:00,,176.0,ETH,3223.31,3223.12,18:32:56
2026-01-06 18:32:57+00:00,,177.0,ETH,3223.05,3222.89,18:32:57
2026-01-06 18:32:58+00:00,,178.0,ETH,3222.81,3222.6,18:32:58
2026-01-06 18:32:59+00:00,,179.0,ETH,3222.49,3222.28,18:32:59
2026-01-06 18:33:00+00:00,,180.0,ETH,3222.56,3222.44,18:33:00
2026-01-06 18:33:01+00:00,,181.0,ETH,3223.21,3223.0,18:33:01
2026-01-06 18:33:02+00:00,,182.0,ETH,3223.65,3223.39,18:33:02
2026-01-06 18:33:03+00:00,,183.0,ETH,3223.6,3223.43,18:33:03
2026-01-06 18:33:04+00:00,,184.0,ETH,3223.64,3223.44,18:33:04
2026-01-06 18:33:05+00:00,,185.0,ETH,3223.67,3223.46,18:33:05
2026-01-06 18:33:06+00:00,,186.0,ETH,3223.65,3223.44,18:33:06
2026-01-06 18:33:07+00:00,,187.0,ETH,3223.56,3223.32,18:33:07
2026-01-06 18:33:08+00:00,,188.0,ETH,3223.38,3223.17,18:33:08
2026-01-06 18:33:09+00:00,,189.0,ETH,3223.22,3223.14,18:33:09
2026-01-06 18:33:10+00:00,,190.0,ETH,3223.1,3223.04,18:33:10
2026-01-06 18:33:11+00:00,,191.0,ETH,3222.94,3222.85,18:33:11
2026-01-06 18:33:12+00:00,,192.0,ETH,3222.82,3222.77,18:33:12
2026-01-06 18:33:13+00:00,,193.0,ETH,3222.86,3222.77,18:33:13
2026-01-06 18:33:14+00:00,,194.0,ETH,3222.86,3222.77,18:33:14
2026-01-06 18:33:15+00:00,,195.0,ETH,3222.82,3222.8,18:33:15
2026-01-06 18:33:16+00:00,,196.0,ETH,3222.86,3222.8,18:33:16
2026-01-06 18:33:17+00:00,,197.0,ETH,3222.83,3222.73,18:33:17
2026-01-06 18:33:19+00:00,,199.0,ETH,3222.79,3222.7,18:33:19
2026-01-06 18:33:20+00:00,,200.0,ETH,3222.79,3222.72,18:33:20
2026-01-06 18:33:21+00:00,,201.0,ETH,3222.88,3222.8,18:33:21
2026-01-06 18:33:22+00:00,,202.0,ETH,3222.84,3222.76,18:33:22
2026-01-06 18:33:23+00:00,,203.0,ETH,3222.73,3222.65,18:33:23
2026-01-06 18:33:24+00:00,,204.0,ETH,3222.67,3222.58,18:33:24
2026-01-06 18:33:25+00:00,,205.0,ETH,3222.88,3222.66,18:33:25
2026-01-06 18:33:26+00:00,,206.0,ETH,3223.11,3222.81,18:33:26
2026-01-06 18:33:27+00:00,,207.0,ETH,3222.8,3222.61,18:33:27
2026-01-06 18:33:28+00:00,,208.0,ETH,3222.45,3222.35,18:33:28
2026-01-06 18:33:29+00:00,,209.0,ETH,3222.3,3222.09,18:33:29
2026-01-06 18:33:30+00:00,,210.0,ETH,3221.81,3221.56,18:33:30
2026-01-06 18:33:31+00:00,,211.0,ETH,3221.34,3221.19,18:33:31
2026-01-06 18:33:32+00:00,,212.0,ETH,3221.13,3221.03,18:33:32
2026-01-06 18:33:33+00:00,,213.0,ETH,3221.02,3220.96,18:33:33
2026-01-06 18:33:34+00:00,,214.0,ETH,3220.97,3220.92,18:33:34
2026-01-06 18:33:35+00:00,,215.0,ETH,3221.19,3221.13,18:33:35
2026-01-06 18:33:36+00:00,,216.0,ETH,3221.51,3221.42,18:33:36
2026-01-06 18:33:37+00:00,,217.0,ETH,3221.69,3221.52,18:33:37
2026-01-06 18:33:38+00:00,,218.0,ETH,3221.87,3221.62,18:33:38
2026-01-06 18:33:39+00:00,,219.0,ETH,3221.89,3221.62,18:33:39
2026-01-06 18:33:40+00:00,,220.0,ETH,3221.86,3221.58,18:33:40
2026-01-06 18:33:41+00:00,,221.0,ETH,3221.87,3221.71,18:33:41
2026-01-06 18:33:42+00:00,,222.0,ETH,3221.86,3221.7,18:33:42
2026-01-06 18:33:43+00:00,,223.0,ETH,3221.82,3221.57,18:33:43
2026-01-06 18:33:44+00:00,,224.0,ETH,3221.77,3221.55,18:33:44
2026-01-06 18:33:45+00:00,,225.0,ETH,3221.65,3221.51,18:33:45
2026-01-06 18:33:46+00:00,,226.0,ETH,3221.48,3221.39,18:33:46
2026-01-06 18:33:47+00:00,,227.0,ETH,3221.32,3221.23,18:33:47
2026-01-06 18:33:48+00:00,,228.0,ETH,3221.22,3221.14,18:33:48
2026-01-06 18:33:49+00:00,,229.0,ETH,3221.19,3221.09,18:33:49
2026-01-06 18:33:50+00:00,,230.0,ETH,3221.11,3221.01,18:33:50
2026-01-06 18:33:51+00:00,,231.0,ETH,3220.94,3220.8,18:33:51
2026-01-06 18:33:52+00:00,,232.0,ETH,3220.69,3220.58,18:33:52
2026-01-06 18:33:53+00:00,,233.0,ETH,3220.52,3220.47,18:33:53
2026-01-06 18:33:54+00:00,,234.0,ETH,3220.58,3220.46,18:33:54
2026-01-06 18:33:55+00:00,,235.0,ETH,3220.63,3220.48,18:33:55
2026-01-06 18:33:56+00:00,,236.0,ETH,3220.76,3220.57,18:33:56
2026-01-06 18:33:57+00:00,,237.0,ETH,3220.91,3220.65,18:33:57
2026-01-06 18:33:58+00:00,,238.0,ETH,3220.96,3220.73,18:33:58
2026-01-06 18:33:59+00:00,,239.0,ETH,3221.01,3220.89,18:33:59
2026-01-06 18:34:00+00:00,,240.0,ETH,3220.99,3220.85,18:34:00
2026-01-06 18:34:01+00:00,,241.0,ETH,3220.99,3220.83,18:34:01
2026-01-06 18:34:02+00:00,,242.0,ETH,3221.08,3220.95,18:34:02
2026-01-06 18:34:03+00:00,,243.0,ETH,3221.24,3221.02,18:34:03
2026-01-06 18:34:04+00:00,,244.0,ETH,3221.24,3221.09,18:34:04
2026-01-06 18:34:05+00:00,,245.0,ETH,3221.09,3221.0,18:34:05
2026-01-06 18:34:06+00:00,,246.0,ETH,3221.03,3220.9,18:34:06
2026-01-06 18:34:07+00:00,,247.0,ETH,3221.04,3220.9,18:34:07
2026-01-06 18:34:08+00:00,,248.0,ETH,3221.05,3220.89,18:34:08
2026-01-06 18:34:09+00:00,,249.0,ETH,3221.06,3221.0,18:34:09
2026-01-06 18:34:10+00:00,,250.0,ETH,3221.09,3221.04,18:34:10
2026-01-06 18:34:11+00:00,,251.0,ETH,3221.05,3220.94,18:34:11
2026-01-06 18:34:12+00:00,,252.0,ETH,3220.99,3220.89,18:34:12
2026-01-06 18:34:13+00:00,,253.0,ETH,3220.97,3220.85,18:34:13
2026-01-06 18:34:14+00:00,,254.0,ETH,3221.16,3221.15,18:34:14
2026-01-06 18:34:15+00:00,,255.0,ETH,3221.57,3221.55,18:34:15
2026-01-06 18:34:16+00:00,,256.0,ETH,3222.17,3222.1,18:34:16
2026-01-06 18:34:17+00:00,,257.0,ETH,3222.31,3222.1,18:34:17
2026-01-06 18:34:18+00:00,,258.0,ETH,3222.43,3222.4,18:34:18
2026-01-06 18:34:19+00:00,,259.0,ETH,3222.6,3222.33,18:34:19
2026-01-06 18:34:20+00:00,,260.0,ETH,3222.88,3222.81,18:34:20
2026-01-06 18:34:21+00:00,,261.0,ETH,3223.06,3222.81,18:34:21
2026-01-06 18:34:22+00:00,,262.0,ETH,3223.16,3222.93,18:34:22
2026-01-06 18:34:23+00:00,,263.0,ETH,3223.55,3223.32,18:34:23
2026-01-06 18:34:24+00:00,,264.0,ETH,3223.91,3223.61,18:34:24
2026-01-06 18:34:25+00:00,,265.0,ETH,3223.83,3223.58,18:34:25
2026-01-06 18:34:26+00:00,,266.0,ETH,3223.79,3223.59,18:34:26
2026-01-06 18:34:27+00:00,,267.0,ETH,3224.03,3223.78,18:34:27
2026-01-06 18:34:28+00:00,,268.0,ETH,3224.24,3223.98,18:34:28
2026-01-06 18:34:29+00:00,,269.0,ETH,3224.25,3224.07,18:34:29
2026-01-06 18:34:30+00:00,,270.0,ETH,3224.24,3224.11,18:34:30
2026-01-06 18:34:31+00:00,,271.0,ETH,3224.69,3224.54,18:34:31
2026-01-06 18:34:32+00:00,,272.0,ETH,3225.13,3224.99,18:34:32
2026-01-06 18:34:33+00:00,,273.0,ETH,3225.11,3224.95,18:34:33
2026-01-06 18:34:34+00:00,,274.0,ETH,3225.14,3224.91,18:34:34
2026-01-06 18:34:35+00:00,,275.0,ETH,3225.29,3224.99,18:34:35
2026-01-06 18:34:36+00:00,,276.0,ETH,3225.33,3225.03,18:34:36
2026-01-06 18:34:37+00:00,,277.0,ETH,3225.24,3224.95,18:34:37
2026-01-06 18:34:38+00:00,,278.0,ETH,3225.06,3224.89,18:34:38
2026-01-06 18:34:39+00:00,,279.0,ETH,3224.89,3224.77,18:34:39
2026-01-06 18:34:40+00:00,,280.0,ETH,3224.83,3224.65,18:34:40
2026-01-06 18:34:41+00:00,,281.0,ETH,3224.79,3224.62,18:34:41
2026-01-06 18:34:42+00:00,,282.0,ETH,3224.71,3224.59,18:34:42
2026-01-06 18:34:43+00:00,,283.0,ETH,3224.66,3224.59,18:34:43
2026-01-06 18:34:44+00:00,,284.0,ETH,3224.68,3224.6,18:34:44
2026-01-06 18:34:45+00:00,,285.0,ETH,3224.96,3224.87,18:34:45
2026-01-06 18:34:46+00:00,,286.0,ETH,3225.23,3225.14,18:34:46
2026-01-06 18:34:47+00:00,,287.0,ETH,3225.23,3225.15,18:34:47
2026-01-06 18:34:48+00:00,,288.0,ETH,3225.22,3225.08,18:34:48
2026-01-06 18:34:49+00:00,,289.0,ETH,3225.17,3224.93,18:34:49
2026-01-06 18:34:50+00:00,,290.0,ETH,3224.94,3224.73,18:34:50
2026-01-06 18:34:51+00:00,,291.0,ETH,3224.74,3224.61,18:34:51
2026-01-06 18:34:52+00:00,,292.0,ETH,3224.72,3224.62,18:34:52
2026-01-06 18:34:53+00:00,,293.0,ETH,3224.7,3224.61,18:34:53
2026-01-06 18:34:54+00:00,,294.0,ETH,3224.65,3224.54,18:34:54
2026-01-06 18:34:55+00:00,,295.0,ETH,3224.64,3224.46,18:34:55
2026-01-06 18:34:56+00:00,,296.0,ETH,3224.68,3224.44,18:34:56
2026-01-06 18:34:57+00:00,,297.0,ETH,3224.68,3224.53,18:34:57
2026-01-06 18:34:58+00:00,,298.0,ETH,3224.77,3224.58,18:34:58
2026-01-06 18:34:59+00:00,,299.0,ETH,3224.83,3224.6,18:34:59
2026-01-06 18:35:00+00:00,,300.0,ETH,3224.91,3224.75,18:35:00
2026-01-06 18:35:01+00:00,,301.0,ETH,3225.26,3225.13,18:35:01
2026-01-06 18:35:02+00:00,,302.0,ETH,3225.39,3225.27,18:35:02
2026-01-06 18:35:03+00:00,,303.0,ETH,3225.2,3225.11,18:35:03
2026-01-06 18:35:04+00:00,,304.0,ETH,3225.06,3224.97,18:35:04
2026-01-06 18:35:05+00:00,,305.0,ETH,3224.96,3224.87,18:35:05
2026-01-06 18:35:06+00:00,,306.0,ETH,3224.95,3224.84,18:35:06
2026-01-06 18:35:07+00:00,,307.0,ETH,3224.99,3224.87,18:35:07
2026-01-06 18:35:08+00:00,,308.0,ETH,3224.99,3224.85,18:35:08
2026-01-06 18:35:09+00:00,,309.0,ETH,3224.93,3224.82,18:35:09
2026-01-06 18:35:10+00:00,,310.0,ETH,3224.75,3224.66,18:35:10
2026-01-06 18:35:11+00:00,,311.0,ETH,3224.61,3224.52,18:35:11
2026-01-06 18:35:12+00:00,,312.0,ETH,3224.6,3224.52,18:35:12
2026-01-06 18:35:13+00:00,,313.0,ETH,3224.65,3224.56,18:35:13
2026-01-06 18:35:14+00:00,,314.0,ETH,3224.66,3224.59,18:35:14
2026-01-06 18:35:15+00:00,,315.0,ETH,3224.66,3224.59,18:35:15
2026-01-06 18:35:16+00:00,,316.0,ETH,3224.76,3224.61,18:35:16
2026-01-06 18:35:17+00:00,,317.0,ETH,3224.9,3224.76,18:35:17
2026-01-06 18:35:18+00:00,,318.0,ETH,3225.02,3224.95,18:35:18
2026-01-06 18:35:19+00:00,,319.0,ETH,3225.05,3225.03,18:35:19
2026-01-06 18:35:20+00:00,,320.0,ETH,3225.16,3225.06,18:35:20
2026-01-06 18:35:21+00:00,,321.0,ETH,3225.17,3225.09,18:35:21
2026-01-06 18:35:22+00:00,,322.0,ETH,3225.24,3225.16,18:35:22
2026-01-06 18:35:23+00:00,,323.0,ETH,3225.19,3225.15,18:35:23
2026-01-06 18:35:24+00:00,,324.0,ETH,3225.2,3224.95,18:35:24
2026-01-06 18:35:25+00:00,,325.0,ETH,3225.17,3224.95,18:35:25
2026-01-06 18:35:26+00:00,,326.0,ETH,3224.95,3224.82,18:35:26
2026-01-06 18:35:27+00:00,,327.0,ETH,3225.07,3224.87,18:35:27
2026-01-06 18:35:28+00:00,,328.0,ETH,3224.98,3224.75,18:35:28
2026-01-06 18:35:29+00:00,,329.0,ETH,3224.77,3224.66,18:35:29
2026-01-06 18:35:30+00:00,,330.0,ETH,3224.49,3224.42,18:35:30
2026-01-06 18:35:31+00:00,,331.0,ETH,3224.22,3224.06,18:35:31
2026-01-06 18:35:32+00:00,,332.0,ETH,3224.03,3223.8,18:35:32
2026-01-06 18:35:33+00:00,,333.0,ETH,3223.85,3223.66,18:35:33
2026-01-06 18:35:34+00:00,,334.0,ETH,3223.78,3223.6,18:35:34
2026-01-06 18:35:35+00:00,,335.0,ETH,3223.62,3223.47,18:35:35
2026-01-06 18:35:36+00:00,,336.0,ETH,3223.24,3223.08,18:35:36
2026-01-06 18:35:37+00:00,,337.0,ETH,3222.82,3222.67,18:35:37
2026-01-06 18:35:38+00:00,,338.0,ETH,3222.44,3222.35,18:35:38
2026-01-06 18:35:39+00:00,,339.0,ETH,3222.35,3222.19,18:35:39
2026-01-06 18:35:40+00:00,,340.0,ETH,3222.43,3222.23,18:35:40
2026-01-06 18:35:41+00:00,,341.0,ETH,3222.45,3222.26,18:35:41
2026-01-06 18:35:42+00:00,,342.0,ETH,3222.46,3222.3,18:35:42
2026-01-06 18:35:43+00:00,,343.0,ETH,3222.46,3222.32,18:35:43
2026-01-06 18:35:44+00:00,,344.0,ETH,3222.46,3222.28,18:35:44
2026-01-06 18:35:45+00:00,,345.0,ETH,3222.47,3222.27,18:35:45
2026-01-06 18:35:46+00:00,,346.0,ETH,3222.48,3222.29,18:35:46
2026-01-06 18:35:47+00:00,,347.0,ETH,3222.52,3222.31,18:35:47
2026-01-06 18:35:48+00:00,,348.0,ETH,3222.41,3222.28,18:35:48
2026-01-06 18:35:49+00:00,,349.0,ETH,3222.4,3222.28,18:35:49
2026-01-06 18:35:50+00:00,,350.0,ETH,3222.31,3222.24,18:35:50
2026-01-06 18:35:51+00:00,,351.0,ETH,3222.36,3222.29,18:35:51
2026-01-06 18:35:52+00:00,,352.0,ETH,3221.94,3221.64,18:35:52
2026-01-06 18:35:53+00:00,,353.0,ETH,3221.62,3221.55,18:35:53
2026-01-06 18:35:54+00:00,,354.0,ETH,3221.4,3221.33,18:35:54
2026-01-06 18:35:55+00:00,,355.0,ETH,3221.41,3221.28,18:35:55
2026-01-06 18:35:56+00:00,,356.0,ETH,3221.51,3221.25,18:35:56
2026-01-06 18:35:57+00:00,,357.0,ETH,3221.55,3221.39,18:35:57
2026-01-06 18:35:58+00:00,,358.0,ETH,3221.83,3221.66,18:35:58
2026-01-06 18:35:59+00:00,,359.0,ETH,3221.83,3221.72,18:35:59
2026-01-06 18:36:00+00:00,,360.0,ETH,3222.21,3222.05,18:36:00
2026-01-06 18:36:01+00:00,,361.0,ETH,3222.33,3222.21,18:36:01
2026-01-06 18:36:02+00:00,,362.0,ETH,3222.48,3222.31,18:36:02
2026-01-06 18:36:03+00:00,,363.0,ETH,3222.61,3222.39,18:36:03
2026-01-06 18:36:04+00:00,,364.0,ETH,3222.72,3222.44,18:36:04
2026-01-06 18:36:05+00:00,,365.0,ETH,3222.68,3222.46,18:36:05
2026-01-06 18:36:06+00:00,,366.0,ETH,3222.41,3222.28,18:36:06
2026-01-06 18:36:07+00:00,,367.0,ETH,3222.21,3222.11,18:36:07
2026-01-06 18:36:08+00:00,,368.0,ETH,3221.98,3221.96,18:36:08
2026-01-06 18:36:09+00:00,,369.0,ETH,3221.84,3221.83,18:36:09
2026-01-06 18:36:10+00:00,,370.0,ETH,3221.96,3221.84,18:36:10
2026-01-06 18:36:11+00:00,,371.0,ETH,3221.95,3221.82,18:36:11
2026-01-06 18:36:12+00:00,,372.0,ETH,3221.85,3221.79,18:36:12
2026-01-06 18:36:13+00:00,,373.0,ETH,3221.88,3221.78,18:36:13
2026-01-06 18:36:14+00:00,,374.0,ETH,3221.77,3221.72,18:36:14
2026-01-06 18:36:15+00:00,,375.0,ETH,3221.64,3221.63,18:36:15
2026-01-06 18:36:16+00:00,,376.0,ETH,3221.6,3221.51,18:36:16
2026-01-06 18:36:17+00:00,,377.0,ETH,3221.58,3221.46,18:36:17
2026-01-06 18:36:18+00:00,,378.0,ETH,3221.75,3221.61,18:36:18
2026-01-06 18:36:19+00:00,,379.0,ETH,3221.93,3221.71,18:36:19
2026-01-06 18:36:20+00:00,,380.0,ETH,3221.94,3221.72,18:36:20
2026-01-06 18:36:21+00:00,,381.0,ETH,3221.99,3221.86,18:36:21
2026-01-06 18:36:22+00:00,,382.0,ETH,3221.93,3221.83,18:36:22
2026-01-06 18:36:23+00:00,,383.0,ETH,3221.82,3221.68,18:36:23
2026-01-06 18:36:24+00:00,,384.0,ETH,3221.91,3221.82,18:36:24
2026-01-06 18:36:25+00:00,,385.0,ETH,3222.05,3221.92,18:36:25
2026-01-06 18:36:26+00:00,,386.0,ETH,3222.13,3221.93,18:36:26
2026-01-06 18:36:27+00:00,,387.0,ETH,3222.07,3221.95,18:36:27
2026-01-06 18:36:28+00:00,,388.0,ETH,3222.06,3221.97,18:36:28
2026-01-06 18:36:29+00:00,,389.0,ETH,3222.03,3221.87,18:36:29
2026-01-06 18:36:30+00:00,,390.0,ETH,3221.89,3221.69,18:36:30
2026-01-06 18:36:31+00:00,,391.0,ETH,3222.05,3221.86,18:36:31
2026-01-06 18:36:32+00:00,,392.0,ETH,3222.22,3222.02,18:36:32
2026-01-06 18:36:33+00:00,,393.0,ETH,3222.2,3221.97,18:36:33
2026-01-06 18:36:34+00:00,,394.0,ETH,3222.2,3221.96,18:36:34
2026-01-06 18:36:35+00:00,,395.0,ETH,3222.2,3221.95,18:36:35
2026-01-06 18:36:36+00:00,,396.0,ETH,3222.15,3221.91,18:36:36
2026-01-06 18:36:37+00:00,,397.0,ETH,3222.01,3221.79,18:36:37
2026-01-06 18:36:38+00:00,,398.0,ETH,3221.9,3221.68,18:36:38
2026-01-06 18:36:39+00:00,,399.0,ETH,3221.89,3221.65,18:36:39
2026-01-06 18:36:40+00:00,,400.0,ETH,3221.9,3221.65,18:36:40
2026-01-06 18:36:41+00:00,,401.0,ETH,3221.89,3221.65,18:36:41
2026-01-06 18:36:42+00:00,,402.0,ETH,3221.72,3221.56,18:36:42
2026-01-06 18:36:43+00:00,,403.0,ETH,3221.21,3221.09,18:36:43
2026-01-06 18:36:44+00:00,,404.0,ETH,3220.83,3220.71,18:36:44
2026-01-06 18:36:45+00:00,,405.0,ETH,3220.81,3220.69,18:36:45
2026-01-06 18:36:46+00:00,,406.0,ETH,3220.8,3220.68,18:36:46
2026-01-06 18:36:47+00:00,,407.0,ETH,3220.8,3220.69,18:36:47
2026-01-06 18:36:48+00:00,,408.0,ETH,3220.79,3220.68,18:36:48
2026-01-06 18:36:49+00:00,,409.0,ETH,3220.69,3220.62,18:36:49
2026-01-06 18:36:50+00:00,,410.0,ETH,3220.61,3220.48,18:36:50
2026-01-06 18:36:51+00:00,,411.0,ETH,3220.6,3220.36,18:36:51
2026-01-06 18:36:52+00:00,,412.0,ETH,3220.57,3220.34,18:36:52
2026-01-06 18:36:53+00:00,,413.0,ETH,3220.54,3220.33,18:36:53
2026-01-06 18:36:54+00:00,,414.0,ETH,3220.55,3220.33,18:36:54
2026-01-06 18:36:55+00:00,,415.0,ETH,3220.63,3220.43,18:36:55
2026-01-06 18:36:56+00:00,,416.0,ETH,3220.72,3220.54,18:36:56
2026-01-06 18:36:57+00:00,,417.0,ETH,3220.73,3220.56,18:36:57
2026-01-06 18:36:58+00:00,,418.0,ETH,3220.94,3220.82,18:36:58
2026-01-06 18:36:59+00:00,,419.0,ETH,3221.1,3221.03,18:36:59
2026-01-06 18:37:00+00:00,,420.0,ETH,3221.09,3220.78,18:37:00
2026-01-06 18:37:01+00:00,,421.0,ETH,3221.09,3220.79,18:37:01
2026-01-06 18:37:02+00:00,,422.0,ETH,3221.08,3220.75,18:37:02
2026-01-06 18:37:03+00:00,,423.0,ETH,3221.17,3220.92,18:37:03
2026-01-06 18:37:04+00:00,,424.0,ETH,3221.27,3220.94,18:37:04
2026-01-06 18:37:05+00:00,,425.0,ETH,3221.41,3221.25,18:37:05
2026-01-06 18:37:06+00:00,,426.0,ETH,3221.64,3221.26,18:37:06
2026-01-06 18:37:07+00:00,,427.0,ETH,3222.04,3221.76,18:37:07
2026-01-06 18:37:08+00:00,,428.0,ETH,3222.24,3221.85,18:37:08
2026-01-06 18:37:09+00:00,,429.0,ETH,3222.3,3221.91,18:37:09
2026-01-06 18:37:10+00:00,,430.0,ETH,3222.05,3221.71,18:37:10
2026-01-06 18:37:11+00:00,,431.0,ETH,3221.61,3221.37,18:37:11
2026-01-06 18:37:12+00:00,,432.0,ETH,3221.61,3221.49,18:37:12
2026-01-06 18:37:13+00:00,,433.0,ETH,3221.53,3221.41,18:37:13
2026-01-06 18:37:14+00:00,,434.0,ETH,3221.26,3221.13,18:37:14
2026-01-06 18:37:15+00:00,,435.0,ETH,3221.3,3221.13,18:37:15
2026-01-06 18:37:16+00:00,,436.0,ETH,3221.36,3221.31,18:37:16
2026-01-06 18:37:17+00:00,,437.0,ETH,3221.56,3221.35,18:37:17
2026-01-06 18:37:18+00:00,,438.0,ETH,3221.56,3221.37,18:37:18
2026-01-06 18:37:19+00:00,,439.0,ETH,3221.42,3221.31,18:37:19
2026-01-06 18:37:20+00:00,,440.0,ETH,3221.32,3221.22,18:37:20
2026-01-06 18:37:21+00:00,,441.0,ETH,3221.33,3221.22,18:37:21
2026-01-06 18:37:22+00:00,,442.0,ETH,3221.15,3221.05,18:37:22
2026-01-06 18:37:23+00:00,,443.0,ETH,3220.97,3220.87,18:37:23
2026-01-06 18:37:24+00:00,,444.0,ETH,3220.98,3220.87,18:37:24
2026-01-06 18:37:25+00:00,,445.0,ETH,3220.99,3220.86,18:37:25
2026-01-06 18:37:26+00:00,,446.0,ETH,3220.99,3220.86,18:37:26
2026-01-06 18:37:27+00:00,,447.0,ETH,3220.94,3220.81,18:37:27
2026-01-06 18:37:28+00:00,,448.0,ETH,3220.79,3220.71,18:37:28
2026-01-06 18:37:29+00:00,,449.0,ETH,3220.57,3220.49,18:37:29
2026-01-06 18:37:30+00:00,,450.0,ETH,3220.56,3220.38,18:37:30
2026-01-06 18:37:31+00:00,,451.0,ETH,3220.59,3220.37,18:37:31
2026-01-06 18:37:32+00:00,,452.0,ETH,3220.59,3220.45,18:37:32
2026-01-06 18:37:33+00:00,,453.0,ETH,3220.78,3220.69,18:37:33
2026-01-06 18:37:34+00:00,,454.0,ETH,3221.03,3220.82,18:37:34
2026-01-06 18:37:35+00:00,,455.0,ETH,3221.16,3220.96,18:37:35
2026-01-06 18:37:37+00:00,,457.0,ETH,3221.88,3221.58,18:37:37
2026-01-06 18:37:38+00:00,,458.0,ETH,3221.88,3221.46,18:37:38
2026-01-06 18:37:39+00:00,,459.0,ETH,3221.88,3221.55,18:37:39
2026-01-06 18:37:40+00:00,,460.0,ETH,3221.28,3220.99,18:37:40
2026-01-06 18:37:41+00:00,,461.0,ETH,3221.28,3221.06,18:37:41
2026-01-06 18:37:42+00:00,,462.0,ETH,3221.28,3220.97,18:37:42
2026-01-06 18:37:43+00:00,,463.0,ETH,3221.29,3221.09,18:37:43
2026-01-06 18:37:44+00:00,,464.0,ETH,3221.28,3221.04,18:37:44
2026-01-06 18:37:45+00:00,,465.0,ETH,3221.25,3220.97,18:37:45
2026-01-06 18:37:46+00:00,,466.0,ETH,3221.09,3220.86,18:37:46
2026-01-06 18:37:47+00:00,,467.0,ETH,3220.96,3220.75,18:37:47
2026-01-06 18:37:48+00:00,,468.0,ETH,3220.94,3220.76,18:37:48
2026-01-06 18:37:49+00:00,,469.0,ETH,3220.9,3220.76,18:37:49
2026-01-06 18:37:50+00:00,,470.0,ETH,3220.77,3220.58,18:37:50
2026-01-06 18:37:51+00:00,,471.0,ETH,3220.58,3220.38,18:37:51
2026-01-06 18:37:52+00:00,,472.0,ETH,3220.49,3220.35,18:37:52
2026-01-06 18:37:53+00:00,,473.0,ETH,3220.4,3220.32,18:37:53
2026-01-06 18:37:54+00:00,,474.0,ETH,3220.32,3220.3,18:37:54
2026-01-06 18:37:55+00:00,,475.0,ETH,3220.43,3220.31,18:37:55
2026-01-06 18:37:56+00:00,,476.0,ETH,3220.42,3220.3,18:37:56
2026-01-06 18:37:57+00:00,,477.0,ETH,3220.3,3220.29,18:37:57
2026-01-06 18:37:58+00:00,,478.0,ETH,3220.37,3220.31,18:37:58
2026-01-06 18:37:59+00:00,,479.0,ETH,3220.42,3220.32,18:37:59
2026-01-06 18:38:00+00:00,,480.0,ETH,3220.43,3220.33,18:38:00
2026-01-06 18:38:01+00:00,,481.0,ETH,3220.41,3220.3,18:38:01
2026-01-06 18:38:02+00:00,,482.0,ETH,3220.36,3220.3,18:38:02
2026-01-06 18:38:03+00:00,,483.0,ETH,3220.35,3220.31,18:38:03
2026-01-06 18:38:04+00:00,,484.0,ETH,3220.35,3220.24,18:38:04
2026-01-06 18:38:05+00:00,,485.0,ETH,3220.36,3220.2,18:38:05
2026-01-06 18:38:06+00:00,,486.0,ETH,3220.36,3220.2,18:38:06
2026-01-06 18:38:07+00:00,,487.0,ETH,3220.36,3220.21,18:38:07
2026-01-06 18:38:08+00:00,,488.0,ETH,3220.36,3220.21,18:38:08
2026-01-06 18:38:09+00:00,,489.0,ETH,3220.36,3220.21,18:38:09
2026-01-06 18:38:10+00:00,,490.0,ETH,3220.36,3220.21,18:38:10
2026-01-06 18:38:11+00:00,,491.0,ETH,3220.36,3220.21,18:38:11
2026-01-06 18:38:12+00:00,,492.0,ETH,3220.35,3220.19,18:38:12
2026-01-06 18:38:13+00:00,,493.0,ETH,3220.35,3220.26,18:38:13
2026-01-06 18:38:14+00:00,,494.0,ETH,3220.15,3220.07,18:38:14
2026-01-06 18:38:15+00:00,,495.0,ETH,3220.47,3220.44,18:38:15
2026-01-06 18:38:16+00:00,,496.0,ETH,3220.62,3220.52,18:38:16
2026-01-06 18:38:17+00:00,,497.0,ETH,3220.65,3220.61,18:38:17
2026-01-06 18:38:18+00:00,,498.0,ETH,3220.26,3220.11,18:38:18
2026-01-06 18:38:19+00:00,,499.0,ETH,3219.17,3218.99,18:38:19
2026-01-06 18:38:20+00:00,,500.0,ETH,3219.06,3218.91,18:38:20
2026-01-06 18:38:21+00:00,,501.0,ETH,3218.94,3218.83,18:38:21
2026-01-06 18:38:22+00:00,,502.0,ETH,3218.83,3218.74,18:38:22
2026-01-06 18:38:23+00:00,,503.0,ETH,3218.71,3218.66,18:38:23
2026-01-06 18:38:24+00:00,,504.0,ETH,3218.55,3218.29,18:38:24
2026-01-06 18:38:25+00:00,,505.0,ETH,3218.56,3218.36,18:38:25
2026-01-06 18:38:26+00:00,,506.0,ETH,3218.76,3218.61,18:38:26
2026-01-06 18:38:27+00:00,,507.0,ETH,3219.02,3218.98,18:38:27
2026-01-06 18:38:28+00:00,,508.0,ETH,3219.12,3219.08,18:38:28
2026-01-06 18:38:29+00:00,,509.0,ETH,3219.26,3219.1,18:38:29
2026-01-06 18:38:30+00:00,,510.0,ETH,3219.29,3219.05,18:38:30
2026-01-06 18:38:31+00:00,,511.0,ETH,3219.31,3219.0,18:38:31
2026-01-06 18:38:32+00:00,,512.0,ETH,3219.4,3219.27,18:38:32
2026-01-06 18:38:33+00:00,,513.0,ETH,3218.97,3218.73,18:38:33
2026-01-06 18:38:34+00:00,,514.0,ETH,3218.71,3218.51,18:38:34
2026-01-06 18:38:35+00:00,,515.0,ETH,3218.6,3218.43,18:38:35
2026-01-06 18:38:36+00:00,,516.0,ETH,3218.04,3217.89,18:38:36
2026-01-06 18:38:37+00:00,,517.0,ETH,3217.08,3216.99,18:38:37
2026-01-06 18:38:38+00:00,,518.0,ETH,3216.44,3216.29,18:38:38
2026-01-06 18:38:39+00:00,,519.0,ETH,3216.07,3215.91,18:38:39
2026-01-06 18:38:40+00:00,,520.0,ETH,3215.84,3215.76,18:38:40
2026-01-06 18:38:42+00:00,,522.0,ETH,3215.61,3215.49,18:38:42
2026-01-06 18:38:43+00:00,,523.0,ETH,3215.79,3215.61,18:38:43
2026-01-06 18:38:44+00:00,,524.0,ETH,3215.78,3215.49,18:38:44
2026-01-06 18:38:45+00:00,,525.0,ETH,3215.72,3215.44,18:38:45
2026-01-06 18:38:46+00:00,,526.0,ETH,3215.46,3215.42,18:38:46
2026-01-06 18:38:47+00:00,,527.0,ETH,3215.67,3215.47,18:38:47
2026-01-06 18:38:48+00:00,,528.0,ETH,3215.57,3215.43,18:38:48
2026-01-06 18:38:49+00:00,,529.0,ETH,3215.41,3215.4,18:38:49
2026-01-06 18:38:50+00:00,,530.0,ETH,3215.4,3215.19,18:38:50
2026-01-06 18:38:51+00:00,,531.0,ETH,3215.74,3215.55,18:38:51
2026-01-06 18:38:52+00:00,,532.0,ETH,3216.18,3216.1,18:38:52
2026-01-06 18:38:53+00:00,,533.0,ETH,3216.32,3216.2,18:38:53
2026-01-06 18:38:54+00:00,,534.0,ETH,3216.03,3215.87,18:38:54
2026-01-06 18:38:55+00:00,,535.0,ETH,3216.03,3215.77,18:38:55
2026-01-06 18:38:56+00:00,,536.0,ETH,3216.08,3215.78,18:38:56
2026-01-06 18:38:57+00:00,,537.0,ETH,3216.05,3215.78,18:38:57
2026-01-06 18:38:58+00:00,,538.0,ETH,3216.05,3215.8,18:38:58
2026-01-06 18:38:59+00:00,,539.0,ETH,3216.05,3215.82,18:38:59
2026-01-06 18:39:00+00:00,,540.0,ETH,3216.05,3215.85,18:39:00
2026-01-06 18:39:01+00:00,,541.0,ETH,3216.05,3215.85,18:39:01
2026-01-06 18:39:02+00:00,,542.0,ETH,3216.28,3216.03,18:39:02
2026-01-06 18:39:03+00:00,,543.0,ETH,3216.71,3216.54,18:39:03
2026-01-06 18:39:04+00:00,,544.0,ETH,3217.01,3216.9,18:39:04
2026-01-06 18:39:05+00:00,,545.0,ETH,3217.17,3217.05,18:39:05
2026-01-06 18:39:06+00:00,,546.0,ETH,3217.48,3217.34,18:39:06
2026-01-06 18:39:07+00:00,,547.0,ETH,3217.76,3217.54,18:39:07
2026-01-06 18:39:08+00:00,,548.0,ETH,3217.78,3217.55,18:39:08
2026-01-06 18:39:09+00:00,,549.0,ETH,3217.78,3217.52,18:39:09
2026-01-06 18:39:10+00:00,,550.0,ETH,3217.86,3217.6,18:39:10
2026-01-06 18:39:11+00:00,,551.0,ETH,3217.99,3217.74,18:39:11
2026-01-06 18:39:12+00:00,,552.0,ETH,3218.04,3217.72,18:39:12
2026-01-06 18:39:13+00:00,,553.0,ETH,3218.06,3217.7,18:39:13
2026-01-06 18:39:14+00:00,,554.0,ETH,3217.97,3217.73,18:39:14
2026-01-06 18:39:15+00:00,,555.0,ETH,3217.88,3217.74,18:39:15
2026-01-06 18:39:16+00:00,,556.0,ETH,3217.86,3217.72,18:39:16
2026-01-06 18:39:17+00:00,,557.0,ETH,3217.67,3217.52,18:39:17
2026-01-06 18:39:18+00:00,,558.0,ETH,3217.48,3217.33,18:39:18
2026-01-06 18:39:19+00:00,,559.0,ETH,3217.62,3217.44,18:39:19
2026-01-06 18:39:20+00:00,,560.0,ETH,3217.93,3217.64,18:39:20
2026-01-06 18:39:21+00:00,,561.0,ETH,3218.09,3217.84,18:39:21
2026-01-06 18:39:22+00:00,,562.0,ETH,3218.19,3217.92,18:39:22
2026-01-06 18:39:23+00:00,,563.0,ETH,3218.24,3217.87,18:39:23
2026-01-06 18:39:24+00:00,,564.0,ETH,3218.24,3217.92,18:39:24
2026-01-06 18:39:25+00:00,,565.0,ETH,3218.25,3218.01,18:39:25
2026-01-06 18:39:26+00:00,,566.0,ETH,3218.25,3218.07,18:39:26
2026-01-06 18:39:27+00:00,,567.0,ETH,3218.37,3218.12,18:39:27
2026-01-06 18:39:28+00:00,,568.0,ETH,3218.61,3218.4,18:39:28
2026-01-06 18:39:29+00:00,,569.0,ETH,3218.93,3218.77,18:39:29
2026-01-06 18:39:30+00:00,,570.0,ETH,3219.13,3218.87,18:39:30
2026-01-06 18:39:31+00:00,,571.0,ETH,3219.16,3218.89,18:39:31
2026-01-06 18:39:32+00:00,,572.0,ETH,3219.19,3218.93,18:39:32
2026-01-06 18:39:33+00:00,,573.0,ETH,3219.1,3218.89,18:39:33
2026-01-06 18:39:34+00:00,,574.0,ETH,3218.97,3218.79,18:39:34
2026-01-06 18:39:35+00:00,,575.0,ETH,3218.92,3218.7,18:39:35
2026-01-06 18:39:36+00:00,,576.0,ETH,3218.91,3218.64,18:39:36
2026-01-06 18:39:37+00:00,,577.0,ETH,3218.84,3218.62,18:39:37
2026-01-06 18:39:38+00:00,,578.0,ETH,3218.75,3218.58,18:39:38
2026-01-06 18:39:39+00:00,,579.0,ETH,3218.71,3218.56,18:39:39
2026-01-06 18:39:40+00:00,,580.0,ETH,3218.62,3218.54,18:39:40
2026-01-06 18:39:41+00:00,,581.0,ETH,3218.54,3218.38,18:39:41
2026-01-06 18:39:42+00:00,,582.0,ETH,3218.4,3218.18,18:39:42
2026-01-06 18:39:43+00:00,,583.0,ETH,3218.27,3218.13,18:39:43
2026-01-06 18:39:44+00:00,,584.0,ETH,3218.25,3218.13,18:39:44
2026-01-06 18:39:45+00:00,,585.0,ETH,3218.23,3218.14,18:39:45
2026-01-06 18:39:46+00:00,,586.0,ETH,3218.01,3217.96,18:39:46
2026-01-06 18:39:47+00:00,,587.0,ETH,3217.93,3217.9,18:39:47
2026-01-06 18:39:48+00:00,,588.0,ETH,3217.64,3217.53,18:39:48
2026-01-06 18:39:49+00:00,,589.0,ETH,3217.65,3217.47,18:39:49
2026-01-06 18:39:50+00:00,,590.0,ETH,3217.38,3217.32,18:39:50
2026-01-06 18:39:51+00:00,,591.0,ETH,3217.31,3217.28,18:39:51
2026-01-06 18:39:52+00:00,,592.0,ETH,3217.15,3217.13,18:39:52
2026-01-06 18:39:53+00:00,,593.0,ETH,3217.13,3217.12,18:39:53
2026-01-06 18:39:54+00:00,,594.0,ETH,3217.21,3217.12,18:39:54
2026-01-06 18:39:55+00:00,,595.0,ETH,3217.21,3217.13,18:39:55
2026-01-06 18:39:56+00:00,,596.0,ETH,3217.19,3217.14,18:39:56
2026-01-06 18:39:57+00:00,,597.0,ETH,3217.19,3217.14,18:39:57
2026-01-06 18:39:58+00:00,,598.0,ETH,3217.08,3217.04,18:39:58
2026-01-06 18:39:59+00:00,,599.0,ETH,3216.78,3216.65,18:39:59
2026-01-06 18:40:00+00:00,,600.0,ETH,3216.68,3216.54,18:40:00
2026-01-06 18:40:01+00:00,,601.0,ETH,3216.62,3216.52,18:40:01
2026-01-06 18:40:02+00:00,,602.0,ETH,3216.68,3216.58,18:40:02
2026-01-06 18:40:03+00:00,,603.0,ETH,3216.75,3216.62,18:40:03
2026-01-06 18:40:04+00:00,,604.0,ETH,3216.61,3216.54,18:40:04
2026-01-06 18:40:05+00:00,,605.0,ETH,3216.55,3216.5,18:40:05
2026-01-06 18:40:06+00:00,,606.0,ETH,3216.81,3216.72,18:40:06
2026-01-06 18:40:07+00:00,,607.0,ETH,3217.03,3216.92,18:40:07
2026-01-06 18:40:08+00:00,,608.0,ETH,3217.26,3217.18,18:40:08
2026-01-06 18:40:09+00:00,,609.0,ETH,3217.6,3217.52,18:40:09
2026-01-06 18:40:10+00:00,,610.0,ETH,3217.74,3217.6,18:40:10
2026-01-06 18:40:11+00:00,,611.0,ETH,3217.62,3217.53,18:40:11
2026-01-06 18:40:12+00:00,,612.0,ETH,3217.71,3217.49,18:40:12
2026-01-06 18:40:13+00:00,,613.0,ETH,3217.6,3217.55,18:40:13
2026-01-06 18:40:14+00:00,,614.0,ETH,3218.06,3217.84,18:40:14
2026-01-06 18:40:15+00:00,,615.0,ETH,3218.15,3217.85,18:40:15
2026-01-06 18:40:16+00:00,,616.0,ETH,3218.15,3217.83,18:40:16
2026-01-06 18:40:17+00:00,,617.0,ETH,3218.15,3217.86,18:40:17
2026-01-06 18:40:18+00:00,,618.0,ETH,3217.8,3217.79,18:40:18
2026-01-06 18:40:19+00:00,,619.0,ETH,3218.0,3217.85,18:40:19
2026-01-06 18:40:20+00:00,,620.0,ETH,3218.13,3217.96,18:40:20
2026-01-06 18:40:21+00:00,,621.0,ETH,3218.24,3218.01,18:40:21
2026-01-06 18:40:22+00:00,,622.0,ETH,3218.32,3217.99,18:40:22
2026-01-06 18:40:23+00:00,,623.0,ETH,3218.33,3218.27,18:40:23
2026-01-06 18:40:24+00:00,,624.0,ETH,3218.33,3218.21,18:40:24
2026-01-06 18:40:25+00:00,,625.0,ETH,3218.32,3218.21,18:40:25
2026-01-06 18:40:26+00:00,,626.0,ETH,3219.03,3218.9,18:40:26
2026-01-06 18:40:27+00:00,,627.0,ETH,3219.04,3218.9,18:40:27
2026-01-06 18:40:28+00:00,,628.0,ETH,3219.04,3218.9,18:40:28
2026-01-06 18:40:29+00:00,,629.0,ETH,3219.05,3219.01,18:40:29
2026-01-06 18:40:30+00:00,,630.0,ETH,3218.99,3218.91,18:40:30
2026-01-06 18:40:31+00:00,,631.0,ETH,3218.95,3218.87,18:40:31
2026-01-06 18:40:32+00:00,,632.0,ETH,3218.87,3218.68,18:40:32
2026-01-06 18:40:33+00:00,,633.0,ETH,3218.86,3218.68,18:40:33
2026-01-06 18:40:34+00:00,,634.0,ETH,3218.66,3218.58,18:40:34
2026-01-06 18:40:35+00:00,,635.0,ETH,3218.85,3218.65,18:40:35
2026-01-06 18:40:36+00:00,,636.0,ETH,3218.54,3218.53,18:40:36
2026-01-06 18:40:37+00:00,,637.0,ETH,3218.85,3218.55,18:40:37
2026-01-06 18:40:38+00:00,,638.0,ETH,3218.7,3218.55,18:40:38
2026-01-06 18:40:39+00:00,,639.0,ETH,3218.69,3218.55,18:40:39
2026-01-06 18:40:40+00:00,,640.0,ETH,3218.64,3218.55,18:40:40
2026-01-06 18:40:41+00:00,,641.0,ETH,3218.85,3218.63,18:40:41
2026-01-06 18:40:42+00:00,,642.0,ETH,3218.64,3218.55,18:40:42
2026-01-06 18:40:43+00:00,,643.0,ETH,3218.64,3218.55,18:40:43
2026-01-06 18:40:44+00:00,,644.0,ETH,3218.63,3218.55,18:40:44
2026-01-06 18:40:45+00:00,,645.0,ETH,3218.63,3218.55,18:40:45
2026-01-06 18:40:46+00:00,,646.0,ETH,3218.63,3218.55,18:40:46
2026-01-06 18:40:47+00:00,,647.0,ETH,3218.55,3218.53,18:40:47
2026-01-06 18:40:48+00:00,,648.0,ETH,3218.4,3218.3,18:40:48
2026-01-06 18:40:49+00:00,,649.0,ETH,3218.46,3218.3,18:40:49
2026-01-06 18:40:50+00:00,,650.0,ETH,3218.28,3218.28,18:40:50
2026-01-06 18:40:51+00:00,,651.0,ETH,3218.28,3218.28,18:40:51
2026-01-06 18:40:52+00:00,,652.0,ETH,3218.29,3218.28,18:40:52
2026-01-06 18:40:53+00:00,,653.0,ETH,3218.27,3218.26,18:40:53
2026-01-06 18:40:54+00:00,,654.0,ETH,3218.54,3218.3,18:40:54
2026-01-06 18:40:55+00:00,,655.0,ETH,3218.36,3218.3,18:40:55
2026-01-06 18:40:56+00:00,,656.0,ETH,3218.36,3218.3,18:40:56
2026-01-06 18:40:57+00:00,,657.0,ETH,3218.68,3218.49,18:40:57
2026-01-06 18:40:58+00:00,,658.0,ETH,3218.85,3218.57,18:40:58
2026-01-06 18:40:59+00:00,,659.0,ETH,3218.87,3218.57,18:40:59
2026-01-06 18:41:00+00:00,,660.0,ETH,3218.88,3218.58,18:41:00
2026-01-06 18:41:01+00:00,,661.0,ETH,3218.84,3218.56,18:41:01
2026-01-06 18:41:02+00:00,,662.0,ETH,3218.84,3218.67,18:41:02
2026-01-06 18:41:03+00:00,,663.0,ETH,3218.86,3218.69,18:41:03
2026-01-06 18:41:04+00:00,,664.0,ETH,3218.74,3218.43,18:41:04
2026-01-06 18:41:05+00:00,,665.0,ETH,3218.35,3218.06,18:41:05
2026-01-06 18:41:06+00:00,,666.0,ETH,3217.87,3217.64,18:41:06
2026-01-06 18:41:07+00:00,,667.0,ETH,3217.63,3217.46,18:41:07
2026-01-06 18:41:08+00:00,,668.0,ETH,3217.67,3217.53,18:41:08
2026-01-06 18:41:09+00:00,,669.0,ETH,3217.66,3217.51,18:41:09
2026-01-06 18:41:10+00:00,,670.0,ETH,3217.54,3217.4,18:41:10
2026-01-06 18:41:11+00:00,,671.0,ETH,3217.47,3217.36,18:41:11
2026-01-06 18:41:12+00:00,,672.0,ETH,3217.33,3217.26,18:41:12
2026-01-06 18:41:13+00:00,,673.0,ETH,3217.19,3217.16,18:41:13
2026-01-06 18:41:14+00:00,,674.0,ETH,3217.14,3217.13,18:41:14
2026-01-06 18:41:15+00:00,,675.0,ETH,3217.12,3217.11,18:41:15
2026-01-06 18:41:16+00:00,,676.0,ETH,3217.16,3217.13,18:41:16
2026-01-06 18:41:17+00:00,,677.0,ETH,3217.24,3217.19,18:41:17
2026-01-06 18:41:18+00:00,,678.0,ETH,3217.26,3217.19,18:41:18
2026-01-06 18:41:19+00:00,,679.0,ETH,3217.2,3217.15,18:41:19
2026-01-06 18:41:20+00:00,,680.0,ETH,3217.18,3217.16,18:41:20
2026-01-06 18:41:21+00:00,,681.0,ETH,3217.17,3217.15,18:41:21
2026-01-06 18:41:22+00:00,,682.0,ETH,3217.2,3217.14,18:41:22
2026-01-06 18:41:23+00:00,,683.0,ETH,3217.53,3217.46,18:41:23
2026-01-06 18:41:24+00:00,,684.0,ETH,3218.06,3218.01,18:41:24
2026-01-06 18:41:25+00:00,,685.0,ETH,3218.45,3218.36,18:41:25
2026-01-06 18:41:26+00:00,,686.0,ETH,3218.62,3218.47,18:41:26
2026-01-06 18:41:27+00:00,,687.0,ETH,3218.64,3218.43,18:41:27
2026-01-06 18:41:28+00:00,,688.0,ETH,3218.67,3218.48,18:41:28
2026-01-06 18:41:29+00:00,,689.0,ETH,3218.69,3218.55,18:41:29
2026-01-06 18:41:30+00:00,,690.0,ETH,3218.78,3218.62,18:41:30
2026-01-06 18:41:31+00:00,,691.0,ETH,3218.92,3218.76,18:41:31
2026-01-06 18:41:32+00:00,,692.0,ETH,3218.95,3218.81,18:41:32
2026-01-06 18:41:33+00:00,,693.0,ETH,3218.93,3218.8,18:41:33
2026-01-06 18:41:34+00:00,,694.0,ETH,3218.93,3218.77,18:41:34
2026-01-06 18:41:35+00:00,,695.0,ETH,3218.93,3218.75,18:41:35
2026-01-06 18:41:36+00:00,,696.0,ETH,3218.92,3218.75,18:41:36
2026-01-06 18:41:37+00:00,,697.0,ETH,3218.91,3218.77,18:41:37
2026-01-06 18:41:38+00:00,,698.0,ETH,3218.91,3218.8,18:41:38
2026-01-06 18:41:40+00:00,,700.0,ETH,3218.93,3218.74,18:41:40
2026-01-06 18:41:41+00:00,,701.0,ETH,3218.6,3218.44,18:41:41
2026-01-06 18:41:42+00:00,,702.0,ETH,3218.6,3218.44,18:41:42
2026-01-06 18:41:43+00:00,,703.0,ETH,3218.6,3218.49,18:41:43
2026-01-06 18:41:44+00:00,,704.0,ETH,3218.47,3218.34,18:41:44
2026-01-06 18:41:45+00:00,,705.0,ETH,3218.51,3218.37,18:41:45
2026-01-06 18:41:46+00:00,,706.0,ETH,3218.96,3218.61,18:41:46
2026-01-06 18:41:47+00:00,,707.0,ETH,3219.4,3219.24,18:41:47
2026-01-06 18:41:48+00:00,,708.0,ETH,3219.54,3219.39,18:41:48
2026-01-06 18:41:49+00:00,,709.0,ETH,3219.62,3219.41,18:41:49
2026-01-06 18:41:50+00:00,,710.0,ETH,3219.61,3219.39,18:41:50
2026-01-06 18:41:51+00:00,,711.0,ETH,3219.58,3219.38,18:41:51
2026-01-06 18:41:52+00:00,,712.0,ETH,3219.58,3219.36,18:41:52
2026-01-06 18:41:53+00:00,,713.0,ETH,3219.6,3219.41,18:41:53
2026-01-06 18:41:54+00:00,,714.0,ETH,3219.86,3219.65,18:41:54
2026-01-06 18:41:55+00:00,,715.0,ETH,3220.19,3219.88,18:41:55
2026-01-06 18:41:56+00:00,,716.0,ETH,3220.29,3219.94,18:41:56
2026-01-06 18:41:57+00:00,,717.0,ETH,3220.29,3219.95,18:41:57
2026-01-06 18:41:58+00:00,,718.0,ETH,3220.29,3219.96,18:41:58
2026-01-06 18:41:59+00:00,,719.0,ETH,3220.27,3219.96,18:41:59
2026-01-06 18:42:00+00:00,,720.0,ETH,3220.16,3219.88,18:42:00
2026-01-06 18:42:01+00:00,,721.0,ETH,3220.01,3219.8,18:42:01
2026-01-06 18:42:02+00:00,,722.0,ETH,3219.84,3219.77,18:42:02
2026-01-06 18:42:03+00:00,,723.0,ETH,3219.73,3219.66,18:42:03
2026-01-06 18:42:04+00:00,,724.0,ETH,3219.73,3219.58,18:42:04
2026-01-06 18:42:05+00:00,,725.0,ETH,3219.68,3219.56,18:42:05
2026-01-06 18:42:06+00:00,,726.0,ETH,3219.63,3219.49,18:42:06
2026-01-06 18:42:07+00:00,,727.0,ETH,3219.41,3219.29,18:42:07
2026-01-06 18:42:08+00:00,,728.0,ETH,3219.17,3219.15,18:42:08
2026-01-06 18:42:09+00:00,,729.0,ETH,3219.15,3219.13,18:42:09
2026-01-06 18:42:10+00:00,,730.0,ETH,3219.18,3219.1,18:42:10
2026-01-06 18:42:11+00:00,,731.0,ETH,3219.28,3219.13,18:42:11
2026-01-06 18:42:12+00:00,,732.0,ETH,3219.38,3219.21,18:42:12
2026-01-06 18:42:13+00:00,,733.0,ETH,3219.47,3219.28,18:42:13
2026-01-06 18:42:14+00:00,,734.0,ETH,3219.53,3219.38,18:42:14
2026-01-06 18:42:15+00:00,,735.0,ETH,3219.49,3219.33,18:42:15
2026-01-06 18:42:16+00:00,,736.0,ETH,3219.44,3219.23,18:42:16
2026-01-06 18:42:17+00:00,,737.0,ETH,3219.44,3219.28,18:42:17
2026-01-06 18:42:18+00:00,,738.0,ETH,3219.44,3219.31,18:42:18
2026-01-06 18:42:19+00:00,,739.0,ETH,3219.46,3219.29,18:42:19
2026-01-06 18:42:20+00:00,,740.0,ETH,3219.48,3219.26,18:42:20
2026-01-06 18:42:21+00:00,,741.0,ETH,3219.48,3219.25,18:42:21
2026-01-06 18:42:22+00:00,,742.0,ETH,3219.5,3219.26,18:42:22
2026-01-06 18:42:23+00:00,,743.0,ETH,3219.52,3219.36,18:42:23
2026-01-06 18:42:24+00:00,,744.0,ETH,3219.57,3219.5,18:42:24
2026-01-06 18:42:25+00:00,,745.0,ETH,3219.63,3219.5,18:42:25
2026-01-06 18:42:26+00:00,,746.0,ETH,3219.66,3219.47,18:42:26
2026-01-06 18:42:27+00:00,,747.0,ETH,3219.67,3219.5,18:42:27
2026-01-06 18:42:28+00:00,,748.0,ETH,3219.65,3219.47,18:42:28
2026-01-06 18:42:29+00:00,,749.0,ETH,3219.61,3219.44,18:42:29
2026-01-06 18:42:30+00:00,,750.0,ETH,3219.61,3219.45,18:42:30
2026-01-06 18:42:31+00:00,,751.0,ETH,3219.46,3219.33,18:42:31
2026-01-06 18:42:32+00:00,,752.0,ETH,3219.31,3219.25,18:42:32
2026-01-06 18:42:33+00:00,,753.0,ETH,3219.32,3219.26,18:42:33
2026-01-06 18:42:34+00:00,,754.0,ETH,3219.29,3219.19,18:42:34
2026-01-06 18:42:35+00:00,,755.0,ETH,3219.25,3219.13,18:42:35
2026-01-06 18:42:36+00:00,,756.0,ETH,3219.25,3219.16,18:42:36
2026-01-06 18:42:37+00:00,,757.0,ETH,3219.25,3219.16,18:42:37
2026-01-06 18:42:38+00:00,,758.0,ETH,3219.25,3219.12,18:42:38
2026-01-06 18:42:39+00:00,,759.0,ETH,3219.25,3219.11,18:42:39
2026-01-06 18:42:40+00:00,,760.0,ETH,3219.25,3219.11,18:42:40
2026-01-06 18:42:41+00:00,,761.0,ETH,3219.25,3219.11,18:42:41
2026-01-06 18:42:42+00:00,,762.0,ETH,3219.25,3219.11,18:42:42
2026-01-06 18:42:43+00:00,,763.0,ETH,3219.13,3219.03,18:42:43
2026-01-06 18:42:44+00:00,,764.0,ETH,3218.96,3218.93,18:42:44
2026-01-06 18:42:45+00:00,,765.0,ETH,3218.91,3218.9,18:42:45
2026-01-06 18:42:46+00:00,,766.0,ETH,3218.98,3218.89,18:42:46
2026-01-06 18:42:47+00:00,,767.0,ETH,3219.16,3218.97,18:42:47
2026-01-06 18:42:48+00:00,,768.0,ETH,3219.25,3219.05,18:42:48
2026-01-06 18:42:49+00:00,,769.0,ETH,3219.24,3219.06,18:42:49
2026-01-06 18:42:50+00:00,,770.0,ETH,3219.24,3219.05,18:42:50
2026-01-06 18:42:51+00:00,,771.0,ETH,3219.23,3219.04,18:42:51
2026-01-06 18:42:52+00:00,,772.0,ETH,3219.23,3219.05,18:42:52
2026-01-06 18:42:53+00:00,,773.0,ETH,3219.23,3219.03,18:42:53
2026-01-06 18:42:54+00:00,,774.0,ETH,3219.23,3219.03,18:42:54
2026-01-06 18:42:55+00:00,,775.0,ETH,3219.23,3219.03,18:42:55
2026-01-06 18:42:56+00:00,,776.0,ETH,3219.23,3219.03,18:42:56
2026-01-06 18:42:57+00:00,,777.0,ETH,3219.23,3219.03,18:42:57
2026-01-06 18:42:58+00:00,,778.0,ETH,3219.23,3219.03,18:42:58
2026-01-06 18:42:59+00:00,,779.0,ETH,3219.27,3219.04,18:42:59
2026-01-06 18:43:00+00:00,,780.0,ETH,3219.27,3219.05,18:43:00
2026-01-06 18:43:01+00:00,,781.0,ETH,3219.27,3219.06,18:43:01
2026-01-06 18:43:02+00:00,,782.0,ETH,3219.33,3219.27,18:43:02
2026-01-06 18:43:03+00:00,,783.0,ETH,3219.64,3219.42,18:43:03
2026-01-06 18:43:04+00:00,,784.0,ETH,3219.79,3219.63,18:43:04
2026-01-06 18:43:05+00:00,,785.0,ETH,3220.07,3219.86,18:43:05
2026-01-06 18:43:06+00:00,,786.0,ETH,3220.12,3219.86,18:43:06
2026-01-06 18:43:07+00:00,,787.0,ETH,3220.13,3219.87,18:43:07
2026-01-06 18:43:08+00:00,,788.0,ETH,3220.13,3220.05,18:43:08
2026-01-06 18:43:09+00:00,,789.0,ETH,3220.12,3219.78,18:43:09
2026-01-06 18:43:10+00:00,,790.0,ETH,3220.12,3219.78,18:43:10
2026-01-06 18:43:11+00:00,,791.0,ETH,3220.12,3219.75,18:43:11
2026-01-06 18:43:12+00:00,,792.0,ETH,3220.13,3219.79,18:43:12
2026-01-06 18:43:13+00:00,,793.0,ETH,3220.25,3220.16,18:43:13
2026-01-06 18:43:14+00:00,,794.0,ETH,3220.46,3220.29,18:43:14
2026-01-06 18:43:15+00:00,,795.0,ETH,3220.45,3220.23,18:43:15
2026-01-06 18:43:16+00:00,,796.0,ETH,3220.49,3220.42,18:43:16
2026-01-06 18:43:17+00:00,,797.0,ETH,3220.63,3220.35,18:43:17
2026-01-06 18:43:18+00:00,,798.0,ETH,3220.68,3220.57,18:43:18
2026-01-06 18:43:19+00:00,,799.0,ETH,3220.85,3220.58,18:43:19
2026-01-06 18:43:20+00:00,,800.0,ETH,3220.85,3220.6,18:43:20
2026-01-06 18:43:21+00:00,,801.0,ETH,3220.86,3220.58,18:43:21
2026-01-06 18:43:22+00:00,,802.0,ETH,3220.9,3220.67,18:43:22
2026-01-06 18:43:23+00:00,,803.0,ETH,3221.05,3220.86,18:43:23
2026-01-06 18:43:24+00:00,,804.0,ETH,3221.06,3220.87,18:43:24
2026-01-06 18:43:25+00:00,,805.0,ETH,3221.04,3220.82,18:43:25
2026-01-06 18:43:26+00:00,,806.0,ETH,3221.03,3220.87,18:43:26
2026-01-06 18:43:27+00:00,,807.0,ETH,3221.09,3220.97,18:43:27
2026-01-06 18:43:28+00:00,,808.0,ETH,3221.17,3221.06,18:43:28
2026-01-06 18:43:29+00:00,,809.0,ETH,3221.21,3221.05,18:43:29
2026-01-06 18:43:30+00:00,,810.0,ETH,3221.42,3221.2,18:43:30
2026-01-06 18:43:31+00:00,,811.0,ETH,3221.66,3221.38,18:43:31
2026-01-06 18:43:32+00:00,,812.0,ETH,3221.71,3221.37,18:43:32
2026-01-06 18:43:33+00:00,,813.0,ETH,3221.68,3221.4,18:43:33
2026-01-06 18:43:34+00:00,,814.0,ETH,3221.58,3221.31,18:43:34
2026-01-06 18:43:35+00:00,,815.0,ETH,3221.37,3221.18,18:43:35
2026-01-06 18:43:37+00:00,,817.0,ETH,3221.25,3221.16,18:43:37
2026-01-06 18:43:38+00:00,,818.0,ETH,3221.25,3221.08,18:43:38
2026-01-06 18:43:39+00:00,,819.0,ETH,3221.19,3221.07,18:43:39
2026-01-06 18:43:40+00:00,,820.0,ETH,3221.19,3221.07,18:43:40
2026-01-06 18:43:41+00:00,,821.0,ETH,3221.15,3221.07,18:43:41
2026-01-06 18:43:42+00:00,,822.0,ETH,3220.96,3220.94,18:43:42
2026-01-06 18:43:43+00:00,,823.0,ETH,3220.96,3220.86,18:43:43
2026-01-06 18:43:44+00:00,,824.0,ETH,3220.88,3220.84,18:43:44
2026-01-06 18:43:45+00:00,,825.0,ETH,3221.12,3220.93,18:43:45
2026-01-06 18:43:46+00:00,,826.0,ETH,3221.08,3220.93,18:43:46
2026-01-06 18:43:47+00:00,,827.0,ETH,3221.16,3220.95,18:43:47
2026-01-06 18:43:48+00:00,,828.0,ETH,3221.1,3220.94,18:43:48
2026-01-06 18:43:49+00:00,,829.0,ETH,3221.09,3220.93,18:43:49
2026-01-06 18:43:50+00:00,,830.0,ETH,3221.09,3220.93,18:43:50
2026-01-06 18:43:51+00:00,,831.0,ETH,3221.08,3220.93,18:43:51
2026-01-06 18:43:52+00:00,,832.0,ETH,3221.09,3220.93,18:43:52
2026-01-06 18:43:53+00:00,,833.0,ETH,3221.11,3220.91,18:43:53
2026-01-06 18:43:54+00:00,,834.0,ETH,3221.0,3220.85,18:43:54
2026-01-06 18:43:55+00:00,,835.0,ETH,3220.61,3220.54,18:43:55
2026-01-06 18:43:56+00:00,,836.0,ETH,3220.31,3220.27,18:43:56
2026-01-06 18:43:57+00:00,,837.0,ETH,3220.24,3220.18,18:43:57
2026-01-06 18:43:58+00:00,,838.0,ETH,3220.14,3220.09,18:43:58
2026-01-06 18:43:59+00:00,,839.0,ETH,3220.11,3220.09,18:43:59
2026-01-06 18:44:00+00:00,,840.0,ETH,3220.1,3220.09,18:44:00
2026-01-06 18:44:01+00:00,,841.0,ETH,3220.09,3220.08,18:44:01
2026-01-06 18:44:02+00:00,,842.0,ETH,3220.11,3220.06,18:44:02
2026-01-06 18:44:03+00:00,,843.0,ETH,3220.54,3220.43,18:44:03
2026-01-06 18:44:04+00:00,,844.0,ETH,3221.08,3220.89,18:44:04
2026-01-06 18:44:05+00:00,,845.0,ETH,3221.14,3220.94,18:44:05
2026-01-06 18:44:06+00:00,,846.0,ETH,3220.99,3220.88,18:44:06
2026-01-06 18:44:07+00:00,,847.0,ETH,3220.91,3220.77,18:44:07
2026-01-06 18:44:08+00:00,,848.0,ETH,3221.03,3220.86,18:44:08
2026-01-06 18:44:09+00:00,,849.0,ETH,3221.26,3221.09,18:44:09
2026-01-06 18:44:10+00:00,,850.0,ETH,3221.39,3221.2,18:44:10
2026-01-06 18:44:11+00:00,,851.0,ETH,3221.88,3221.65,18:44:11
2026-01-06 18:44:12+00:00,,852.0,ETH,3221.82,3221.51,18:44:12
2026-01-06 18:44:13+00:00,,853.0,ETH,3221.75,3221.46,18:44:13
2026-01-06 18:44:14+00:00,,854.0,ETH,3221.88,3221.85,18:44:14
2026-01-06 18:44:15+00:00,,855.0,ETH,3222.84,3222.64,18:44:15
2026-01-06 18:44:16+00:00,,856.0,ETH,3223.0,3222.71,18:44:16
2026-01-06 18:44:17+00:00,,857.0,ETH,3222.89,3222.67,18:44:17
2026-01-06 18:44:18+00:00,,858.0,ETH,3222.95,3222.71,18:44:18
2026-01-06 18:44:19+00:00,,859.0,ETH,3222.96,3222.76,18:44:19
2026-01-06 18:44:20+00:00,,860.0,ETH,3222.96,3222.71,18:44:20
2026-01-06 18:44:21+00:00,,861.0,ETH,3222.92,3222.7,18:44:21
2026-01-06 18:44:22+00:00,,862.0,ETH,3222.75,3222.64,18:44:22
2026-01-06 18:44:23+00:00,,863.0,ETH,3222.87,3222.61,18:44:23
2026-01-06 18:44:24+00:00,,864.0,ETH,3223.03,3222.87,18:44:24
2026-01-06 18:44:25+00:00,,865.0,ETH,3223.01,3222.79,18:44:25
2026-01-06 18:44:26+00:00,,866.0,ETH,3222.85,3222.71,18:44:26
2026-01-06 18:44:27+00:00,,867.0,ETH,3222.7,3222.62,18:44:27
2026-01-06 18:44:28+00:00,,868.0,ETH,3222.71,3222.58,18:44:28
2026-01-06 18:44:29+00:00,,869.0,ETH,3222.62,3222.53,18:44:29
2026-01-06 18:44:30+00:00,,870.0,ETH,3222.89,3222.8,18:44:30
2026-01-06 18:44:31+00:00,,871.0,ETH,3222.98,3222.9,18:44:31
2026-01-06 18:44:32+00:00,,872.0,ETH,3222.41,3222.26,18:44:32
2026-01-06 18:44:33+00:00,,873.0,ETH,3222.24,3222.18,18:44:33
2026-01-06 18:44:34+00:00,,874.0,ETH,3222.36,3222.16,18:44:34
2026-01-06 18:44:35+00:00,,875.0,ETH,3222.33,3222.21,18:44:35
2026-01-06 18:44:36+00:00,,876.0,ETH,3222.31,3222.22,18:44:36
2026-01-06 18:44:37+00:00,,877.0,ETH,3222.28,3222.2,18:44:37
2026-01-06 18:44:38+00:00,,878.0,ETH,3222.26,3222.18,18:44:38
2026-01-06 18:44:40+00:00,,880.0,ETH,3222.23,3222.15,18:44:40
2026-01-06 18:44:41+00:00,,881.0,ETH,3222.16,3222.1,18:44:41
2026-01-06 18:44:42+00:00,,882.0,ETH,3221.74,3221.73,18:44:42
2026-01-06 18:44:43+00:00,,883.0,ETH,3222.18,3222.01,18:44:43
2026-01-06 18:44:44+00:00,,884.0,ETH,3222.19,3222.07,18:44:44
2026-01-06 18:44:45+00:00,,885.0,ETH,3222.19,3222.07,18:44:45
2026-01-06 18:44:46+00:00,,886.0,ETH,3222.23,3222.06,18:44:46
2026-01-06 18:44:47+00:00,,887.0,ETH,3222.23,3222.06,18:44:47
2026-01-06 18:44:48+00:00,,888.0,ETH,3222.26,3222.06,18:44:48
2026-01-06 18:44:49+00:00,,889.0,ETH,3222.24,3222.07,18:44:49
2026-01-06 18:44:50+00:00,,890.0,ETH,3222.21,3222.11,18:44:50
2026-01-06 18:44:51+00:00,,891.0,ETH,3222.2,3222.07,18:44:51
2026-01-06 18:44:52+00:00,,892.0,ETH,3222.32,3222.08,18:44:52
2026-01-06 18:44:53+00:00,,893.0,ETH,3222.42,3222.37,18:44:53
2026-01-06 18:44:54+00:00,,894.0,ETH,3222.36,3222.28,18:44:54
2026-01-06 18:44:55+00:00,,895.0,ETH,3222.37,3222.31,18:44:55
2026-01-06 18:44:56+00:00,,896.0,ETH,3222.68,3222.52,18:44:56
2026-01-06 18:44:57+00:00,,897.0,ETH,3222.59,3222.42,18:44:57
2026-01-06 18:44:58+00:00,,898.0,ETH,3222.35,3222.26,18:44:58
2026-01-06 18:44:59+00:00,,899.0,ETH,3222.33,3222.26,18:44:59
