timestamp,collected_at,seconds,up_mid,up_best_bid,up_best_ask,down_mid,down_best_bid,down_best_ask,up_best_bid_size,up_best_ask_size,down_best_bid_size,down_best_ask_size,up_bid_2,up_bid_2_size,up_ask_2,up_ask_2_size,down_bid_2,down_bid_2_size,down_ask_2,down_ask_2_size
2026-01-06 18:30:00.235000+00:00,2026-01-06 18:30:00.760555+00:00,0.235,0.485,0.48,0.49,0.515,0.51,0.52,1.0,144.77,144.77,1.0,0.47,39.0,0.5,105.23,0.5,105.23,0.53,39.0
2026-01-06 18:30:01.242000+00:00,2026-01-06 18:30:01.768074+00:00,1.242,0.485,0.48,0.49,0.515,0.51,0.52,128.0,149.77,149.77,128.0,0.47,166.0,0.5,88.0,0.5,88.0,0.53,377.0
2026-01-06 18:30:02.235000+00:00,2026-01-06 18:30:02.776043+00:00,2.235,0.515,0.51,0.52,0.485,0.48,0.49,35.3,219.3,224.3,40.3,0.5,34.0,0.53,549.1,0.47,549.1,0.5,34.0
2026-01-06 18:30:03.275000+00:00,2026-01-06 18:30:03.785152+00:00,3.275,0.505,0.5,0.51,0.495,0.49,0.5,5.0,122.0,131.0,10.0,0.49,349.0,0.52,97.3,0.48,92.3,0.51,349.0
2026-01-06 18:30:04.275000+00:00,2026-01-06 18:30:04.787748+00:00,4.275,0.505,0.5,0.51,0.495,0.49,0.5,336.98,116.0,51.0,336.98,0.49,334.0,0.52,182.3,0.48,259.3,0.51,369.0
2026-01-06 18:30:05.299000+00:00,2026-01-06 18:30:05.801615+00:00,5.299,0.495,0.49,0.5,0.505,0.5,0.51,20.0,15.0,96.0,35.0,0.48,30.0,0.51,193.0,0.49,203.0,0.52,35.0
2026-01-06 18:30:06.310000+00:00,2026-01-06 18:30:06.812237+00:00,6.31,0.485,0.48,0.49,0.515,0.51,0.52,302.32,9.0,9.0,338.0,0.47,288.0,0.5,262.0,0.5,172.0,0.53,288.0
2026-01-06 18:30:07.325000+00:00,2026-01-06 18:30:07.817911+00:00,7.325,0.515,0.51,0.52,0.485,0.48,0.49,324.0,318.3,318.3,354.0,0.5,360.0,0.53,143.1,0.47,143.1,0.5,375.0
2026-01-06 18:30:08.289000+00:00,2026-01-06 18:30:08.820117+00:00,8.289,0.505,0.5,0.51,0.485,0.48,0.49,222.0,40.0,206.03,308.0,0.49,351.0,0.52,246.03,0.47,341.1,0.5,349.0
2026-01-06 18:30:09.329000+00:00,2026-01-06 18:30:09.830589+00:00,9.329,0.525,0.52,0.53,0.475,0.47,0.48,157.97,431.1,481.1,203.97,0.51,40.0,0.54,796.9,0.46,796.9,0.49,40.0
2026-01-06 18:30:10.362000+00:00,2026-01-06 18:30:10.844085+00:00,10.362,0.505,0.5,0.51,0.495,0.49,0.5,252.0,20.0,40.0,252.0,0.49,227.0,0.52,145.0,0.48,125.0,0.51,242.0
2026-01-06 18:30:11.321000+00:00,2026-01-06 18:30:11.854728+00:00,11.321,0.505,0.5,0.51,0.495,0.49,0.5,202.0,55.0,55.0,202.0,0.49,300.0,0.52,130.0,0.48,130.0,0.51,300.0
2026-01-06 18:30:12.380000+00:00,2026-01-06 18:30:12.880998+00:00,12.38,0.505,0.5,0.51,0.495,0.49,0.5,75.72,110.0,130.0,57.72,0.49,201.0,0.52,293.0,0.48,365.0,0.51,129.0
2026-01-06 18:30:13.366000+00:00,2026-01-06 18:30:13.879457+00:00,13.366,0.505,0.5,0.51,0.495,0.49,0.5,18.8,417.0,478.0,18.8,0.49,51.0,0.52,268.0,0.48,268.0,0.51,11.0
2026-01-06 18:30:14.385000+00:00,2026-01-06 18:30:14.907035+00:00,14.385,0.475,0.47,0.48,0.525,0.52,0.53,6.0,152.0,192.0,6.0,0.46,591.0,0.49,540.0,0.51,500.0,0.54,530.0
2026-01-06 18:30:15.405000+00:00,2026-01-06 18:30:15.915384+00:00,15.405,0.475,0.47,0.48,0.525,0.52,0.53,11.0,211.87,216.87,11.0,0.46,437.0,0.49,477.0,0.51,477.0,0.54,437.0
2026-01-06 18:30:16.414000+00:00,2026-01-06 18:30:16.930358+00:00,16.414,0.46499999999999997,0.46,0.47,0.535,0.53,0.54,178.81,438.0,438.0,178.81,0.45,269.0,0.48,118.7,0.52,118.7,0.55,274.0
2026-01-06 18:30:17.413000+00:00,2026-01-06 18:30:17.946305+00:00,17.413,0.46499999999999997,0.46,0.47,0.535,0.53,0.54,12.82,460.95,475.95,12.82,0.45,41.0,0.48,353.7,0.52,273.7,0.55,41.0
2026-01-06 18:30:18.441000+00:00,2026-01-06 18:30:18.945452+00:00,18.441,0.445,0.44,0.45,0.555,0.55,0.56,809.73,191.04,176.04,809.73,0.43,120.0,0.46,99.0,0.54,139.0,0.57,155.0
2026-01-06 18:30:19.445000+00:00,2026-01-06 18:30:19.962710+00:00,19.445,0.445,0.44,0.45,0.555,0.55,0.56,1275.73,85.0,85.0,1336.73,0.43,445.0,0.46,12.0,0.54,102.0,0.57,506.0
2026-01-06 18:30:20.511000+00:00,2026-01-06 18:30:20.977150+00:00,20.511,0.455,0.45,0.46,0.545,0.54,0.55,274.34,97.0,97.0,259.34,0.44,1109.73,0.47,176.0,0.53,176.0,0.56,1109.73
2026-01-06 18:30:21.435000+00:00,2026-01-06 18:30:21.978562+00:00,21.435,0.46499999999999997,0.46,0.47,0.525,0.52,0.53,187.0,36.0,5.0,163.0,0.45,480.34,0.48,5.0,0.51,90.0,0.54,345.0
2026-01-06 18:30:22.473000+00:00,2026-01-06 18:30:22.992827+00:00,22.473,0.5,0.49,0.51,0.5,0.49,0.51,97.68,284.11,266.11,97.68,0.48,314.0,0.52,344.0,0.48,344.0,0.52,314.0
2026-01-06 18:30:23.489000+00:00,2026-01-06 18:30:24.009940+00:00,23.489,0.495,0.49,0.5,0.505,0.5,0.51,11.0,54.0,29.55,6.0,0.48,398.0,0.51,150.11,0.49,150.11,0.52,413.0
2026-01-06 18:30:24.490000+00:00,2026-01-06 18:30:25.015279+00:00,24.49,0.495,0.49,0.5,0.505,0.5,0.51,136.0,11.0,11.0,131.0,0.48,338.0,0.51,160.11,0.49,160.11,0.52,343.0
2026-01-06 18:30:25.435000+00:00,2026-01-06 18:30:26.011030+00:00,25.435,0.495,0.49,0.5,0.505,0.5,0.51,202.0,6.76,86.76,117.0,0.48,353.0,0.51,86.11,0.49,211.11,0.52,372.0
2026-01-06 18:30:26.513000+00:00,2026-01-06 18:30:27.014060+00:00,26.513,0.495,0.49,0.5,0.505,0.5,0.51,30.45,304.56,304.56,26.52,0.48,61.0,0.51,377.11,0.49,377.11,0.52,46.0
2026-01-06 18:30:27.503000+00:00,2026-01-06 18:30:28.028013+00:00,27.503,0.495,0.49,0.5,0.515,0.51,0.52,35.79,359.0,212.0,106.0,0.48,106.0,0.51,417.11,0.5,187.0,0.53,372.88
2026-01-06 18:30:28.516000+00:00,2026-01-06 18:30:29.033552+00:00,28.516,0.485,0.48,0.49,0.515,0.51,0.52,391.0,72.0,72.0,391.0,0.47,512.88,0.5,116.0,0.5,116.0,0.53,517.88
2026-01-06 18:30:29.610000+00:00,2026-01-06 18:30:30.040241+00:00,29.61,0.485,0.48,0.49,0.515,0.51,0.52,347.0,68.04,68.04,347.0,0.47,587.88,0.5,158.0,0.5,158.0,0.53,587.88
2026-01-06 18:30:30.540000+00:00,2026-01-06 18:30:31.058565+00:00,30.54,0.485,0.48,0.49,0.505,0.5,0.51,347.0,11.0,39.0,30.0,0.47,551.88,0.5,39.0,0.49,661.11,0.52,348.0
2026-01-06 18:30:31.548000+00:00,2026-01-06 18:30:32.067355+00:00,31.548,0.52,0.51,0.53,0.48,0.47,0.49,146.0,513.5,513.5,303.0,0.5,167.0,0.54,470.0,0.46,560.0,0.5,195.0
2026-01-06 18:30:32.534000+00:00,2026-01-06 18:30:33.059720+00:00,32.534,0.525,0.52,0.53,0.475,0.47,0.48,13.0,562.57,512.31,102.59,0.51,298.74,0.54,553.0,0.46,578.7,0.49,253.0
2026-01-06 18:30:33.521000+00:00,2026-01-06 18:30:34.054537+00:00,33.521,0.525,0.52,0.53,0.475,0.47,0.48,120.5,527.0,563.0,120.5,0.51,218.0,0.54,452.7,0.46,488.7,0.49,218.0
2026-01-06 18:30:34.548000+00:00,2026-01-06 18:30:35.061515+00:00,34.548,0.525,0.52,0.53,0.475,0.47,0.48,23.0,738.26,738.26,23.0,0.51,85.0,0.54,716.0,0.46,716.0,0.49,85.0
2026-01-06 18:30:35.472000+00:00,2026-01-06 18:30:36.062903+00:00,35.472,0.515,0.51,0.52,0.485,0.48,0.49,118.0,23.0,23.0,111.0,0.5,392.0,0.53,715.26,0.47,715.26,0.5,392.0
2026-01-06 18:30:36.596000+00:00,2026-01-06 18:30:37.078631+00:00,36.596,0.515,0.51,0.52,0.485,0.48,0.49,142.97,17.84,17.84,167.97,0.5,403.0,0.53,715.26,0.47,593.0,0.5,385.0
2026-01-06 18:30:37.573000+00:00,2026-01-06 18:30:38.083970+00:00,37.573,0.52,0.51,0.53,0.485,0.48,0.49,169.66,592.44,18.0,169.66,0.5,488.0,0.54,716.0,0.47,592.44,0.5,488.0
2026-01-06 18:30:38.561000+00:00,2026-01-06 18:30:39.093410+00:00,38.561,0.515,0.51,0.52,0.485,0.48,0.49,151.66,18.0,18.0,151.66,0.5,488.0,0.53,593.44,0.47,593.44,0.5,488.0
2026-01-06 18:30:39.599000+00:00,2026-01-06 18:30:40.109896+00:00,39.599,0.515,0.51,0.52,0.485,0.48,0.49,105.63,7.39,7.39,105.63,0.5,470.0,0.53,628.83,0.47,664.83,0.5,383.0
2026-01-06 18:30:40.608000+00:00,2026-01-06 18:30:41.110356+00:00,40.608,0.515,0.51,0.52,0.485,0.48,0.49,18.0,117.05,815.05,18.0,0.5,273.0,0.53,588.39,0.47,199.39,0.5,273.0
2026-01-06 18:30:41.616000+00:00,2026-01-06 18:30:42.127241+00:00,41.616,0.495,0.49,0.5,0.505,0.5,0.51,360.84,55.0,55.0,335.84,0.48,553.0,0.51,183.0,0.49,183.0,0.52,463.0
2026-01-06 18:30:42.609000+00:00,2026-01-06 18:30:43.142062+00:00,42.609,0.51,0.5,0.52,0.49,0.48,0.5,125.0,612.66,612.66,125.0,0.49,390.0,0.53,256.39,0.47,256.39,0.51,390.0
2026-01-06 18:30:43.638000+00:00,2026-01-06 18:30:44.144667+00:00,43.638,0.515,0.51,0.52,0.485,0.48,0.49,5.0,850.66,920.26,5.0,0.5,201.0,0.53,411.59,0.47,391.39,0.5,183.0
2026-01-06 18:30:44.656000+00:00,2026-01-06 18:30:45.164219+00:00,44.656,0.45,0.44,0.46,0.555,0.55,0.56,869.73,80.0,71.0,851.73,0.43,419.0,0.47,167.0,0.54,104.87,0.57,514.0
2026-01-06 18:30:45.641000+00:00,2026-01-06 18:30:46.175544+00:00,45.641,0.445,0.44,0.45,0.555,0.55,0.56,692.93,208.77,208.77,687.93,0.43,156.0,0.46,81.41,0.54,81.41,0.57,156.0
2026-01-06 18:30:46.652000+00:00,2026-01-06 18:30:47.176721+00:00,46.652,0.445,0.44,0.45,0.55,0.54,0.56,835.93,100.9,59.87,871.93,0.43,295.0,0.46,94.87,0.53,676.0,0.57,416.0
2026-01-06 18:30:47.586000+00:00,2026-01-06 18:30:48.182077+00:00,47.586,0.45,0.44,0.46,0.55,0.54,0.56,866.93,59.87,59.87,866.93,0.43,416.0,0.47,676.0,0.53,676.0,0.57,434.0
2026-01-06 18:30:48.674000+00:00,2026-01-06 18:30:49.186774+00:00,48.674,0.45,0.44,0.46,0.55,0.54,0.56,853.11,57.15,57.15,853.11,0.43,504.0,0.47,676.0,0.53,676.0,0.57,504.0
2026-01-06 18:30:49.440000+00:00,2026-01-06 18:30:50.185219+00:00,49.44,0.45,0.44,0.46,0.55,0.54,0.56,853.11,57.15,57.15,853.11,0.43,504.0,0.47,746.0,0.53,746.0,0.57,504.0
2026-01-06 18:30:50.532000+00:00,2026-01-06 18:30:51.183785+00:00,50.532,0.45,0.44,0.46,0.555,0.55,0.56,868.11,92.15,49.57,783.11,0.43,504.0,0.47,721.0,0.54,60.69,0.57,559.0
2026-01-06 18:30:51.693000+00:00,2026-01-06 18:30:52.206261+00:00,51.693,0.445,0.44,0.45,0.555,0.55,0.56,1078.96,71.0,71.0,1181.96,0.43,444.0,0.46,199.46,0.54,183.0,0.57,472.0
2026-01-06 18:30:52.680000+00:00,2026-01-06 18:30:53.212839+00:00,52.68,0.46499999999999997,0.46,0.47,0.535,0.53,0.54,5.0,562.46,562.46,5.0,0.45,143.0,0.48,283.0,0.52,283.0,0.55,143.0
2026-01-06 18:30:53.655000+00:00,2026-01-06 18:30:54.224159+00:00,53.655,0.475,0.47,0.48,0.525,0.52,0.53,5.0,96.05,96.05,5.0,0.46,321.0,0.49,245.0,0.51,245.0,0.54,321.0
2026-01-06 18:30:54.695000+00:00,2026-01-06 18:30:55.235117+00:00,54.695,0.475,0.47,0.48,0.535,0.53,0.54,5.0,119.05,103.46,223.0,0.46,321.0,0.49,173.0,0.52,91.0,0.55,647.0
2026-01-06 18:30:55.718000+00:00,2026-01-06 18:30:56.243247+00:00,55.718,0.455,0.45,0.46,0.545,0.54,0.55,142.0,197.05,197.05,142.0,0.44,830.69,0.47,385.0,0.53,385.0,0.56,830.69
2026-01-06 18:30:56.697000+00:00,2026-01-06 18:30:57.253588+00:00,56.697,0.455,0.45,0.46,0.545,0.54,0.55,147.0,197.05,197.05,147.0,0.44,825.69,0.47,385.0,0.53,385.0,0.56,825.69
2026-01-06 18:30:57.744000+00:00,2026-01-06 18:30:58.253399+00:00,57.744,0.455,0.45,0.46,0.545,0.54,0.55,71.0,162.05,162.05,76.0,0.44,848.69,0.47,410.0,0.53,410.0,0.56,843.69
2026-01-06 18:30:58.521000+00:00,2026-01-06 18:30:59.247395+00:00,58.521,0.455,0.45,0.46,0.545,0.54,0.55,76.0,183.61,183.61,76.0,0.44,843.69,0.47,480.0,0.53,480.0,0.56,843.69
2026-01-06 18:30:59.751000+00:00,2026-01-06 18:31:00.261880+00:00,59.751,0.455,0.45,0.46,0.545,0.54,0.55,5.0,97.61,97.61,5.0,0.44,936.69,0.47,462.0,0.53,462.0,0.56,936.69
2026-01-06 18:31:00.705000+00:00,2026-01-06 18:31:01.267972+00:00,60.705,0.45,0.44,0.46,0.55,0.54,0.56,936.69,97.61,97.61,936.69,0.43,501.0,0.47,462.0,0.53,462.0,0.57,501.0
2026-01-06 18:31:01.739000+00:00,2026-01-06 18:31:02.278746+00:00,61.739,0.445,0.44,0.45,0.555,0.55,0.56,725.69,315.79,315.79,725.69,0.43,239.0,0.46,291.56,0.54,291.56,0.57,239.0
2026-01-06 18:31:02.686000+00:00,2026-01-06 18:31:03.283944+00:00,62.686,0.445,0.44,0.45,0.555,0.55,0.56,830.69,254.0,254.0,830.69,0.43,215.0,0.46,298.61,0.54,298.61,0.57,233.0
2026-01-06 18:31:03.703000+00:00,2026-01-06 18:31:04.303720+00:00,63.703,0.445,0.44,0.45,0.555,0.55,0.56,748.69,189.46,164.46,748.69,0.43,409.0,0.46,124.56,0.54,124.56,0.57,409.0
2026-01-06 18:31:04.806000+00:00,2026-01-06 18:31:05.303316+00:00,64.806,0.445,0.44,0.45,0.555,0.55,0.56,426.81,1232.86,1193.46,340.81,0.42,86.0,0.46,420.56,0.54,420.56,0.58,71.0
2026-01-06 18:31:05.806000+00:00,2026-01-06 18:31:06.311067+00:00,65.806,0.405,0.4,0.41,0.595,0.59,0.6,19.0,221.0,221.0,1.43,0.39,250.0,0.42,147.0,0.58,147.0,0.61,250.0
2026-01-06 18:31:06.687000+00:00,2026-01-06 18:31:07.321522+00:00,66.687,0.405,0.4,0.41,0.595,0.59,0.6,111.43,27.21,27.21,129.43,0.39,209.0,0.42,35.0,0.58,35.0,0.61,191.0
2026-01-06 18:31:07.762000+00:00,2026-01-06 18:31:08.328485+00:00,67.762,0.405,0.4,0.41,0.595,0.59,0.6,98.43,43.9,63.9,11.43,0.39,562.0,0.42,248.0,0.58,248.0,0.61,562.0
2026-01-06 18:31:08.815000+00:00,2026-01-06 18:31:09.335792+00:00,68.815,0.405,0.4,0.41,0.595,0.59,0.6,11.43,409.0,424.0,11.43,0.39,215.0,0.42,223.0,0.58,276.0,0.61,97.0
2026-01-06 18:31:09.803000+00:00,2026-01-06 18:31:10.342230+00:00,69.803,0.395,0.39,0.4,0.605,0.6,0.61,97.0,199.57,224.57,97.0,0.38,287.0,0.41,324.0,0.59,319.0,0.62,287.0
2026-01-06 18:31:10.865000+00:00,2026-01-06 18:31:11.345272+00:00,70.865,0.395,0.39,0.4,0.605,0.6,0.61,249.73,159.57,64.57,489.73,0.38,275.0,0.41,289.0,0.59,254.0,0.62,448.0
2026-01-06 18:31:11.835000+00:00,2026-01-06 18:31:12.346035+00:00,71.835,0.415,0.41,0.42,0.59,0.58,0.6,4.83,126.31,126.31,524.38,0.4,476.0,0.43,514.0,0.57,514.0,0.61,622.73
2026-01-06 18:31:12.856000+00:00,2026-01-06 18:31:13.359745+00:00,72.856,0.405,0.4,0.41,0.595,0.59,0.6,171.38,5.0,5.0,153.38,0.39,367.73,0.42,347.31,0.58,347.31,0.61,403.73
2026-01-06 18:31:13.876000+00:00,2026-01-06 18:31:14.379972+00:00,73.876,0.405,0.4,0.41,0.6,0.59,0.61,15.0,146.0,146.0,466.88,0.39,466.88,0.42,399.0,0.58,469.0,0.62,485.0
2026-01-06 18:31:14.872000+00:00,2026-01-06 18:31:15.379543+00:00,74.872,0.415,0.41,0.42,0.585,0.58,0.59,298.0,181.0,140.73,267.0,0.4,447.0,0.43,30.0,0.57,30.0,0.6,485.0
2026-01-06 18:31:15.848000+00:00,2026-01-06 18:31:16.379064+00:00,75.848,0.415,0.41,0.42,0.585,0.58,0.59,287.0,140.73,95.0,281.74,0.4,485.0,0.43,30.0,0.57,30.0,0.6,485.0
2026-01-06 18:31:16.862000+00:00,2026-01-06 18:31:17.378930+00:00,76.862,0.415,0.41,0.42,0.585,0.58,0.59,227.0,135.0,95.0,222.0,0.4,170.0,0.43,83.0,0.57,83.0,0.6,175.0
2026-01-06 18:31:17.798000+00:00,2026-01-06 18:31:18.384997+00:00,77.798,0.415,0.41,0.42,0.585,0.58,0.59,234.0,40.0,5.0,278.0,0.4,614.0,0.43,103.0,0.57,158.0,0.6,544.0
2026-01-06 18:31:18.853000+00:00,2026-01-06 18:31:19.381086+00:00,78.853,0.415,0.41,0.42,0.585,0.58,0.59,299.37,45.0,45.0,299.37,0.4,614.0,0.43,253.0,0.57,253.0,0.6,614.0
2026-01-06 18:31:19.866000+00:00,2026-01-06 18:31:20.373883+00:00,79.866,0.415,0.41,0.42,0.585,0.58,0.59,412.2,20.0,20.0,430.2,0.4,544.0,0.43,258.0,0.57,258.0,0.6,544.0
2026-01-06 18:31:20.838000+00:00,2026-01-06 18:31:21.378873+00:00,80.838,0.425,0.42,0.43,0.575,0.57,0.58,248.0,50.0,50.0,248.0,0.41,482.19,0.44,699.0,0.56,704.0,0.59,482.19
2026-01-06 18:31:21.867000+00:00,2026-01-06 18:31:22.394021+00:00,81.867,0.425,0.42,0.43,0.575,0.57,0.58,184.0,50.0,50.0,184.0,0.41,541.19,0.44,704.0,0.56,704.0,0.59,541.19
2026-01-06 18:31:22.877000+00:00,2026-01-06 18:31:23.413626+00:00,82.877,0.425,0.42,0.43,0.565,0.56,0.57,744.0,15.0,25.0,101.0,0.41,476.19,0.44,25.0,0.55,172.15,0.58,754.0
2026-01-06 18:31:23.936000+00:00,2026-01-06 18:31:24.410540+00:00,83.936,0.455,0.45,0.46,0.545,0.54,0.55,318.85,413.82,413.82,293.85,0.44,502.0,0.47,155.0,0.53,65.0,0.56,557.0
2026-01-06 18:31:24.910000+00:00,2026-01-06 18:31:25.420559+00:00,84.91,0.455,0.45,0.46,0.545,0.54,0.55,397.85,413.82,413.82,372.85,0.44,477.0,0.47,65.0,0.53,65.0,0.56,477.0
2026-01-06 18:31:25.819000+00:00,2026-01-06 18:31:26.423612+00:00,85.819,0.455,0.45,0.46,0.545,0.54,0.55,372.33,196.42,201.42,372.33,0.44,562.0,0.47,83.0,0.53,83.0,0.56,562.0
2026-01-06 18:31:26.699000+00:00,2026-01-06 18:31:27.422601+00:00,86.699,0.455,0.45,0.46,0.545,0.54,0.55,321.33,201.42,201.42,302.48,0.44,580.0,0.47,83.0,0.53,83.0,0.56,580.0
2026-01-06 18:31:27.899000+00:00,2026-01-06 18:31:28.430077+00:00,87.899,0.45999999999999996,0.45,0.47,0.535,0.53,0.54,462.48,153.0,100.0,81.0,0.44,585.0,0.48,260.2,0.52,232.2,0.55,452.48
2026-01-06 18:31:28.911000+00:00,2026-01-06 18:31:29.428122+00:00,88.911,0.475,0.47,0.48,0.525,0.52,0.53,235.0,15.0,15.0,235.0,0.46,461.79,0.49,631.5,0.51,631.5,0.54,461.79
2026-01-06 18:31:29.921000+00:00,2026-01-06 18:31:30.455413+00:00,89.921,0.475,0.47,0.48,0.525,0.52,0.53,130.0,27.9,27.9,130.0,0.46,511.79,0.49,631.5,0.51,631.5,0.54,511.79
2026-01-06 18:31:30.897000+00:00,2026-01-06 18:31:31.475194+00:00,90.897,0.485,0.48,0.49,0.525,0.52,0.53,15.0,791.5,35.0,299.0,0.47,102.0,0.5,244.0,0.51,748.5,0.54,314.0
2026-01-06 18:31:31.967000+00:00,2026-01-06 18:31:32.489469+00:00,91.967,0.485,0.48,0.49,0.515,0.51,0.52,44.61,647.0,647.0,17.3,0.47,213.34,0.5,454.0,0.5,454.0,0.53,221.34
2026-01-06 18:31:32.895000+00:00,2026-01-06 18:31:33.492857+00:00,92.895,0.48,0.47,0.49,0.52,0.51,0.53,158.34,497.0,482.0,158.34,0.46,435.0,0.5,289.0,0.5,289.0,0.54,435.0
2026-01-06 18:31:33.960000+00:00,2026-01-06 18:31:34.506646+00:00,93.96,0.48,0.47,0.49,0.525,0.52,0.53,288.34,719.0,81.0,288.34,0.46,510.0,0.5,411.0,0.51,619.0,0.54,510.0
2026-01-06 18:31:35.002000+00:00,2026-01-06 18:31:35.522290+00:00,95.002,0.475,0.47,0.48,0.525,0.52,0.53,170.0,146.0,313.0,55.0,0.46,331.0,0.49,683.9,0.51,718.9,0.54,263.0
2026-01-06 18:31:36.011000+00:00,2026-01-06 18:31:36.543789+00:00,96.011,0.455,0.45,0.46,0.545,0.54,0.55,201.0,50.0,70.0,196.0,0.44,234.99,0.47,109.0,0.53,302.0,0.56,239.99
2026-01-06 18:31:37.049000+00:00,2026-01-06 18:31:37.557807+00:00,97.049,0.455,0.45,0.46,0.545,0.54,0.55,303.0,25.0,25.0,564.0,0.44,185.0,0.47,302.0,0.53,254.0,0.56,212.0
2026-01-06 18:31:38.065000+00:00,2026-01-06 18:31:38.572762+00:00,98.065,0.46499999999999997,0.46,0.47,0.535,0.53,0.54,515.0,71.0,71.0,595.0,0.45,621.0,0.48,151.0,0.52,151.0,0.55,621.0
2026-01-06 18:31:39.029000+00:00,2026-01-06 18:31:39.573630+00:00,99.029,0.475,0.47,0.48,0.525,0.52,0.53,15.0,92.0,299.0,5.0,0.46,489.0,0.49,503.0,0.51,625.0,0.54,539.0
2026-01-06 18:31:40.037000+00:00,2026-01-06 18:31:40.580368+00:00,100.037,0.46499999999999997,0.46,0.47,0.535,0.53,0.54,41.88,34.0,34.0,36.88,0.45,507.0,0.48,305.62,0.52,136.0,0.55,561.0
2026-01-06 18:31:41.085000+00:00,2026-01-06 18:31:41.594073+00:00,101.085,0.47,0.46,0.48,0.53,0.52,0.54,165.0,136.0,154.0,150.0,0.45,473.0,0.49,796.0,0.51,796.0,0.55,545.0
2026-01-06 18:31:42.093000+00:00,2026-01-06 18:31:42.607929+00:00,102.093,0.46499999999999997,0.46,0.47,0.535,0.53,0.54,32.27,30.0,30.0,5.0,0.45,605.0,0.48,154.0,0.52,154.0,0.55,658.0
2026-01-06 18:31:43.115000+00:00,2026-01-06 18:31:43.622995+00:00,103.115,0.46499999999999997,0.46,0.47,0.535,0.53,0.54,55.0,268.0,317.0,50.0,0.45,293.0,0.48,206.0,0.52,216.0,0.55,208.0
2026-01-06 18:31:44.113000+00:00,2026-01-06 18:31:44.627514+00:00,104.113,0.46499999999999997,0.46,0.47,0.535,0.53,0.54,210.0,187.0,187.0,170.0,0.45,507.0,0.48,318.0,0.52,408.0,0.55,507.0
2026-01-06 18:31:45.142000+00:00,2026-01-06 18:31:45.623761+00:00,105.142,0.46499999999999997,0.46,0.47,0.535,0.53,0.54,404.0,121.0,121.0,404.0,0.45,454.0,0.48,185.0,0.52,185.0,0.55,454.0
2026-01-06 18:31:46.081000+00:00,2026-01-06 18:31:46.648753+00:00,106.081,0.46499999999999997,0.46,0.47,0.535,0.53,0.54,100.0,462.0,462.0,94.72,0.45,86.0,0.48,343.0,0.52,343.0,0.55,81.0
2026-01-06 18:31:47.164000+00:00,2026-01-06 18:31:47.665582+00:00,107.164,0.455,0.45,0.46,0.545,0.54,0.55,123.0,117.47,117.47,86.0,0.44,360.0,0.47,323.76,0.53,323.76,0.56,280.0
2026-01-06 18:31:48.004000+00:00,2026-01-06 18:31:48.682965+00:00,108.004,0.455,0.45,0.46,0.545,0.54,0.55,20.0,132.47,117.47,20.0,0.44,364.0,0.47,323.76,0.53,323.76,0.56,364.0
2026-01-06 18:31:49.076000+00:00,2026-01-06 18:31:49.692289+00:00,109.076,0.455,0.45,0.46,0.545,0.54,0.55,95.0,117.47,117.47,95.0,0.44,364.0,0.47,287.76,0.53,287.76,0.56,364.0
2026-01-06 18:31:50.114000+00:00,2026-01-06 18:31:50.707159+00:00,110.114,0.455,0.45,0.46,0.545,0.54,0.55,95.0,152.47,177.47,95.0,0.44,364.0,0.47,357.76,0.53,375.76,0.56,364.0
2026-01-06 18:31:51.133000+00:00,2026-01-06 18:31:51.710059+00:00,111.133,0.455,0.45,0.46,0.545,0.54,0.55,92.81,137.47,137.47,130.81,0.44,364.0,0.47,375.76,0.53,375.76,0.56,346.0
2026-01-06 18:31:52.152000+00:00,2026-01-06 18:31:52.725075+00:00,112.152,0.455,0.45,0.46,0.545,0.54,0.55,125.81,47.47,47.47,125.81,0.44,346.0,0.47,507.76,0.53,507.76,0.56,346.0
2026-01-06 18:31:53.190000+00:00,2026-01-06 18:31:53.740196+00:00,113.19,0.455,0.45,0.46,0.545,0.54,0.55,108.0,47.47,47.47,103.0,0.44,346.0,0.47,507.76,0.53,507.76,0.56,346.0
2026-01-06 18:31:54.207000+00:00,2026-01-06 18:31:54.746809+00:00,114.207,0.455,0.45,0.46,0.545,0.54,0.55,103.0,47.47,47.47,103.0,0.44,346.0,0.47,465.76,0.53,465.76,0.56,346.0
2026-01-06 18:31:55.136000+00:00,2026-01-06 18:31:55.747056+00:00,115.136,0.455,0.45,0.46,0.545,0.54,0.55,203.0,47.47,97.47,203.0,0.44,346.0,0.47,282.76,0.53,282.76,0.56,346.0
2026-01-06 18:31:56.260000+00:00,2026-01-06 18:31:56.767793+00:00,116.26,0.455,0.45,0.46,0.535,0.53,0.54,841.0,120.0,39.76,207.0,0.44,549.0,0.47,39.76,0.52,110.0,0.55,821.0
2026-01-06 18:31:57.259000+00:00,2026-01-06 18:31:57.783908+00:00,117.259,0.475,0.47,0.48,0.525,0.52,0.53,11.24,209.0,209.0,11.24,0.46,194.28,0.49,447.0,0.51,508.0,0.54,11.28
2026-01-06 18:31:58.247000+00:00,2026-01-06 18:31:58.793203+00:00,118.247,0.455,0.45,0.46,0.545,0.54,0.55,190.94,45.0,30.0,220.94,0.44,352.25,0.47,342.0,0.53,342.0,0.56,321.0
2026-01-06 18:31:59.282000+00:00,2026-01-06 18:31:59.793852+00:00,119.282,0.45999999999999996,0.45,0.47,0.54,0.53,0.55,293.94,404.99,404.99,293.94,0.44,398.28,0.48,884.2,0.52,884.2,0.56,398.28
2026-01-06 18:32:00.299000+00:00,2026-01-06 18:32:00.808343+00:00,120.299,0.45999999999999996,0.45,0.47,0.535,0.53,0.54,255.94,221.99,142.0,258.25,0.44,416.28,0.48,891.0,0.52,281.0,0.55,437.94
2026-01-06 18:32:01.313000+00:00,2026-01-06 18:32:01.829232+00:00,121.313,0.46499999999999997,0.46,0.47,0.535,0.53,0.54,575.25,71.0,71.0,637.25,0.45,663.94,0.48,65.0,0.52,65.0,0.55,663.94
2026-01-06 18:32:02.265000+00:00,2026-01-06 18:32:02.838997+00:00,122.265,0.485,0.48,0.49,0.515,0.51,0.52,244.0,59.99,59.99,244.0,0.47,368.0,0.5,569.0,0.5,569.0,0.53,368.0
2026-01-06 18:32:03.342000+00:00,2026-01-06 18:32:03.848521+00:00,123.342,0.49,0.48,0.5,0.51,0.5,0.52,354.0,599.0,599.0,424.9,0.47,369.28,0.51,547.0,0.49,482.0,0.53,369.28
2026-01-06 18:32:04.350000+00:00,2026-01-06 18:32:04.860895+00:00,124.35,0.495,0.49,0.5,0.495,0.49,0.5,91.35,15.0,71.0,293.0,0.48,404.9,0.51,294.99,0.48,650.0,0.51,416.0
2026-01-06 18:32:05.368000+00:00,2026-01-06 18:32:05.883317+00:00,125.368,0.505,0.5,0.51,0.495,0.49,0.5,40.0,181.87,632.87,5.0,0.49,177.28,0.52,748.0,0.48,354.0,0.51,97.28
2026-01-06 18:32:06.284000+00:00,2026-01-06 18:32:06.891802+00:00,126.284,0.485,0.48,0.49,0.515,0.51,0.52,181.0,18.0,18.0,181.0,0.47,216.0,0.5,371.98,0.5,371.98,0.53,216.0
2026-01-06 18:32:07.360000+00:00,2026-01-06 18:32:07.884208+00:00,127.36,0.495,0.49,0.5,0.505,0.5,0.51,369.0,86.0,86.0,369.0,0.48,648.0,0.51,171.99,0.49,171.99,0.52,648.0
2026-01-06 18:32:08.334000+00:00,2026-01-06 18:32:08.883243+00:00,128.334,0.505,0.5,0.51,0.495,0.49,0.5,92.01,135.99,135.99,92.01,0.49,484.0,0.52,380.0,0.48,398.0,0.51,534.0
2026-01-06 18:32:09.366000+00:00,2026-01-06 18:32:09.896209+00:00,129.366,0.505,0.5,0.51,0.495,0.49,0.5,42.01,53.8,53.8,42.01,0.49,614.0,0.52,327.0,0.48,309.0,0.51,614.0
2026-01-06 18:32:10.221000+00:00,2026-01-06 18:32:10.910544+00:00,130.221,0.495,0.49,0.5,0.505,0.5,0.51,309.0,7.99,7.99,309.0,0.48,428.28,0.51,124.8,0.49,124.8,0.52,428.28
2026-01-06 18:32:11.646000+00:00,2026-01-06 18:32:11.927027+00:00,131.646,0.495,0.49,0.5,0.505,0.5,0.51,581.0,7.99,7.99,581.0,0.48,427.28,0.52,349.0,0.48,71.0,0.52,427.28
2026-01-06 18:32:12.450000+00:00,2026-01-06 18:32:12.928022+00:00,132.45,0.515,0.51,0.52,0.485,0.48,0.49,324.0,54.65,54.65,324.0,0.5,456.0,0.53,695.0,0.47,635.0,0.5,471.0
2026-01-06 18:32:13.414000+00:00,2026-01-06 18:32:13.938158+00:00,133.414,0.52,0.51,0.53,0.485,0.48,0.49,343.0,283.93,18.0,353.0,0.5,554.0,0.54,575.0,0.47,283.93,0.5,554.0
2026-01-06 18:32:14.314000+00:00,2026-01-06 18:32:14.939082+00:00,134.314,0.525,0.52,0.53,0.475,0.47,0.48,138.0,81.93,81.93,138.0,0.51,127.0,0.54,480.99,0.46,480.99,0.49,127.0
2026-01-06 18:32:15.448000+00:00,2026-01-06 18:32:15.954758+00:00,135.448,0.525,0.52,0.53,0.475,0.47,0.48,42.19,505.93,963.42,27.19,0.51,11.0,0.54,701.0,0.46,753.0,0.49,11.0
2026-01-06 18:32:16.446000+00:00,2026-01-06 18:32:16.957675+00:00,136.446,0.515,0.51,0.52,0.485,0.48,0.49,117.28,67.0,6.0,303.28,0.5,333.0,0.53,75.92,0.47,75.92,0.5,483.0
2026-01-06 18:32:17.383000+00:00,2026-01-06 18:32:17.971614+00:00,137.383,0.525,0.52,0.53,0.475,0.47,0.48,334.99,75.92,75.92,334.99,0.51,588.28,0.54,434.99,0.46,440.99,0.49,588.28
2026-01-06 18:32:18.345000+00:00,2026-01-06 18:32:18.972694+00:00,138.345,0.525,0.52,0.53,0.475,0.47,0.48,334.99,75.92,75.92,334.99,0.51,593.28,0.54,440.99,0.46,440.99,0.49,587.0
2026-01-06 18:32:19.439000+00:00,2026-01-06 18:32:19.986829+00:00,139.439,0.535,0.53,0.54,0.46499999999999997,0.46,0.47,70.0,350.31,350.31,207.0,0.52,333.0,0.55,315.38,0.45,834.38,0.48,398.0
2026-01-06 18:32:20.592000+00:00,2026-01-06 18:32:20.994469+00:00,140.592,0.545,0.54,0.55,0.455,0.45,0.46,91.0,6.06,0.87,152.0,0.53,475.51,0.56,940.99,0.44,940.99,0.47,475.51
2026-01-06 18:32:21.495000+00:00,2026-01-06 18:32:22.013054+00:00,141.495,0.545,0.54,0.55,0.455,0.45,0.46,130.03,45.87,45.87,130.03,0.53,492.79,0.56,915.99,0.44,915.99,0.47,492.79
2026-01-06 18:32:22.490000+00:00,2026-01-06 18:32:23.019897+00:00,142.49,0.545,0.54,0.55,0.455,0.45,0.46,125.03,43.68,175.33,61.0,0.53,497.79,0.56,969.99,0.44,882.0,0.47,384.28
2026-01-06 18:32:23.512000+00:00,2026-01-06 18:32:24.036413+00:00,143.512,0.525,0.52,0.53,0.495,0.49,0.5,80.0,425.0,91.0,25.0,0.51,20.51,0.54,279.0,0.48,243.0,0.51,115.0
2026-01-06 18:32:24.525000+00:00,2026-01-06 18:32:25.042082+00:00,144.525,0.495,0.49,0.5,0.505,0.5,0.51,6.28,432.99,432.99,6.28,0.48,112.99,0.51,370.0,0.49,370.0,0.52,112.99
2026-01-06 18:32:25.535000+00:00,2026-01-06 18:32:26.041972+00:00,145.535,0.485,0.48,0.49,0.515,0.51,0.52,11.0,91.0,309.65,11.0,0.47,30.0,0.5,528.99,0.5,469.0,0.53,30.0
2026-01-06 18:32:26.573000+00:00,2026-01-06 18:32:27.043667+00:00,146.573,0.475,0.47,0.48,0.505,0.5,0.51,485.0,5.0,107.92,72.0,0.46,929.21,0.5,177.0,0.49,888.0,0.52,338.96
2026-01-06 18:32:27.508000+00:00,2026-01-06 18:32:28.041981+00:00,147.508,0.495,0.49,0.5,0.505,0.5,0.51,5.0,407.0,407.0,5.0,0.48,284.0,0.51,858.0,0.49,888.0,0.52,264.0
2026-01-06 18:32:28.423000+00:00,2026-01-06 18:32:29.041389+00:00,148.423,0.49,0.48,0.5,0.51,0.5,0.52,203.0,342.0,242.0,203.0,0.47,373.0,0.51,970.0,0.49,970.0,0.53,373.0
2026-01-06 18:32:29.551000+00:00,2026-01-06 18:32:30.045657+00:00,149.551,0.485,0.48,0.49,0.515,0.51,0.52,148.0,369.0,466.0,148.0,0.47,61.28,0.5,456.0,0.5,487.0,0.53,56.28
2026-01-06 18:32:30.497000+00:00,2026-01-06 18:32:31.059804+00:00,150.497,0.475,0.47,0.48,0.525,0.52,0.53,8.11,131.0,241.0,14.11,0.46,114.23,0.49,565.0,0.51,438.0,0.54,39.93
2026-01-06 18:32:31.558000+00:00,2026-01-06 18:32:32.055186+00:00,151.558,0.46499999999999997,0.46,0.47,0.535,0.53,0.54,34.93,498.0,559.0,34.93,0.45,104.94,0.48,190.88,0.52,190.88,0.55,109.94
2026-01-06 18:32:32.554000+00:00,2026-01-06 18:32:33.053336+00:00,152.554,0.455,0.45,0.46,0.545,0.54,0.55,99.75,318.0,333.0,99.75,0.44,155.0,0.47,460.44,0.53,460.44,0.56,105.0
2026-01-06 18:32:33.478000+00:00,2026-01-06 18:32:34.055903+00:00,153.478,0.455,0.45,0.46,0.545,0.54,0.55,99.75,318.0,318.0,99.75,0.44,105.0,0.47,478.44,0.53,478.44,0.56,105.0
2026-01-06 18:32:34.663000+00:00,2026-01-06 18:32:35.058629+00:00,154.663,0.435,0.43,0.44,0.565,0.56,0.57,11.93,146.0,175.95,11.93,0.42,223.0,0.45,277.0,0.55,277.0,0.58,223.0
2026-01-06 18:32:35.582000+00:00,2026-01-06 18:32:36.073687+00:00,155.582,0.425,0.42,0.43,0.575,0.57,0.58,86.0,184.86,184.86,86.0,0.41,366.13,0.44,202.0,0.56,202.0,0.59,366.13
2026-01-06 18:32:36.564000+00:00,2026-01-06 18:32:37.074557+00:00,156.564,0.425,0.42,0.43,0.575,0.57,0.58,133.0,91.0,171.0,44.48,0.41,355.42,0.44,260.0,0.56,225.0,0.59,384.13
2026-01-06 18:32:37.614000+00:00,2026-01-06 18:32:38.103355+00:00,157.614,0.415,0.41,0.42,0.585,0.58,0.59,156.13,188.0,188.0,281.13,0.4,202.0,0.43,289.0,0.57,379.0,0.6,235.0
2026-01-06 18:32:38.539000+00:00,2026-01-06 18:32:39.108238+00:00,158.539,0.425,0.42,0.43,0.575,0.57,0.58,154.91,96.0,78.0,154.91,0.41,129.14,0.44,280.0,0.56,280.0,0.59,111.14
2026-01-06 18:32:39.534000+00:00,2026-01-06 18:32:40.121279+00:00,159.534,0.425,0.42,0.43,0.575,0.57,0.58,80.0,25.0,25.0,453.0,0.41,206.14,0.44,285.0,0.56,25.0,0.59,370.14
2026-01-06 18:32:40.611000+00:00,2026-01-06 18:32:41.125669+00:00,160.611,0.46499999999999997,0.46,0.47,0.535,0.53,0.54,324.0,35.36,35.36,349.0,0.45,374.0,0.48,155.0,0.51,128.0,0.55,392.0
2026-01-06 18:32:41.600000+00:00,2026-01-06 18:32:42.132991+00:00,161.6,0.485,0.48,0.49,0.515,0.51,0.52,145.0,30.0,30.0,145.0,0.47,359.0,0.5,269.0,0.5,86.0,0.53,420.0
2026-01-06 18:32:42.741000+00:00,2026-01-06 18:32:43.141508+00:00,162.741,0.495,0.49,0.5,0.49,0.47,0.51,499.0,26.49,370.73,560.0,0.48,362.0,0.52,53.76,0.46,815.0,0.52,362.0
2026-01-06 18:32:43.640000+00:00,2026-01-06 18:32:44.157935+00:00,163.64,0.525,0.52,0.53,0.475,0.47,0.48,263.62,64.98,64.98,243.62,0.51,402.0,0.54,614.0,0.46,614.0,0.49,402.0
2026-01-06 18:32:44.655000+00:00,2026-01-06 18:32:45.163230+00:00,164.655,0.535,0.53,0.54,0.46499999999999997,0.46,0.47,222.0,11.0,11.0,298.0,0.52,365.62,0.55,227.68,0.45,227.68,0.48,365.62
2026-01-06 18:32:45.662000+00:00,2026-01-06 18:32:46.169858+00:00,165.662,0.535,0.53,0.54,0.46499999999999997,0.46,0.47,354.0,11.0,11.0,354.0,0.52,437.62,0.55,227.68,0.45,227.68,0.48,455.62
2026-01-06 18:32:46.669000+00:00,2026-01-06 18:32:47.178086+00:00,166.669,0.545,0.54,0.55,0.455,0.45,0.46,202.0,8.68,8.68,227.0,0.53,435.0,0.56,1391.0,0.44,1373.0,0.47,430.0
2026-01-06 18:32:47.667000+00:00,2026-01-06 18:32:48.191909+00:00,167.667,0.545,0.54,0.55,0.455,0.45,0.46,273.0,108.68,8.68,273.0,0.53,570.0,0.56,1388.0,0.44,1388.0,0.47,570.0
2026-01-06 18:32:48.632000+00:00,2026-01-06 18:32:49.203941+00:00,168.632,0.545,0.54,0.55,0.445,0.44,0.45,345.0,8.68,1264.23,50.0,0.53,447.0,0.56,1270.0,0.43,350.0,0.46,325.0
2026-01-06 18:32:49.737000+00:00,2026-01-06 18:32:50.206264+00:00,169.737,0.555,0.55,0.56,0.445,0.44,0.45,693.0,709.23,614.25,783.0,0.54,664.0,0.57,8.0,0.43,8.0,0.46,574.0
2026-01-06 18:32:50.692000+00:00,2026-01-06 18:32:51.203341+00:00,170.692,0.585,0.58,0.59,0.415,0.41,0.42,117.04,549.0,549.0,117.04,0.57,196.0,0.6,357.0,0.4,357.0,0.43,196.0
2026-01-06 18:32:51.747000+00:00,2026-01-06 18:32:52.219277+00:00,171.747,0.595,0.59,0.6,0.405,0.4,0.41,78.0,203.0,203.0,101.0,0.58,55.0,0.61,466.98,0.39,357.0,0.42,192.0
2026-01-06 18:32:52.717000+00:00,2026-01-06 18:32:53.231660+00:00,172.717,0.595,0.59,0.6,0.405,0.4,0.41,211.0,50.0,50.0,211.0,0.58,284.0,0.61,273.0,0.39,273.0,0.42,284.0
2026-01-06 18:32:53.723000+00:00,2026-01-06 18:32:54.236265+00:00,173.723,0.595,0.59,0.6,0.405,0.4,0.41,170.0,150.0,155.0,30.0,0.58,235.0,0.61,237.0,0.39,273.0,0.42,240.0
2026-01-06 18:32:54.730000+00:00,2026-01-06 18:32:55.236722+00:00,174.73,0.595,0.59,0.6,0.405,0.4,0.41,403.0,65.0,50.0,495.0,0.58,492.0,0.61,66.0,0.39,5.0,0.42,553.0
2026-01-06 18:32:55.743000+00:00,2026-01-06 18:32:56.247937+00:00,175.743,0.61,0.6,0.62,0.395,0.39,0.4,284.0,478.0,5.0,15.0,0.59,418.0,0.63,695.0,0.38,513.0,0.41,397.0
2026-01-06 18:32:56.743000+00:00,2026-01-06 18:32:57.264750+00:00,176.743,0.605,0.6,0.61,0.395,0.39,0.4,30.0,145.0,140.0,30.75,0.59,297.0,0.62,444.0,0.38,444.0,0.41,297.0
2026-01-06 18:32:57.797000+00:00,2026-01-06 18:32:58.270371+00:00,177.797,0.605,0.6,0.61,0.395,0.39,0.4,45.0,35.0,35.0,45.0,0.59,279.0,0.62,356.88,0.38,356.88,0.41,279.0
2026-01-06 18:32:58.926000+00:00,2026-01-06 18:32:59.284872+00:00,178.926,0.615,0.61,0.62,0.385,0.38,0.39,30.0,126.88,235.88,40.0,0.6,42.5,0.63,1107.98,0.37,965.98,0.4,27.5
2026-01-06 18:32:59.763000+00:00,2026-01-06 18:33:00.305292+00:00,179.763,0.615,0.61,0.62,0.385,0.38,0.39,40.0,260.88,260.88,40.0,0.6,27.5,0.63,1001.98,0.37,1019.98,0.4,27.5
2026-01-06 18:33:00.820000+00:00,2026-01-06 18:33:01.308531+00:00,180.82,0.615,0.61,0.62,0.385,0.38,0.39,425.0,203.47,20.47,368.97,0.6,288.83,0.63,183.0,0.36,352.0,0.4,288.83
2026-01-06 18:33:01.838000+00:00,2026-01-06 18:33:02.304971+00:00,181.838,0.645,0.64,0.65,0.365,0.36,0.37,71.0,1168.01,18.0,292.45,0.63,303.0,0.66,479.0,0.35,1254.01,0.38,281.41
2026-01-06 18:33:02.801000+00:00,2026-01-06 18:33:03.308656+00:00,182.801,0.61,0.6,0.62,0.39,0.38,0.4,78.33,161.0,387.0,73.33,0.59,39.0,0.63,222.0,0.37,387.88,0.41,34.0
2026-01-06 18:33:03.810000+00:00,2026-01-06 18:33:04.314752+00:00,183.81,0.595,0.59,0.6,0.405,0.4,0.41,61.0,519.0,519.0,16.0,0.58,99.96,0.61,362.0,0.39,362.0,0.42,99.96
2026-01-06 18:33:04.809000+00:00,2026-01-06 18:33:05.317089+00:00,184.809,0.585,0.58,0.59,0.415,0.41,0.42,38.96,104.94,204.94,38.96,0.57,218.0,0.6,479.0,0.4,579.0,0.43,218.0
2026-01-06 18:33:05.635000+00:00,2026-01-06 18:33:06.325035+00:00,185.635,0.585,0.58,0.59,0.415,0.41,0.42,38.96,99.94,80.94,38.96,0.57,321.0,0.6,579.0,0.4,579.0,0.43,326.0
2026-01-06 18:33:06.845000+00:00,2026-01-06 18:33:07.315066+00:00,186.845,0.585,0.58,0.59,0.415,0.41,0.42,45.0,263.94,228.0,30.0,0.57,424.0,0.6,595.0,0.4,524.0,0.43,334.0
2026-01-06 18:33:07.690000+00:00,2026-01-06 18:33:08.315407+00:00,187.69,0.585,0.58,0.59,0.415,0.41,0.42,30.0,40.0,40.0,30.0,0.57,429.0,0.6,506.0,0.4,506.0,0.43,429.0
2026-01-06 18:33:08.819000+00:00,2026-01-06 18:33:09.331272+00:00,188.819,0.595,0.59,0.6,0.405,0.4,0.41,351.47,10.0,10.0,487.47,0.58,443.0,0.61,14.98,0.39,14.98,0.42,489.0
2026-01-06 18:33:09.827000+00:00,2026-01-06 18:33:10.339563+00:00,189.827,0.63,0.62,0.64,0.37,0.36,0.38,132.0,704.0,670.0,132.0,0.61,385.99,0.65,1194.06,0.35,1194.06,0.39,446.99
2026-01-06 18:33:10.704000+00:00,2026-01-06 18:33:11.345562+00:00,190.704,0.625,0.62,0.63,0.375,0.37,0.38,127.0,100.0,100.0,127.0,0.61,414.0,0.64,724.0,0.36,724.0,0.39,414.0
2026-01-06 18:33:11.872000+00:00,2026-01-06 18:33:12.351672+00:00,191.872,0.635,0.63,0.64,0.365,0.36,0.37,60.0,72.0,5.0,306.0,0.62,44.99,0.65,1242.06,0.35,868.06,0.38,191.99
2026-01-06 18:33:12.858000+00:00,2026-01-06 18:33:13.369927+00:00,192.858,0.645,0.64,0.65,0.355,0.35,0.36,65.0,761.52,761.52,60.0,0.63,426.99,0.66,793.0,0.34,793.0,0.37,426.99
2026-01-06 18:33:13.908000+00:00,2026-01-06 18:33:14.374887+00:00,193.908,0.645,0.64,0.65,0.355,0.35,0.36,212.0,722.52,707.52,227.0,0.63,354.0,0.66,549.0,0.34,449.0,0.37,413.0
2026-01-06 18:33:14.896000+00:00,2026-01-06 18:33:15.372821+00:00,194.896,0.645,0.64,0.65,0.355,0.35,0.36,238.0,676.53,628.53,238.0,0.63,517.0,0.66,348.0,0.34,534.0,0.37,368.0
2026-01-06 18:33:15.834000+00:00,2026-01-06 18:33:16.372438+00:00,195.834,0.645,0.64,0.65,0.355,0.35,0.36,172.0,633.53,598.53,172.0,0.63,383.0,0.66,347.0,0.34,372.0,0.37,383.0
2026-01-06 18:33:16.864000+00:00,2026-01-06 18:33:17.376139+00:00,196.864,0.645,0.64,0.65,0.355,0.35,0.36,166.75,831.53,831.53,101.0,0.63,293.0,0.66,553.0,0.34,553.0,0.37,293.0
2026-01-06 18:33:17.792000+00:00,2026-01-06 18:33:18.389154+00:00,197.792,0.645,0.64,0.65,0.355,0.35,0.36,98.22,722.66,672.65,27.22,0.63,190.0,0.66,410.0,0.34,410.0,0.37,195.0
2026-01-06 18:33:18.986000+00:00,2026-01-06 18:33:19.390679+00:00,198.986,0.635,0.63,0.64,0.365,0.36,0.37,45.0,493.0,498.0,45.0,0.62,100.99,0.65,986.64,0.35,1074.64,0.38,100.99
2026-01-06 18:33:19.840000+00:00,2026-01-06 18:33:20.401272+00:00,199.84,0.615,0.61,0.62,0.385,0.38,0.39,5.0,329.63,329.63,5.0,0.6,180.0,0.63,456.0,0.37,456.0,0.4,180.0
2026-01-06 18:33:20.885000+00:00,2026-01-06 18:33:21.406660+00:00,200.885,0.605,0.6,0.61,0.405,0.4,0.41,50.0,61.0,39.0,143.59,0.59,153.47,0.62,575.63,0.39,348.0,0.42,512.0
2026-01-06 18:33:21.911000+00:00,2026-01-06 18:33:22.418050+00:00,201.911,0.61,0.6,0.62,0.385,0.38,0.39,30.0,477.65,223.65,83.0,0.59,196.59,0.63,413.98,0.37,304.0,0.4,336.0
2026-01-06 18:33:23.958000+00:00,2026-01-06 18:33:24.476319+00:00,203.958,0.61,0.6,0.62,0.39,0.38,0.4,273.14,270.0,364.0,237.14,0.59,609.59,0.63,506.0,0.37,427.0,0.41,498.59
2026-01-06 18:33:24.970000+00:00,2026-01-06 18:33:25.470531+00:00,204.97,0.605,0.6,0.61,0.395,0.39,0.4,126.0,509.0,383.98,30.0,0.59,54.59,0.62,673.0,0.38,651.0,0.41,167.59
2026-01-06 18:33:25.955000+00:00,2026-01-06 18:33:26.481180+00:00,205.955,0.595,0.59,0.6,0.405,0.4,0.41,222.9,188.0,185.83,207.9,0.58,200.0,0.61,54.98,0.39,54.98,0.42,200.0
2026-01-06 18:33:26.928000+00:00,2026-01-06 18:33:27.494094+00:00,206.928,0.605,0.6,0.61,0.395,0.39,0.4,213.0,54.98,54.98,377.0,0.59,346.9,0.62,106.0,0.37,507.0,0.41,496.9
2026-01-06 18:33:28.005000+00:00,2026-01-06 18:33:28.506307+00:00,208.005,0.625,0.62,0.63,0.375,0.37,0.38,30.0,454.0,454.0,30.0,0.61,173.0,0.64,559.0,0.36,559.0,0.39,178.0
2026-01-06 18:33:29.038000+00:00,2026-01-06 18:33:29.522699+00:00,209.038,0.625,0.62,0.63,0.375,0.37,0.38,30.0,471.97,469.62,30.0,0.61,85.0,0.64,716.0,0.36,716.0,0.39,85.0
2026-01-06 18:33:30.003000+00:00,2026-01-06 18:33:30.523612+00:00,210.003,0.625,0.62,0.63,0.375,0.37,0.38,30.0,469.62,462.86,30.0,0.61,90.0,0.64,716.0,0.36,716.0,0.39,90.0
2026-01-06 18:33:31.029000+00:00,2026-01-06 18:33:31.537402+00:00,211.029,0.625,0.62,0.63,0.375,0.37,0.38,85.0,18.0,18.0,85.0,0.61,145.0,0.64,370.0,0.36,375.0,0.39,150.0
2026-01-06 18:33:32.031000+00:00,2026-01-06 18:33:32.539107+00:00,212.031,0.635,0.63,0.64,0.36,0.35,0.37,207.29,18.0,556.48,207.29,0.62,371.0,0.65,668.65,0.34,941.0,0.38,389.0
2026-01-06 18:33:33.057000+00:00,2026-01-06 18:33:33.558468+00:00,213.057,0.645,0.64,0.65,0.355,0.35,0.36,70.0,561.48,561.48,75.0,0.63,117.29,0.66,808.0,0.34,930.0,0.37,117.29
2026-01-06 18:33:34.018000+00:00,2026-01-06 18:33:34.564298+00:00,214.018,0.645,0.64,0.65,0.355,0.35,0.36,65.0,520.48,520.48,65.0,0.63,387.29,0.66,824.0,0.34,641.0,0.37,448.29
2026-01-06 18:33:35.075000+00:00,2026-01-06 18:33:35.570853+00:00,215.075,0.645,0.64,0.65,0.355,0.35,0.36,65.0,525.48,843.48,35.0,0.63,242.29,0.66,783.0,0.34,867.0,0.37,188.29
2026-01-06 18:33:36.062000+00:00,2026-01-06 18:33:36.577440+00:00,216.062,0.635,0.63,0.64,0.365,0.36,0.37,133.29,288.31,198.31,133.29,0.62,48.0,0.65,993.48,0.35,993.48,0.38,48.0
2026-01-06 18:33:37.023000+00:00,2026-01-06 18:33:37.587216+00:00,217.023,0.645,0.64,0.65,0.355,0.35,0.36,263.0,538.48,538.48,268.0,0.63,182.29,0.66,496.0,0.34,245.0,0.37,262.29
2026-01-06 18:33:38.072000+00:00,2026-01-06 18:33:38.583565+00:00,218.072,0.645,0.64,0.65,0.355,0.35,0.36,136.0,543.48,502.48,151.0,0.63,359.29,0.66,222.0,0.34,158.0,0.37,377.29
2026-01-06 18:33:39.061000+00:00,2026-01-06 18:33:39.606235+00:00,219.061,0.645,0.64,0.65,0.355,0.35,0.36,136.0,507.48,507.48,136.0,0.63,377.29,0.66,187.0,0.34,187.0,0.37,377.29
2026-01-06 18:33:40.064000+00:00,2026-01-06 18:33:40.622872+00:00,220.064,0.645,0.64,0.65,0.355,0.35,0.36,145.0,507.48,507.48,145.0,0.63,460.29,0.66,187.0,0.34,72.0,0.37,460.29
2026-01-06 18:33:41.104000+00:00,2026-01-06 18:33:41.623077+00:00,221.104,0.645,0.64,0.65,0.355,0.35,0.36,160.0,507.48,507.48,160.0,0.63,465.29,0.66,142.0,0.34,142.0,0.37,465.29
2026-01-06 18:33:42.187000+00:00,2026-01-06 18:33:42.636012+00:00,222.187,0.66,0.65,0.67,0.335,0.33,0.34,40.49,25.0,10.0,65.0,0.64,583.0,0.68,683.98,0.32,698.98,0.35,55.49
2026-01-06 18:33:43.872000+00:00,2026-01-06 18:33:44.671602+00:00,223.872,0.665,0.66,0.67,0.335,0.33,0.34,272.56,10.0,10.0,272.56,0.65,168.0,0.68,617.98,0.32,617.98,0.35,168.0
2026-01-06 18:33:45.035000+00:00,2026-01-06 18:33:45.669037+00:00,225.035,0.665,0.66,0.67,0.335,0.33,0.34,272.56,10.0,10.0,272.56,0.65,168.0,0.68,687.98,0.32,687.98,0.35,168.0
2026-01-06 18:33:46+00:00,2026-01-06 18:33:46.669653+00:00,226.0,0.665,0.66,0.67,0.335,0.33,0.34,155.0,10.0,10.0,155.0,0.65,238.0,0.68,238.98,0.32,238.98,0.35,238.0
2026-01-06 18:33:47.990000+00:00,2026-01-06 18:33:48.676053+00:00,227.99,0.665,0.66,0.67,0.335,0.33,0.34,200.0,28.0,28.0,391.2,0.65,207.0,0.68,732.0,0.32,411.0,0.35,311.0
2026-01-06 18:33:49.157000+00:00,2026-01-06 18:33:49.677655+00:00,229.157,0.695,0.69,0.7,0.305,0.3,0.31,15.0,107.0,29.0,45.0,0.68,151.0,0.71,413.0,0.29,483.0,0.32,231.0
2026-01-06 18:33:50.172000+00:00,2026-01-06 18:33:50.678490+00:00,230.172,0.695,0.69,0.7,0.305,0.3,0.31,231.0,22.66,22.66,353.0,0.68,364.0,0.71,280.0,0.29,290.0,0.32,374.0
2026-01-06 18:33:51.182000+00:00,2026-01-06 18:33:51.688272+00:00,231.182,0.695,0.69,0.7,0.305,0.3,0.31,289.0,152.22,55.22,136.0,0.68,350.0,0.71,324.0,0.29,394.0,0.32,262.0
2026-01-06 18:33:52.209000+00:00,2026-01-06 18:33:52.703782+00:00,232.209,0.695,0.69,0.7,0.305,0.3,0.31,136.0,33.55,33.55,136.0,0.68,196.0,0.71,555.0,0.29,555.0,0.32,196.0
2026-01-06 18:33:53.173000+00:00,2026-01-06 18:33:53.703304+00:00,233.173,0.695,0.69,0.7,0.305,0.3,0.31,188.66,33.55,33.55,188.66,0.68,106.0,0.71,625.0,0.29,625.0,0.32,106.0
2026-01-06 18:33:54.192000+00:00,2026-01-06 18:33:54.700369+00:00,234.192,0.69,0.68,0.7,0.31,0.3,0.32,85.0,409.55,355.55,110.0,0.67,281.47,0.71,744.0,0.29,749.0,0.33,103.47
2026-01-06 18:33:55.270000+00:00,2026-01-06 18:33:55.722208+00:00,235.27,0.695,0.69,0.7,0.305,0.3,0.31,50.0,145.55,449.55,15.0,0.68,285.0,0.71,876.0,0.29,938.0,0.32,242.0
2026-01-06 18:33:56.199000+00:00,2026-01-06 18:33:56.720074+00:00,236.199,0.67,0.66,0.68,0.335,0.33,0.34,5.0,417.0,50.0,5.0,0.65,147.69,0.69,467.0,0.32,377.0,0.35,147.69
2026-01-06 18:33:57.193000+00:00,2026-01-06 18:33:57.726444+00:00,237.193,0.665,0.66,0.67,0.33999999999999997,0.33,0.35,5.0,664.0,544.0,147.69,0.65,147.69,0.68,568.0,0.32,538.0,0.36,109.0
2026-01-06 18:33:58.216000+00:00,2026-01-06 18:33:58.724626+00:00,238.216,0.655,0.65,0.66,0.345,0.34,0.35,97.69,301.0,777.0,7.69,0.64,61.0,0.67,490.0,0.33,500.0,0.36,61.0
2026-01-06 18:33:59.209000+00:00,2026-01-06 18:33:59.725072+00:00,239.209,0.635,0.63,0.64,0.365,0.36,0.37,31.12,237.85,214.45,31.12,0.62,15.0,0.65,582.0,0.35,510.0,0.38,87.0
2026-01-06 18:34:00.217000+00:00,2026-01-06 18:34:00.728106+00:00,240.217,0.645,0.64,0.65,0.355,0.35,0.36,15.0,71.0,71.0,22.69,0.63,433.59,0.66,173.0,0.34,143.0,0.37,589.59
2026-01-06 18:34:01.214000+00:00,2026-01-06 18:34:01.719836+00:00,241.214,0.695,0.69,0.7,0.305,0.3,0.31,15.0,327.85,45.55,20.0,0.68,137.0,0.71,643.98,0.29,618.98,0.32,177.0
2026-01-06 18:34:02.226000+00:00,2026-01-06 18:34:02.710816+00:00,242.226,0.69,0.68,0.7,0.315,0.31,0.32,206.31,320.55,104.0,171.31,0.67,303.0,0.71,549.0,0.3,313.55,0.33,203.0
2026-01-06 18:34:03.195000+00:00,2026-01-06 18:34:03.710691+00:00,243.195,0.685,0.68,0.69,0.315,0.31,0.32,107.18,122.0,112.0,107.18,0.67,15.0,0.7,354.55,0.3,339.55,0.33,15.0
2026-01-06 18:34:04.305000+00:00,2026-01-06 18:34:04.726762+00:00,244.305,0.685,0.68,0.69,0.315,0.31,0.32,101.13,141.0,124.0,15.0,0.67,114.14,0.7,177.55,0.3,360.55,0.33,104.14
2026-01-06 18:34:05.218000+00:00,2026-01-06 18:34:05.740467+00:00,245.218,0.685,0.68,0.69,0.315,0.31,0.32,236.5,10.0,10.0,251.5,0.67,369.14,0.7,116.55,0.3,116.55,0.33,359.14
2026-01-06 18:34:06.214000+00:00,2026-01-06 18:34:06.744204+00:00,246.214,0.685,0.68,0.69,0.315,0.31,0.32,81.45,41.0,49.75,91.45,0.67,164.14,0.7,369.74,0.3,491.74,0.33,169.14
2026-01-06 18:34:07.208000+00:00,2026-01-06 18:34:07.754387+00:00,247.208,0.685,0.68,0.69,0.315,0.31,0.32,52.26,423.0,554.0,52.26,0.67,262.14,0.7,552.74,0.3,552.74,0.33,140.14
2026-01-06 18:34:08.225000+00:00,2026-01-06 18:34:08.758927+00:00,248.225,0.6799999999999999,0.67,0.69,0.325,0.32,0.33,86.14,502.0,18.0,66.1,0.66,68.0,0.7,552.74,0.31,487.0,0.34,38.0
2026-01-06 18:34:09.284000+00:00,2026-01-06 18:34:09.783650+00:00,249.284,0.675,0.67,0.68,0.325,0.32,0.33,5.1,643.0,633.0,5.1,0.66,20.0,0.69,413.0,0.31,413.0,0.34,20.0
2026-01-06 18:34:10.297000+00:00,2026-01-06 18:34:10.787786+00:00,250.297,0.66,0.65,0.67,0.33999999999999997,0.33,0.35,305.0,115.0,150.0,293.57,0.64,802.79,0.68,342.0,0.32,270.0,0.36,842.79
2026-01-06 18:34:11.313000+00:00,2026-01-06 18:34:11.803626+00:00,251.313,0.655,0.65,0.66,0.345,0.34,0.35,64.82,159.62,144.62,64.82,0.64,597.35,0.67,453.0,0.33,501.0,0.36,30.35
2026-01-06 18:34:12.260000+00:00,2026-01-06 18:34:12.805319+00:00,252.26,0.655,0.65,0.66,0.345,0.34,0.35,126.96,211.57,89.57,126.96,0.64,377.35,0.67,576.0,0.33,571.0,0.36,438.35
2026-01-06 18:34:13.314000+00:00,2026-01-06 18:34:13.820307+00:00,253.314,0.655,0.65,0.66,0.35,0.34,0.36,10.0,182.05,182.05,219.35,0.64,214.35,0.67,434.0,0.33,434.0,0.37,383.18
2026-01-06 18:34:14.269000+00:00,2026-01-06 18:34:14.819902+00:00,254.269,0.65,0.64,0.66,0.35,0.34,0.36,164.35,142.05,142.05,164.35,0.63,438.18,0.67,533.0,0.33,533.0,0.37,438.18
2026-01-06 18:34:15.265000+00:00,2026-01-06 18:34:15.820376+00:00,255.265,0.665,0.66,0.67,0.335,0.33,0.34,35.0,409.0,226.0,20.0,0.65,139.14,0.68,521.0,0.32,217.0,0.35,231.64
2026-01-06 18:34:16.299000+00:00,2026-01-06 18:34:16.821811+00:00,256.299,0.665,0.66,0.67,0.345,0.34,0.35,20.0,520.0,171.0,5.0,0.65,5.0,0.68,585.0,0.33,488.0,0.36,111.0
2026-01-06 18:34:17.271000+00:00,2026-01-06 18:34:17.834562+00:00,257.271,0.65,0.64,0.66,0.35,0.34,0.36,121.0,427.0,427.0,106.0,0.63,280.18,0.67,423.0,0.33,413.0,0.37,402.18
2026-01-06 18:34:18.289000+00:00,2026-01-06 18:34:18.837885+00:00,258.289,0.655,0.65,0.66,0.345,0.34,0.35,15.0,106.0,106.0,15.0,0.64,144.0,0.67,197.0,0.33,197.0,0.36,373.0
2026-01-06 18:34:19.317000+00:00,2026-01-06 18:34:19.852101+00:00,259.317,0.645,0.64,0.65,0.355,0.35,0.36,289.0,5.0,5.0,289.0,0.63,475.98,0.66,242.0,0.34,227.0,0.37,385.98
2026-01-06 18:34:20.323000+00:00,2026-01-06 18:34:20.858179+00:00,260.323,0.665,0.66,0.67,0.335,0.33,0.34,15.0,167.0,106.0,15.0,0.65,97.0,0.68,577.98,0.32,273.98,0.35,97.0
2026-01-06 18:34:21.409000+00:00,2026-01-06 18:34:21.858837+00:00,261.409,0.645,0.64,0.65,0.355,0.35,0.36,213.0,5.0,5.0,213.0,0.63,545.98,0.66,181.0,0.34,147.0,0.37,545.98
2026-01-06 18:34:22.393000+00:00,2026-01-06 18:34:22.869267+00:00,262.393,0.645,0.64,0.65,0.355,0.35,0.36,91.0,115.0,232.0,91.0,0.63,491.98,0.66,250.0,0.34,410.0,0.37,360.98
2026-01-06 18:34:23.319000+00:00,2026-01-06 18:34:23.876331+00:00,263.319,0.635,0.63,0.64,0.365,0.36,0.37,125.18,10.0,10.0,125.18,0.62,732.0,0.65,331.42,0.35,313.42,0.38,732.0
2026-01-06 18:34:24.361000+00:00,2026-01-06 18:34:24.877840+00:00,264.361,0.64,0.63,0.65,0.36,0.35,0.37,262.18,355.42,330.42,262.18,0.62,858.0,0.66,235.0,0.34,235.0,0.38,858.0
2026-01-06 18:34:25.365000+00:00,2026-01-06 18:34:25.878203+00:00,265.365,0.655,0.65,0.66,0.33,0.32,0.34,51.0,29.48,114.98,211.0,0.64,399.0,0.67,35.0,0.31,911.0,0.35,214.0
2026-01-06 18:34:26.370000+00:00,2026-01-06 18:34:26.885179+00:00,266.37,0.665,0.66,0.67,0.335,0.33,0.34,31.2,414.85,411.85,31.2,0.65,71.0,0.68,512.98,0.32,476.98,0.35,71.0
2026-01-06 18:34:27.388000+00:00,2026-01-06 18:34:27.891557+00:00,267.388,0.655,0.65,0.66,0.36,0.35,0.37,44.34,435.0,243.0,20.0,0.64,71.0,0.67,443.77,0.34,546.0,0.38,60.0
2026-01-06 18:34:28.507000+00:00,2026-01-06 18:34:28.904965+00:00,268.507,0.63,0.62,0.64,0.37,0.36,0.38,322.0,144.81,234.81,322.0,0.61,726.0,0.65,386.0,0.35,386.0,0.39,726.0
2026-01-06 18:34:29.405000+00:00,2026-01-06 18:34:29.921877+00:00,269.405,0.625,0.62,0.63,0.38,0.37,0.39,76.0,566.88,686.88,5.0,0.61,5.0,0.64,544.0,0.36,454.0,0.4,11.04
2026-01-06 18:34:30.424000+00:00,2026-01-06 18:34:30.938522+00:00,270.424,0.58,0.57,0.59,0.425,0.42,0.43,188.0,439.9,5.0,160.0,0.56,564.0,0.6,343.0,0.41,429.9,0.44,564.0
2026-01-06 18:34:31.423000+00:00,2026-01-06 18:34:31.938356+00:00,271.423,0.565,0.56,0.57,0.435,0.43,0.44,476.97,37.09,193.68,363.24,0.55,190.0,0.58,276.82,0.42,276.82,0.45,195.0
2026-01-06 18:34:32.141000+00:00,2026-01-06 18:34:32.932862+00:00,272.141,0.565,0.56,0.57,0.435,0.43,0.44,363.24,175.04,168.38,363.24,0.55,378.0,0.58,88.82,0.42,93.82,0.45,360.0
2026-01-06 18:34:33.396000+00:00,2026-01-06 18:34:33.924626+00:00,273.396,0.565,0.56,0.57,0.435,0.43,0.44,363.24,153.38,233.38,363.24,0.55,342.0,0.58,147.82,0.42,127.82,0.45,242.0
2026-01-06 18:34:34.225000+00:00,2026-01-06 18:34:34.935101+00:00,274.225,0.555,0.55,0.56,0.445,0.44,0.45,136.0,187.95,126.95,115.0,0.54,963.97,0.57,313.8,0.43,172.0,0.46,592.97
2026-01-06 18:34:35.432000+00:00,2026-01-06 18:34:35.949566+00:00,275.432,0.585,0.58,0.59,0.415,0.41,0.42,25.0,24.81,4.81,183.0,0.57,482.0,0.6,223.0,0.39,283.0,0.43,311.0
2026-01-06 18:34:36.460000+00:00,2026-01-06 18:34:36.965656+00:00,276.46,0.6,0.59,0.61,0.4,0.39,0.41,171.0,188.34,188.34,164.46,0.58,249.0,0.62,127.0,0.38,127.0,0.42,249.0
2026-01-06 18:34:37.481000+00:00,2026-01-06 18:34:37.983565+00:00,277.481,0.615,0.61,0.62,0.385,0.38,0.39,82.84,50.0,50.0,82.84,0.6,273.0,0.63,278.0,0.37,283.0,0.4,273.0
2026-01-06 18:34:38.494000+00:00,2026-01-06 18:34:38.999574+00:00,278.494,0.615,0.61,0.62,0.385,0.38,0.39,82.84,175.33,215.33,82.84,0.6,90.0,0.63,445.0,0.37,445.0,0.4,45.0
2026-01-06 18:34:39.434000+00:00,2026-01-06 18:34:40.005904+00:00,279.434,0.615,0.61,0.62,0.385,0.38,0.39,82.84,170.33,175.33,82.84,0.6,161.0,0.63,501.0,0.37,501.0,0.4,161.0
2026-01-06 18:34:40.611000+00:00,2026-01-06 18:34:41.010753+00:00,280.611,0.605,0.6,0.61,0.39,0.38,0.4,147.0,90.0,254.33,192.0,0.59,710.46,0.62,198.33,0.37,423.0,0.41,698.46
2026-01-06 18:34:41.422000+00:00,2026-01-06 18:34:42.059515+00:00,281.422,0.61,0.6,0.62,0.39,0.38,0.4,192.0,193.33,193.33,192.0,0.59,698.46,0.63,423.0,0.37,423.0,0.41,768.46
2026-01-06 18:34:42.527000+00:00,2026-01-06 18:34:43.094050+00:00,282.527,0.605,0.6,0.61,0.395,0.39,0.4,71.0,146.0,216.18,71.0,0.59,818.46,0.62,155.33,0.38,248.33,0.41,800.46
2026-01-06 18:34:43.560000+00:00,2026-01-06 18:34:44.106247+00:00,283.56,0.605,0.6,0.61,0.395,0.39,0.4,35.0,307.0,307.0,35.0,0.59,474.0,0.62,372.33,0.38,372.33,0.41,474.0
2026-01-06 18:34:44.588000+00:00,2026-01-06 18:34:45.119682+00:00,284.588,0.595,0.59,0.6,0.405,0.4,0.41,38.0,195.0,195.0,38.0,0.58,121.0,0.61,256.0,0.39,256.0,0.42,121.0
2026-01-06 18:34:45.626000+00:00,2026-01-06 18:34:46.116419+00:00,285.626,0.58,0.57,0.59,0.42,0.41,0.43,693.0,140.0,160.0,687.23,0.56,571.0,0.6,224.33,0.4,206.0,0.44,571.0
2026-01-06 18:34:46.630000+00:00,2026-01-06 18:34:47.124533+00:00,286.63,0.575,0.57,0.58,0.425,0.42,0.43,652.23,110.0,123.0,10.0,0.56,500.0,0.59,167.96,0.41,463.96,0.44,367.0
2026-01-06 18:34:47.594000+00:00,2026-01-06 18:34:48.126482+00:00,287.594,0.575,0.57,0.58,0.425,0.42,0.43,10.0,228.0,228.0,10.0,0.56,85.0,0.59,261.96,0.41,261.96,0.44,85.0
2026-01-06 18:34:48.395000+00:00,2026-01-06 18:34:49.151103+00:00,288.395,0.575,0.57,0.58,0.425,0.42,0.43,10.0,188.0,188.0,10.0,0.56,85.0,0.59,286.96,0.41,356.96,0.44,85.0
2026-01-06 18:34:49.577000+00:00,2026-01-06 18:34:50.160940+00:00,289.577,0.575,0.57,0.58,0.425,0.42,0.43,7.0,180.0,180.0,7.0,0.56,116.0,0.59,539.96,0.41,539.96,0.44,116.0
2026-01-06 18:34:50.701000+00:00,2026-01-06 18:34:51.172249+00:00,290.701,0.565,0.56,0.57,0.435,0.43,0.44,15.91,105.0,110.0,15.91,0.55,640.0,0.58,185.0,0.42,373.0,0.45,640.0
2026-01-06 18:34:51.668000+00:00,2026-01-06 18:34:52.185451+00:00,291.668,0.545,0.54,0.55,0.455,0.45,0.46,19.23,185.0,417.0,19.23,0.53,528.98,0.56,406.0,0.44,357.0,0.47,449.0
2026-01-06 18:34:52.618000+00:00,2026-01-06 18:34:53.188044+00:00,292.618,0.54,0.53,0.55,0.45999999999999996,0.45,0.47,518.0,384.0,384.0,518.0,0.52,91.0,0.56,429.0,0.44,429.0,0.48,91.0
2026-01-06 18:34:53.656000+00:00,2026-01-06 18:34:54.190145+00:00,293.656,0.535,0.53,0.54,0.46499999999999997,0.46,0.47,455.0,384.09,425.09,455.0,0.52,80.0,0.55,398.0,0.45,377.0,0.48,80.0
2026-01-06 18:34:54.710000+00:00,2026-01-06 18:34:55.205605+00:00,294.71,0.535,0.53,0.54,0.46499999999999997,0.46,0.47,837.0,161.0,176.0,862.0,0.52,405.0,0.55,71.0,0.45,71.0,0.48,493.0
2026-01-06 18:34:55.666000+00:00,2026-01-06 18:34:56.215736+00:00,295.666,0.535,0.53,0.54,0.46499999999999997,0.46,0.47,928.0,71.0,71.0,992.0,0.52,502.7,0.55,6.0,0.45,6.0,0.48,592.7
2026-01-06 18:34:56.785000+00:00,2026-01-06 18:34:57.222840+00:00,296.785,0.555,0.55,0.56,0.445,0.44,0.45,439.0,6.27,6.27,433.0,0.54,388.0,0.57,155.0,0.43,155.0,0.46,388.0
2026-01-06 18:34:57.712000+00:00,2026-01-06 18:34:58.223759+00:00,297.712,0.575,0.57,0.58,0.425,0.42,0.43,5.0,161.46,156.46,10.0,0.56,241.0,0.59,298.94,0.41,303.94,0.44,248.0
2026-01-06 18:34:58.659000+00:00,2026-01-06 18:34:59.231007+00:00,298.659,0.575,0.57,0.58,0.425,0.42,0.43,261.0,12.46,12.46,261.0,0.56,380.0,0.59,127.96,0.41,127.96,0.44,470.0
2026-01-06 18:34:59.728000+00:00,2026-01-06 18:35:00.242319+00:00,299.728,0.565,0.56,0.57,0.435,0.43,0.44,100.0,241.0,241.0,100.0,0.55,499.0,0.58,316.0,0.42,316.0,0.45,692.0
2026-01-06 18:35:00.728000+00:00,2026-01-06 18:35:01.255770+00:00,300.728,0.565,0.56,0.57,0.435,0.43,0.44,7.0,240.0,240.0,7.0,0.55,590.0,0.58,394.0,0.42,394.0,0.45,590.0
2026-01-06 18:35:01.760000+00:00,2026-01-06 18:35:02.250781+00:00,301.76,0.565,0.56,0.57,0.425,0.42,0.43,159.0,5.0,183.0,162.0,0.55,851.0,0.58,209.0,0.41,368.22,0.44,340.0
2026-01-06 18:35:02.761000+00:00,2026-01-06 18:35:03.266842+00:00,302.761,0.585,0.58,0.59,0.415,0.41,0.42,160.0,71.0,71.0,178.0,0.57,453.0,0.6,126.0,0.4,126.0,0.43,453.0
2026-01-06 18:35:03.765000+00:00,2026-01-06 18:35:04.264394+00:00,303.765,0.595,0.59,0.6,0.405,0.4,0.41,71.0,339.0,382.0,71.0,0.57,283.0,0.61,359.0,0.39,359.0,0.43,254.0
2026-01-06 18:35:04.781000+00:00,2026-01-06 18:35:05.270575+00:00,304.781,0.575,0.57,0.58,0.425,0.42,0.43,23.0,228.0,151.01,8.0,0.56,19.0,0.59,446.0,0.41,231.0,0.44,24.0
2026-01-06 18:35:05.751000+00:00,2026-01-06 18:35:06.286743+00:00,305.751,0.5700000000000001,0.56,0.58,0.43,0.42,0.44,7.63,228.38,228.38,7.63,0.55,889.0,0.59,210.0,0.41,210.0,0.45,889.0
2026-01-06 18:35:06.763000+00:00,2026-01-06 18:35:07.302503+00:00,306.763,0.5700000000000001,0.56,0.58,0.43,0.42,0.44,27.62,218.38,218.38,27.62,0.55,930.45,0.59,210.0,0.41,195.0,0.45,930.45
2026-01-06 18:35:07.759000+00:00,2026-01-06 18:35:08.317434+00:00,307.759,0.565,0.56,0.57,0.435,0.43,0.44,31.52,5.0,5.0,46.52,0.55,954.45,0.58,453.74,0.42,442.74,0.45,686.45
2026-01-06 18:35:08.757000+00:00,2026-01-06 18:35:09.318872+00:00,308.757,0.555,0.55,0.56,0.445,0.44,0.45,599.0,488.48,488.48,599.0,0.54,448.0,0.57,109.99,0.43,109.99,0.46,443.0
2026-01-06 18:35:09.758000+00:00,2026-01-06 18:35:10.319126+00:00,309.758,0.555,0.55,0.56,0.445,0.44,0.45,617.0,468.48,488.48,599.0,0.54,530.45,0.57,5.0,0.43,109.99,0.46,548.45
2026-01-06 18:35:10.762000+00:00,2026-01-06 18:35:11.332961+00:00,310.762,0.555,0.55,0.56,0.445,0.44,0.45,802.0,488.48,488.48,802.0,0.54,596.0,0.57,198.99,0.43,234.99,0.46,560.0
2026-01-06 18:35:12.615000+00:00,2026-01-06 18:35:13.358988+00:00,312.615,0.555,0.55,0.56,0.445,0.44,0.45,494.0,614.48,614.48,494.0,0.54,510.0,0.57,393.99,0.43,393.99,0.46,510.0
2026-01-06 18:35:13.890000+00:00,2026-01-06 18:35:14.375384+00:00,313.89,0.555,0.55,0.56,0.425,0.41,0.44,1062.82,539.48,5.0,15.0,0.54,617.1,0.57,71.0,0.4,153.0,0.45,1117.82
2026-01-06 18:35:14.853000+00:00,2026-01-06 18:35:15.384600+00:00,314.853,0.615,0.61,0.62,0.385,0.38,0.39,20.0,85.0,35.0,53.0,0.6,119.72,0.63,203.99,0.37,218.99,0.4,79.72
2026-01-06 18:35:15.881000+00:00,2026-01-06 18:35:16.387040+00:00,315.881,0.635,0.63,0.64,0.365,0.36,0.37,121.0,40.0,40.0,146.0,0.62,147.0,0.65,213.99,0.35,155.99,0.38,147.0
2026-01-06 18:35:16.899000+00:00,2026-01-06 18:35:17.407786+00:00,316.899,0.64,0.63,0.65,0.36,0.35,0.37,101.0,165.74,150.74,101.0,0.62,238.0,0.66,732.0,0.34,732.0,0.38,238.0
2026-01-06 18:35:17.907000+00:00,2026-01-06 18:35:18.414801+00:00,317.907,0.645,0.64,0.65,0.355,0.35,0.36,65.0,35.0,25.0,78.0,0.63,239.0,0.66,28.0,0.34,10.0,0.37,318.0
2026-01-06 18:35:18.820000+00:00,2026-01-06 18:35:19.417056+00:00,318.82,0.655,0.65,0.66,0.345,0.34,0.35,15.0,95.0,80.0,15.0,0.64,53.0,0.67,199.99,0.33,214.99,0.36,53.0
2026-01-06 18:35:19.926000+00:00,2026-01-06 18:35:20.435671+00:00,319.926,0.665,0.66,0.67,0.33,0.32,0.34,3.35,35.0,193.2,89.35,0.65,258.2,0.68,210.0,0.31,548.0,0.35,263.2
2026-01-06 18:35:20.945000+00:00,2026-01-06 18:35:21.447004+00:00,320.945,0.6799999999999999,0.67,0.69,0.32,0.31,0.33,80.0,163.99,163.99,80.0,0.66,331.35,0.7,256.0,0.3,195.0,0.34,140.35
2026-01-06 18:35:22.944000+00:00,2026-01-06 18:35:23.468596+00:00,322.944,0.715,0.71,0.72,0.28500000000000003,0.28,0.29,67.0,28.0,28.0,138.0,0.7,91.0,0.73,217.99,0.27,199.99,0.3,213.0
2026-01-06 18:35:23.953000+00:00,2026-01-06 18:35:24.473847+00:00,323.953,0.715,0.71,0.72,0.28500000000000003,0.28,0.29,71.0,96.53,96.53,71.0,0.7,114.7,0.73,188.0,0.27,278.0,0.3,114.7
2026-01-06 18:35:24.960000+00:00,2026-01-06 18:35:25.474300+00:00,324.96,0.695,0.69,0.7,0.305,0.3,0.31,149.16,19.35,19.35,154.16,0.68,888.0,0.71,97.0,0.28,200.88,0.32,996.0
2026-01-06 18:35:25.981000+00:00,2026-01-06 18:35:26.478483+00:00,325.981,0.695,0.69,0.7,0.295,0.29,0.3,96.09,0.1,254.0,123.0,0.68,308.0,0.71,254.0,0.28,374.0,0.31,52.21
2026-01-06 18:35:26.966000+00:00,2026-01-06 18:35:27.489177+00:00,326.966,0.705,0.7,0.71,0.28500000000000003,0.28,0.29,409.4,30.89,35.0,71.0,0.69,988.21,0.73,86.0,0.27,96.0,0.3,494.76
2026-01-06 18:35:28.017000+00:00,2026-01-06 18:35:28.484435+00:00,328.017,0.725,0.72,0.73,0.275,0.27,0.28,152.0,106.0,71.0,91.0,0.71,453.0,0.74,120.0,0.25,671.0,0.29,488.0
2026-01-06 18:35:29.006000+00:00,2026-01-06 18:35:29.511768+00:00,329.006,0.725,0.72,0.73,0.275,0.27,0.28,71.0,219.0,165.0,71.0,0.71,435.0,0.74,195.0,0.26,302.0,0.29,435.0
2026-01-06 18:35:30.037000+00:00,2026-01-06 18:35:30.535597+00:00,330.037,0.705,0.7,0.71,0.275,0.27,0.28,294.14,128.94,35.0,15.0,0.69,837.11,0.72,5.0,0.26,357.0,0.29,20.0
2026-01-06 18:35:31.055000+00:00,2026-01-06 18:35:31.549042+00:00,331.055,0.715,0.71,0.72,0.275,0.27,0.28,15.0,40.0,17.72,137.0,0.7,329.14,0.73,33.0,0.26,247.0,0.29,159.7
2026-01-06 18:35:32.065000+00:00,2026-01-06 18:35:32.562789+00:00,332.065,0.755,0.75,0.76,0.245,0.24,0.25,51.0,287.98,160.0,66.0,0.74,223.0,0.77,228.0,0.23,278.0,0.26,185.0
2026-01-06 18:35:33.024000+00:00,2026-01-06 18:35:33.571704+00:00,333.024,0.755,0.75,0.76,0.245,0.24,0.25,71.0,75.44,75.44,20.0,0.74,117.2,0.77,246.0,0.23,336.0,0.26,117.2
2026-01-06 18:35:34.080000+00:00,2026-01-06 18:35:34.580445+00:00,334.08,0.755,0.75,0.76,0.25,0.24,0.26,5.0,260.78,324.78,345.45,0.74,366.65,0.77,136.0,0.23,432.0,0.27,279.0
2026-01-06 18:35:35.040000+00:00,2026-01-06 18:35:35.589948+00:00,335.04,0.755,0.75,0.76,0.235,0.23,0.24,165.0,20.0,71.0,66.0,0.74,461.45,0.77,71.0,0.22,94.0,0.25,297.0
2026-01-06 18:35:36.104000+00:00,2026-01-06 18:35:36.615317+00:00,336.104,0.765,0.76,0.77,0.235,0.23,0.24,108.86,69.34,64.34,179.86,0.75,297.0,0.78,89.0,0.22,94.0,0.25,317.2
2026-01-06 18:35:37.153000+00:00,2026-01-06 18:35:37.628143+00:00,337.153,0.765,0.76,0.77,0.245,0.24,0.25,132.88,357.89,60.0,76.0,0.75,71.0,0.78,422.0,0.23,383.89,0.26,35.0
2026-01-06 18:35:38.106000+00:00,2026-01-06 18:35:38.638771+00:00,338.106,0.755,0.75,0.76,0.245,0.24,0.25,65.92,111.25,106.25,65.92,0.74,65.0,0.77,253.0,0.23,258.0,0.26,65.0
2026-01-06 18:35:39.038000+00:00,2026-01-06 18:35:39.656274+00:00,339.038,0.755,0.75,0.76,0.245,0.24,0.25,5.0,96.99,96.99,85.0,0.74,142.0,0.77,343.0,0.23,343.0,0.26,212.0
2026-01-06 18:35:40.153000+00:00,2026-01-06 18:35:40.667784+00:00,340.153,0.755,0.75,0.76,0.245,0.24,0.25,80.0,126.99,101.99,80.0,0.74,100.0,0.77,409.0,0.23,409.0,0.26,100.0
2026-01-06 18:35:41.137000+00:00,2026-01-06 18:35:41.666403+00:00,341.137,0.745,0.74,0.75,0.255,0.25,0.26,180.0,109.99,114.99,180.0,0.73,268.0,0.76,356.69,0.24,341.69,0.27,268.0
2026-01-06 18:35:42.163000+00:00,2026-01-06 18:35:42.683439+00:00,342.163,0.74,0.73,0.75,0.26,0.25,0.27,149.5,128.47,128.47,154.5,0.72,217.7,0.76,367.69,0.24,457.69,0.28,292.7
2026-01-06 18:35:43.144000+00:00,2026-01-06 18:35:43.698958+00:00,343.144,0.735,0.73,0.74,0.265,0.26,0.27,58.0,119.19,119.19,58.0,0.72,217.7,0.75,78.47,0.25,78.47,0.28,217.7
2026-01-06 18:35:44.211000+00:00,2026-01-06 18:35:44.699645+00:00,344.211,0.735,0.73,0.74,0.26,0.25,0.27,527.5,13.33,129.98,583.5,0.72,183.0,0.75,129.98,0.24,899.0,0.28,324.0
2026-01-06 18:35:45.179000+00:00,2026-01-06 18:35:45.699543+00:00,345.179,0.745,0.74,0.75,0.255,0.25,0.26,5.0,115.0,115.0,10.0,0.73,503.5,0.76,899.0,0.24,899.0,0.27,507.0
2026-01-06 18:35:46.212000+00:00,2026-01-06 18:35:46.716320+00:00,346.212,0.745,0.74,0.75,0.255,0.25,0.26,370.0,5.0,5.0,370.0,0.73,409.0,0.76,71.0,0.24,96.0,0.27,470.0
2026-01-06 18:35:47.214000+00:00,2026-01-06 18:35:47.718840+00:00,347.214,0.775,0.77,0.78,0.225,0.22,0.23,110.0,112.76,112.76,110.0,0.76,64.98,0.79,768.0,0.21,728.0,0.24,64.98
2026-01-06 18:35:48.192000+00:00,2026-01-06 18:35:48.732654+00:00,348.192,0.76,0.75,0.77,0.24,0.23,0.25,273.4,113.0,108.0,273.4,0.74,115.0,0.78,318.21,0.22,343.2,0.26,115.0
2026-01-06 18:35:49.169000+00:00,2026-01-06 18:35:49.733630+00:00,349.169,0.76,0.75,0.77,0.24,0.23,0.25,269.0,101.59,101.59,269.0,0.74,107.0,0.78,145.2,0.22,275.2,0.26,107.0
2026-01-06 18:35:50.226000+00:00,2026-01-06 18:35:50.746575+00:00,350.226,0.745,0.74,0.75,0.255,0.25,0.26,15.0,90.0,90.0,15.0,0.73,123.0,0.76,238.25,0.24,238.25,0.27,135.82
2026-01-06 18:35:51.262000+00:00,2026-01-06 18:35:51.763738+00:00,351.262,0.745,0.74,0.75,0.255,0.25,0.26,4.0,85.0,85.0,9.0,0.73,305.02,0.76,229.25,0.24,168.25,0.27,305.02
2026-01-06 18:35:52.277000+00:00,2026-01-06 18:35:52.784197+00:00,352.277,0.745,0.74,0.75,0.25,0.24,0.26,5.0,5.0,910.6,171.0,0.73,277.91,0.76,999.26,0.23,577.0,0.27,259.91
2026-01-06 18:35:53.271000+00:00,2026-01-06 18:35:53.789146+00:00,353.271,0.745,0.74,0.75,0.26,0.25,0.27,5.0,106.8,88.8,376.89,0.73,389.89,0.76,725.45,0.24,725.45,0.28,497.0
2026-01-06 18:35:54.275000+00:00,2026-01-06 18:35:54.793328+00:00,354.275,0.735,0.73,0.74,0.265,0.26,0.27,140.91,65.01,75.01,140.91,0.72,477.0,0.75,202.0,0.25,202.0,0.28,477.0
2026-01-06 18:35:55.297000+00:00,2026-01-06 18:35:55.802689+00:00,355.297,0.735,0.73,0.74,0.265,0.26,0.27,262.69,5.0,252.01,97.82,0.72,236.7,0.75,494.77,0.25,478.0,0.28,139.0
2026-01-06 18:35:56.283000+00:00,2026-01-06 18:35:56.815308+00:00,356.283,0.735,0.73,0.74,0.265,0.26,0.27,183.98,1054.25,1000.0,226.98,0.72,219.0,0.75,166.0,0.25,71.0,0.28,152.0
2026-01-06 18:35:57.271000+00:00,2026-01-06 18:35:57.819228+00:00,357.271,0.735,0.73,0.74,0.265,0.26,0.27,265.98,995.0,995.0,240.98,0.72,349.0,0.75,71.0,0.25,71.0,0.28,349.0
2026-01-06 18:35:58.333000+00:00,2026-01-06 18:35:58.825190+00:00,358.333,0.735,0.73,0.74,0.265,0.26,0.27,430.98,954.09,954.09,425.98,0.72,199.0,0.75,20.0,0.25,20.0,0.28,333.3
2026-01-06 18:35:59.335000+00:00,2026-01-06 18:35:59.849432+00:00,359.335,0.735,0.73,0.74,0.265,0.26,0.27,466.98,828.35,828.35,466.98,0.72,369.0,0.75,20.0,0.25,20.0,0.28,369.0
2026-01-06 18:36:00.341000+00:00,2026-01-06 18:36:00.850366+00:00,360.341,0.735,0.73,0.74,0.265,0.26,0.27,506.87,828.35,828.35,506.87,0.72,802.1,0.75,20.0,0.25,20.0,0.28,802.1
2026-01-06 18:36:01.367000+00:00,2026-01-06 18:36:01.850588+00:00,361.367,0.735,0.73,0.74,0.265,0.26,0.27,919.87,589.55,589.55,955.87,0.72,373.0,0.75,20.0,0.25,20.0,0.28,355.0
2026-01-06 18:36:02.337000+00:00,2026-01-06 18:36:02.855113+00:00,362.337,0.735,0.73,0.74,0.265,0.26,0.27,942.87,584.55,262.97,965.87,0.72,463.0,0.75,20.0,0.25,20.0,0.28,440.0
2026-01-06 18:36:03.344000+00:00,2026-01-06 18:36:03.861645+00:00,363.344,0.755,0.75,0.76,0.245,0.24,0.25,172.0,1.99,75.99,202.0,0.74,39.75,0.77,120.0,0.23,78.0,0.26,46.75
2026-01-06 18:36:04.356000+00:00,2026-01-06 18:36:04.863618+00:00,364.356,0.755,0.75,0.76,0.245,0.24,0.25,33.0,64.42,89.42,33.0,0.74,174.75,0.77,218.0,0.23,218.0,0.26,174.75
2026-01-06 18:36:05.409000+00:00,2026-01-06 18:36:05.880701+00:00,365.409,0.745,0.74,0.75,0.255,0.25,0.26,64.99,66.14,66.14,64.99,0.73,737.57,0.76,253.0,0.24,253.0,0.27,737.57
2026-01-06 18:36:06.417000+00:00,2026-01-06 18:36:06.898295+00:00,366.417,0.75,0.74,0.76,0.25,0.24,0.26,91.68,163.0,140.0,96.68,0.73,634.57,0.77,340.0,0.23,322.0,0.27,619.57
2026-01-06 18:36:07.384000+00:00,2026-01-06 18:36:07.887033+00:00,367.384,0.75,0.74,0.76,0.25,0.24,0.26,96.68,140.0,140.0,96.68,0.73,637.57,0.77,304.0,0.23,304.0,0.27,637.57
2026-01-06 18:36:08.378000+00:00,2026-01-06 18:36:08.895203+00:00,368.378,0.755,0.75,0.76,0.245,0.24,0.25,15.0,121.2,104.06,30.0,0.74,195.0,0.77,253.0,0.23,250.0,0.26,200.0
2026-01-06 18:36:09.382000+00:00,2026-01-06 18:36:09.900443+00:00,369.382,0.755,0.75,0.76,0.245,0.24,0.25,10.0,1005.8,1136.85,45.89,0.73,367.8,0.77,539.0,0.23,492.0,0.26,84.03
2026-01-06 18:36:10.439000+00:00,2026-01-06 18:36:10.911859+00:00,370.439,0.735,0.73,0.74,0.265,0.26,0.27,100.49,208.86,203.86,100.49,0.72,401.07,0.75,257.0,0.25,257.0,0.28,406.07
2026-01-06 18:36:11.373000+00:00,2026-01-06 18:36:11.929003+00:00,371.373,0.735,0.73,0.74,0.265,0.26,0.27,214.49,5.0,5.0,214.49,0.72,495.01,0.75,398.99,0.25,366.99,0.28,495.01
2026-01-06 18:36:12.462000+00:00,2026-01-06 18:36:12.931917+00:00,372.462,0.74,0.73,0.75,0.26,0.25,0.27,238.49,391.99,391.99,238.49,0.72,565.01,0.76,696.0,0.24,696.0,0.28,565.01
2026-01-06 18:36:13.430000+00:00,2026-01-06 18:36:13.939018+00:00,373.43,0.74,0.73,0.75,0.26,0.25,0.27,223.49,235.66,235.66,243.49,0.72,560.01,0.76,640.0,0.24,625.0,0.28,560.01
2026-01-06 18:36:14.374000+00:00,2026-01-06 18:36:14.944670+00:00,374.374,0.74,0.73,0.75,0.26,0.25,0.27,243.49,144.99,144.99,243.49,0.72,560.01,0.76,715.0,0.24,715.0,0.28,560.01
2026-01-06 18:36:15.433000+00:00,2026-01-06 18:36:15.960947+00:00,375.433,0.74,0.73,0.75,0.275,0.27,0.28,243.49,144.99,756.51,653.01,0.72,743.01,0.76,715.0,0.26,23.0,0.29,850.0
2026-01-06 18:36:16.450000+00:00,2026-01-06 18:36:16.957299+00:00,376.45,0.725,0.72,0.73,0.275,0.27,0.28,760.01,695.03,695.03,851.93,0.71,845.0,0.75,71.0,0.24,71.0,0.29,607.0
2026-01-06 18:36:17.469000+00:00,2026-01-06 18:36:17.973796+00:00,377.469,0.745,0.74,0.75,0.255,0.25,0.26,76.0,36.0,41.0,76.0,0.73,43.91,0.76,103.0,0.24,73.0,0.27,168.91
2026-01-06 18:36:18.443000+00:00,2026-01-06 18:36:18.973620+00:00,378.443,0.745,0.74,0.75,0.255,0.25,0.26,15.0,41.0,41.0,15.0,0.73,173.91,0.76,121.0,0.24,201.0,0.27,173.91
2026-01-06 18:36:19.437000+00:00,2026-01-06 18:36:19.977858+00:00,379.437,0.755,0.75,0.76,0.245,0.24,0.25,15.0,65.86,70.86,15.0,0.74,25.0,0.77,251.0,0.23,246.0,0.26,25.0
2026-01-06 18:36:20.486000+00:00,2026-01-06 18:36:20.997335+00:00,380.486,0.755,0.75,0.76,0.245,0.24,0.25,68.0,18.0,18.0,68.0,0.74,226.0,0.77,206.0,0.23,206.0,0.26,226.0
2026-01-06 18:36:21.589000+00:00,2026-01-06 18:36:22.020198+00:00,381.589,0.755,0.75,0.76,0.245,0.24,0.25,63.0,23.0,23.0,68.0,0.74,99.0,0.77,201.0,0.23,186.0,0.26,99.0
2026-01-06 18:36:22.530000+00:00,2026-01-06 18:36:23.051749+00:00,382.53,0.755,0.75,0.76,0.245,0.24,0.25,73.0,46.05,46.05,73.0,0.74,189.0,0.77,181.0,0.23,201.0,0.26,189.0
2026-01-06 18:36:23.525000+00:00,2026-01-06 18:36:24.050638+00:00,383.525,0.755,0.75,0.76,0.245,0.24,0.25,101.0,185.0,239.0,101.0,0.74,115.0,0.77,195.0,0.23,231.0,0.26,30.0
2026-01-06 18:36:24.551000+00:00,2026-01-06 18:36:25.060663+00:00,384.551,0.755,0.75,0.76,0.245,0.24,0.25,10.0,165.0,165.0,10.0,0.74,15.0,0.77,176.0,0.23,176.0,0.26,15.0
2026-01-06 18:36:25.565000+00:00,2026-01-06 18:36:26.061419+00:00,385.565,0.75,0.74,0.76,0.25,0.24,0.26,79.0,162.03,187.03,79.0,0.73,803.11,0.77,140.0,0.23,158.0,0.27,803.11
2026-01-06 18:36:26.502000+00:00,2026-01-06 18:36:27.051492+00:00,386.502,0.745,0.74,0.75,0.255,0.25,0.26,5.0,138.6,143.6,5.0,0.73,655.05,0.76,131.0,0.24,126.0,0.27,621.05
2026-01-06 18:36:27.543000+00:00,2026-01-06 18:36:28.065586+00:00,387.543,0.745,0.74,0.75,0.255,0.25,0.26,14.34,64.54,64.54,14.34,0.73,690.05,0.76,208.0,0.24,208.0,0.27,690.05
2026-01-06 18:36:28.547000+00:00,2026-01-06 18:36:29.062887+00:00,388.547,0.745,0.74,0.75,0.26,0.25,0.27,41.0,145.0,175.0,207.11,0.73,653.11,0.76,170.0,0.24,310.0,0.28,569.46
2026-01-06 18:36:29.397000+00:00,2026-01-06 18:36:30.061735+00:00,389.397,0.735,0.73,0.74,0.265,0.26,0.27,135.11,185.0,185.0,135.11,0.72,395.4,0.75,93.0,0.25,93.0,0.28,395.4
2026-01-06 18:36:30.558000+00:00,2026-01-06 18:36:31.072090+00:00,390.558,0.725,0.72,0.73,0.275,0.27,0.28,232.46,346.0,435.0,232.46,0.7,42.14,0.74,719.0,0.26,621.0,0.29,5.0
2026-01-06 18:36:31.576000+00:00,2026-01-06 18:36:32.079094+00:00,391.576,0.715,0.71,0.72,0.28500000000000003,0.28,0.29,14.98,276.0,251.0,14.98,0.7,186.11,0.73,231.0,0.27,249.0,0.3,168.11
2026-01-06 18:36:32.572000+00:00,2026-01-06 18:36:33.091771+00:00,392.572,0.715,0.71,0.72,0.295,0.29,0.3,4.91,395.0,165.0,37.1,0.7,42.1,0.73,436.0,0.28,361.0,0.31,726.2
2026-01-06 18:36:33.409000+00:00,2026-01-06 18:36:34.097463+00:00,393.409,0.705,0.7,0.71,0.295,0.29,0.3,37.1,316.0,316.0,42.1,0.69,181.2,0.72,159.0,0.28,159.0,0.31,176.2
2026-01-06 18:36:34.573000+00:00,2026-01-06 18:36:35.096653+00:00,394.573,0.705,0.7,0.71,0.295,0.29,0.3,132.11,186.0,186.0,137.11,0.69,119.2,0.72,211.0,0.28,211.0,0.31,119.2
2026-01-06 18:36:35.600000+00:00,2026-01-06 18:36:36.098892+00:00,395.6,0.705,0.7,0.71,0.295,0.29,0.3,37.1,509.0,716.0,37.1,0.69,14.99,0.72,567.0,0.28,1119.0,0.31,14.99
2026-01-06 18:36:36.611000+00:00,2026-01-06 18:36:37.112094+00:00,396.611,0.675,0.67,0.68,0.325,0.32,0.33,58.46,303.0,413.0,36.03,0.66,20.0,0.69,499.0,0.31,499.0,0.34,20.0
2026-01-06 18:36:37.661000+00:00,2026-01-06 18:36:38.130115+00:00,397.661,0.63,0.62,0.64,0.37,0.36,0.38,219.72,337.37,455.79,224.72,0.61,43.0,0.65,57.0,0.35,118.0,0.39,43.0
2026-01-06 18:36:38.600000+00:00,2026-01-06 18:36:39.146751+00:00,398.6,0.63,0.62,0.64,0.375,0.37,0.38,93.72,433.79,130.0,15.61,0.61,138.0,0.65,172.0,0.36,385.9,0.39,178.0
2026-01-06 18:36:39.600000+00:00,2026-01-06 18:36:40.161035+00:00,399.6,0.625,0.62,0.63,0.375,0.37,0.38,70.0,171.66,171.66,75.0,0.61,572.0,0.64,203.89,0.36,81.0,0.39,572.0
2026-01-06 18:36:40.653000+00:00,2026-01-06 18:36:41.164591+00:00,400.653,0.63,0.62,0.64,0.365,0.36,0.37,712.0,236.92,37.92,5.0,0.61,424.0,0.65,262.0,0.35,287.0,0.38,674.0
2026-01-06 18:36:41.581000+00:00,2026-01-06 18:36:42.162533+00:00,401.581,0.635,0.63,0.64,0.365,0.36,0.37,15.0,37.92,42.92,15.0,0.62,655.86,0.65,423.0,0.35,423.0,0.38,638.86
2026-01-06 18:36:42.681000+00:00,2026-01-06 18:36:43.163930+00:00,402.681,0.635,0.63,0.64,0.365,0.36,0.37,15.0,37.92,42.92,15.0,0.62,638.86,0.65,508.0,0.35,508.0,0.38,638.86
2026-01-06 18:36:43.644000+00:00,2026-01-06 18:36:44.164338+00:00,403.644,0.635,0.63,0.64,0.365,0.36,0.37,15.0,37.92,37.92,15.0,0.62,638.86,0.65,330.0,0.35,330.0,0.38,656.86
2026-01-06 18:36:44.605000+00:00,2026-01-06 18:36:45.184174+00:00,404.605,0.635,0.63,0.64,0.365,0.36,0.37,15.0,5.62,5.62,20.0,0.62,744.86,0.65,330.0,0.35,330.0,0.38,744.86
2026-01-06 18:36:45.666000+00:00,2026-01-06 18:36:46.179494+00:00,405.666,0.635,0.63,0.64,0.365,0.36,0.37,20.0,5.62,10.62,20.0,0.62,851.86,0.65,433.0,0.35,423.0,0.38,851.86
2026-01-06 18:36:46.584000+00:00,2026-01-06 18:36:47.190735+00:00,406.584,0.64,0.63,0.65,0.36,0.35,0.37,3.02,240.0,240.0,3.02,0.62,851.86,0.66,360.0,0.34,553.0,0.38,851.86
2026-01-06 18:36:47.534000+00:00,2026-01-06 18:36:48.211407+00:00,407.534,0.64,0.63,0.65,0.36,0.35,0.37,3.02,233.87,233.87,3.02,0.62,851.86,0.66,614.0,0.34,614.0,0.38,851.86
2026-01-06 18:36:48.734000+00:00,2026-01-06 18:36:49.211954+00:00,408.734,0.63,0.62,0.64,0.37,0.36,0.38,743.86,80.0,135.0,720.86,0.61,208.0,0.65,280.87,0.35,298.87,0.39,303.0
2026-01-06 18:36:49.655000+00:00,2026-01-06 18:36:50.215425+00:00,409.655,0.635,0.63,0.64,0.365,0.36,0.37,50.0,109.99,109.99,50.0,0.62,641.86,0.65,414.87,0.35,396.87,0.38,695.86
2026-01-06 18:36:50.574000+00:00,2026-01-06 18:36:51.215542+00:00,410.574,0.635,0.63,0.64,0.365,0.36,0.37,5.0,224.97,105.0,5.0,0.62,728.01,0.65,341.87,0.35,401.87,0.38,693.01
2026-01-06 18:36:51.724000+00:00,2026-01-06 18:36:52.238004+00:00,411.724,0.595,0.59,0.6,0.405,0.4,0.41,55.0,60.0,90.0,35.0,0.58,162.99,0.61,156.0,0.39,278.0,0.42,167.99
2026-01-06 18:36:52.721000+00:00,2026-01-06 18:36:53.236626+00:00,412.721,0.585,0.58,0.59,0.415,0.41,0.42,458.2,145.0,138.0,458.2,0.57,121.74,0.6,378.0,0.4,393.0,0.43,156.74
2026-01-06 18:36:53.666000+00:00,2026-01-06 18:36:54.248094+00:00,413.666,0.585,0.58,0.59,0.415,0.41,0.42,442.1,358.0,384.0,442.1,0.56,395.0,0.6,462.0,0.4,397.0,0.43,35.0
2026-01-06 18:36:54.766000+00:00,2026-01-06 18:36:55.252609+00:00,414.766,0.585,0.58,0.59,0.415,0.41,0.42,442.1,384.0,379.0,442.1,0.57,89.74,0.6,379.0,0.4,384.0,0.43,179.74
2026-01-06 18:36:55.516000+00:00,2026-01-06 18:36:56.264632+00:00,415.516,0.585,0.58,0.59,0.415,0.41,0.42,429.1,379.0,379.0,429.1,0.57,233.74,0.6,439.0,0.4,439.0,0.43,233.74
2026-01-06 18:36:56.809000+00:00,2026-01-06 18:36:57.278187+00:00,416.809,0.615,0.61,0.62,0.385,0.38,0.39,57.38,85.0,150.0,49.03,0.6,165.57,0.63,195.0,0.37,160.0,0.4,180.83
2026-01-06 18:36:57.779000+00:00,2026-01-06 18:36:58.295104+00:00,417.779,0.615,0.61,0.62,0.385,0.38,0.39,32.67,155.0,155.0,16.46,0.6,180.83,0.63,166.0,0.37,166.0,0.4,180.83
2026-01-06 18:36:58.690000+00:00,2026-01-06 18:36:59.298570+00:00,418.69,0.615,0.61,0.62,0.375,0.37,0.38,58.35,40.0,59.0,40.83,0.6,151.0,0.63,239.0,0.36,212.99,0.39,521.0
2026-01-06 18:36:59.769000+00:00,2026-01-06 18:37:00.295653+00:00,419.769,0.645,0.64,0.65,0.355,0.35,0.36,35.0,112.86,147.86,15.0,0.63,105.27,0.66,113.0,0.34,93.0,0.37,120.53
2026-01-06 18:37:00.964000+00:00,2026-01-06 18:37:01.296063+00:00,420.964,0.64,0.63,0.65,0.355,0.35,0.36,115.53,132.86,5.0,285.0,0.62,363.0,0.66,88.0,0.34,18.0,0.37,199.27
2026-01-06 18:37:01.808000+00:00,2026-01-06 18:37:02.312140+00:00,421.808,0.65,0.64,0.66,0.35,0.34,0.36,466.4,148.0,153.0,466.4,0.63,290.71,0.67,113.0,0.33,113.0,0.37,308.71
2026-01-06 18:37:02.731000+00:00,2026-01-06 18:37:03.310461+00:00,422.731,0.665,0.66,0.67,0.335,0.33,0.34,54.88,181.4,181.4,54.88,0.65,240.43,0.68,63.0,0.32,63.0,0.35,240.43
2026-01-06 18:37:03.800000+00:00,2026-01-06 18:37:04.310595+00:00,423.8,0.685,0.68,0.69,0.315,0.31,0.32,113.06,247.0,283.0,113.06,0.67,189.43,0.7,106.0,0.3,172.0,0.33,197.43
2026-01-06 18:37:04.814000+00:00,2026-01-06 18:37:05.315342+00:00,424.814,0.665,0.66,0.67,0.335,0.33,0.34,70.45,76.0,191.0,62.45,0.65,106.0,0.68,108.0,0.32,88.0,0.35,171.0
2026-01-06 18:37:05.807000+00:00,2026-01-06 18:37:06.319913+00:00,425.807,0.665,0.66,0.67,0.345,0.34,0.35,26.35,379.0,156.0,78.0,0.65,114.0,0.68,890.0,0.33,380.0,0.36,6.4
2026-01-06 18:37:06.788000+00:00,2026-01-06 18:37:07.313657+00:00,426.788,0.645,0.64,0.65,0.355,0.35,0.36,11.4,135.0,165.0,11.4,0.63,119.7,0.66,414.0,0.34,429.0,0.37,77.7
2026-01-06 18:37:07.803000+00:00,2026-01-06 18:37:08.326386+00:00,427.803,0.635,0.63,0.64,0.365,0.36,0.37,19.7,388.0,383.0,19.7,0.62,15.0,0.65,390.0,0.35,360.0,0.38,15.0
2026-01-06 18:37:08.811000+00:00,2026-01-06 18:37:09.329942+00:00,428.811,0.615,0.61,0.62,0.385,0.38,0.39,40.0,105.55,100.55,40.0,0.6,212.62,0.63,30.0,0.37,30.0,0.4,312.62
2026-01-06 18:37:09.634000+00:00,2026-01-06 18:37:10.324204+00:00,429.634,0.625,0.62,0.63,0.375,0.37,0.38,37.05,90.29,90.29,43.05,0.61,206.97,0.64,372.31,0.36,372.31,0.39,206.97
2026-01-06 18:37:10.697000+00:00,2026-01-06 18:37:11.328482+00:00,430.697,0.625,0.62,0.63,0.375,0.37,0.38,43.05,88.63,88.63,43.05,0.61,201.97,0.64,372.31,0.36,372.31,0.39,201.97
2026-01-06 18:37:11.849000+00:00,2026-01-06 18:37:12.342363+00:00,431.849,0.625,0.62,0.63,0.375,0.37,0.38,6.0,301.63,296.63,6.0,0.61,95.0,0.64,386.31,0.36,421.31,0.39,107.0
2026-01-06 18:37:12.873000+00:00,2026-01-06 18:37:13.365208+00:00,432.873,0.625,0.62,0.63,0.375,0.37,0.38,6.0,271.63,271.63,6.0,0.61,231.97,0.64,421.31,0.36,421.31,0.39,231.97
2026-01-06 18:37:13.842000+00:00,2026-01-06 18:37:14.371592+00:00,433.842,0.625,0.62,0.63,0.375,0.37,0.38,6.0,296.63,296.63,6.0,0.61,107.0,0.64,421.31,0.36,421.31,0.39,112.0
2026-01-06 18:37:14.879000+00:00,2026-01-06 18:37:15.376758+00:00,434.879,0.625,0.62,0.63,0.39,0.38,0.4,6.0,400.5,65.0,55.0,0.6,50.0,0.64,571.31,0.37,470.5,0.41,228.97
2026-01-06 18:37:15.865000+00:00,2026-01-06 18:37:16.396582+00:00,435.865,0.585,0.58,0.59,0.415,0.41,0.42,431.64,88.86,178.86,436.64,0.57,272.7,0.6,404.0,0.4,314.0,0.43,272.7
2026-01-06 18:37:16.833000+00:00,2026-01-06 18:37:17.408645+00:00,436.833,0.585,0.58,0.59,0.415,0.41,0.42,436.64,177.48,177.48,436.64,0.57,182.7,0.6,332.0,0.4,332.0,0.43,182.7
2026-01-06 18:37:17.895000+00:00,2026-01-06 18:37:18.415138+00:00,437.895,0.595,0.59,0.6,0.375,0.37,0.38,948.0,36.0,7.11,45.0,0.58,463.97,0.62,65.0,0.36,98.86,0.39,75.0
2026-01-06 18:37:18.926000+00:00,2026-01-06 18:37:19.423344+00:00,438.926,0.625,0.62,0.63,0.375,0.37,0.38,5.0,90.29,90.29,5.0,0.61,160.12,0.64,288.0,0.36,306.0,0.39,196.12
2026-01-06 18:37:19.784000+00:00,2026-01-06 18:37:20.433711+00:00,439.784,0.62,0.61,0.63,0.38,0.37,0.39,165.12,108.29,108.29,165.12,0.6,286.97,0.64,385.0,0.36,385.0,0.4,286.97
2026-01-06 18:37:21.070000+00:00,2026-01-06 18:37:21.442936+00:00,441.07,0.63,0.62,0.64,0.37,0.36,0.38,30.0,207.71,225.71,134.7,0.61,250.12,0.65,251.0,0.35,218.0,0.39,128.0
2026-01-06 18:37:22.913000+00:00,2026-01-06 18:37:23.453882+00:00,442.913,0.615,0.61,0.62,0.385,0.38,0.39,158.81,35.0,35.0,158.81,0.6,482.0,0.63,115.29,0.37,115.29,0.4,482.0
2026-01-06 18:37:23.964000+00:00,2026-01-06 18:37:24.479161+00:00,443.964,0.615,0.61,0.62,0.385,0.38,0.39,171.81,35.0,35.0,207.81,0.6,465.97,0.63,115.29,0.37,115.29,0.4,394.97
2026-01-06 18:37:24.968000+00:00,2026-01-06 18:37:25.493211+00:00,444.968,0.64,0.63,0.65,0.36,0.35,0.37,73.83,105.29,105.29,143.83,0.62,96.0,0.66,905.0,0.34,722.0,0.38,96.0
2026-01-06 18:37:25.992000+00:00,2026-01-06 18:37:26.514002+00:00,445.992,0.64,0.63,0.65,0.36,0.35,0.37,153.53,88.44,88.44,153.53,0.62,211.0,0.66,687.0,0.34,597.0,0.38,211.0
2026-01-06 18:37:27.018000+00:00,2026-01-06 18:37:27.511698+00:00,447.018,0.635,0.63,0.64,0.365,0.36,0.37,129.7,40.0,57.0,129.7,0.62,70.0,0.65,110.44,0.35,144.44,0.38,65.0
2026-01-06 18:37:28.042000+00:00,2026-01-06 18:37:28.522747+00:00,448.042,0.635,0.63,0.64,0.36,0.35,0.37,154.7,41.0,100.44,166.7,0.62,100.0,0.65,144.44,0.34,845.0,0.38,100.0
2026-01-06 18:37:29.011000+00:00,2026-01-06 18:37:29.528958+00:00,449.011,0.635,0.63,0.64,0.35,0.34,0.36,176.7,7.33,340.72,83.0,0.62,352.0,0.65,35.0,0.33,330.0,0.37,430.7
2026-01-06 18:37:30.040000+00:00,2026-01-06 18:37:30.547309+00:00,450.04,0.625,0.62,0.63,0.375,0.37,0.38,467.0,77.0,97.0,467.0,0.61,70.0,0.64,389.0,0.36,389.0,0.39,70.0
2026-01-06 18:37:31.027000+00:00,2026-01-06 18:37:31.541976+00:00,451.027,0.635,0.63,0.64,0.365,0.36,0.37,142.0,254.0,254.0,139.0,0.62,717.0,0.65,214.98,0.35,197.98,0.38,624.0
2026-01-06 18:37:32.047000+00:00,2026-01-06 18:37:32.557280+00:00,452.047,0.645,0.64,0.65,0.355,0.35,0.36,852.0,129.14,124.14,822.0,0.63,323.09,0.66,56.96,0.34,159.96,0.37,313.09
2026-01-06 18:37:33.012000+00:00,2026-01-06 18:37:33.554358+00:00,453.012,0.645,0.64,0.65,0.355,0.35,0.36,78.0,137.0,120.0,78.0,0.63,215.89,0.66,342.8,0.34,376.8,0.37,215.89
2026-01-06 18:37:34.032000+00:00,2026-01-06 18:37:34.559883+00:00,454.032,0.645,0.64,0.65,0.355,0.35,0.36,83.0,112.45,112.45,83.0,0.63,215.89,0.66,376.8,0.34,193.8,0.37,215.89
2026-01-06 18:37:35.001000+00:00,2026-01-06 18:37:35.566046+00:00,455.001,0.645,0.64,0.65,0.355,0.35,0.36,83.0,89.96,114.96,83.0,0.63,229.89,0.66,393.8,0.34,393.8,0.37,229.89
2026-01-06 18:37:36.095000+00:00,2026-01-06 18:37:36.593590+00:00,456.095,0.645,0.64,0.65,0.365,0.36,0.37,78.0,93.42,82.0,12.8,0.63,132.8,0.66,287.8,0.35,363.42,0.38,43.06
2026-01-06 18:37:37+00:00,2026-01-06 18:37:37.591410+00:00,457.0,0.625,0.62,0.63,0.375,0.37,0.38,63.0,95.03,89.71,63.0,0.61,238.54,0.64,180.0,0.36,155.0,0.39,238.54
2026-01-06 18:37:38.054000+00:00,2026-01-06 18:37:38.612426+00:00,458.054,0.625,0.62,0.63,0.375,0.37,0.38,60.56,62.71,62.71,60.56,0.61,253.54,0.64,155.0,0.36,155.0,0.39,253.54
2026-01-06 18:37:39.099000+00:00,2026-01-06 18:37:39.623430+00:00,459.099,0.625,0.62,0.63,0.375,0.37,0.38,26.56,109.71,109.71,26.56,0.61,79.97,0.64,202.0,0.36,253.0,0.39,143.86
2026-01-06 18:37:40.119000+00:00,2026-01-06 18:37:40.621694+00:00,460.119,0.625,0.62,0.63,0.375,0.37,0.38,2.36,83.14,78.14,2.36,0.61,178.3,0.64,189.0,0.36,189.0,0.39,627.3
2026-01-06 18:37:41.153000+00:00,2026-01-06 18:37:41.628388+00:00,461.153,0.625,0.62,0.63,0.375,0.37,0.38,2.36,61.14,61.14,2.36,0.61,761.37,0.64,207.0,0.36,207.0,0.39,756.37
2026-01-06 18:37:42.002000+00:00,2026-01-06 18:37:42.640991+00:00,462.002,0.62,0.61,0.63,0.38,0.37,0.39,756.37,91.14,91.14,671.37,0.6,227.04,0.64,289.0,0.36,272.0,0.4,215.04
2026-01-06 18:37:43.166000+00:00,2026-01-06 18:37:43.659486+00:00,463.166,0.585,0.58,0.59,0.415,0.41,0.42,15.0,302.49,287.49,15.0,0.57,457.0,0.6,239.0,0.4,226.0,0.43,538.57
2026-01-06 18:37:44.059000+00:00,2026-01-06 18:37:44.676244+00:00,464.059,0.565,0.56,0.57,0.445,0.44,0.45,26.18,254.03,122.0,135.83,0.55,15.0,0.58,265.0,0.43,429.72,0.46,246.0
2026-01-06 18:37:45.185000+00:00,2026-01-06 18:37:45.692736+00:00,465.185,0.555,0.55,0.56,0.445,0.44,0.45,103.0,99.53,104.53,103.0,0.54,282.0,0.57,112.36,0.43,112.36,0.46,282.0
2026-01-06 18:37:46.033000+00:00,2026-01-06 18:37:46.693049+00:00,466.033,0.555,0.55,0.56,0.445,0.44,0.45,267.0,49.53,49.53,267.0,0.54,234.0,0.57,167.36,0.43,167.36,0.46,234.0
2026-01-06 18:37:47.179000+00:00,2026-01-06 18:37:47.695311+00:00,467.179,0.555,0.55,0.56,0.445,0.44,0.45,165.0,11.53,11.53,165.0,0.54,272.0,0.57,201.36,0.43,201.36,0.46,277.0
2026-01-06 18:37:48.212000+00:00,2026-01-06 18:37:48.713731+00:00,468.212,0.555,0.55,0.56,0.445,0.44,0.45,501.0,50.0,62.0,484.0,0.54,395.0,0.57,113.51,0.43,88.51,0.46,417.0
2026-01-06 18:37:49.097000+00:00,2026-01-06 18:37:49.732776+00:00,469.097,0.56,0.55,0.57,0.445,0.44,0.45,665.0,61.0,50.0,535.0,0.54,302.0,0.58,447.95,0.43,41.0,0.46,372.0
2026-01-06 18:37:50.246000+00:00,2026-01-06 18:37:50.744785+00:00,470.246,0.535,0.53,0.54,0.46499999999999997,0.46,0.47,90.0,114.42,99.42,105.0,0.52,382.0,0.55,265.0,0.45,265.0,0.48,382.0
2026-01-06 18:37:51.042000+00:00,2026-01-06 18:37:51.743354+00:00,471.042,0.535,0.53,0.54,0.46499999999999997,0.46,0.47,95.0,123.36,123.36,95.0,0.52,370.0,0.55,310.0,0.45,352.0,0.48,412.0
2026-01-06 18:37:52.054000+00:00,2026-01-06 18:37:52.745090+00:00,472.054,0.535,0.53,0.54,0.46499999999999997,0.46,0.47,95.0,113.36,113.36,95.0,0.52,387.0,0.55,337.0,0.45,337.0,0.48,387.0
2026-01-06 18:37:53.232000+00:00,2026-01-06 18:37:53.745714+00:00,473.232,0.535,0.53,0.54,0.46499999999999997,0.46,0.47,100.0,93.36,98.36,251.0,0.52,319.0,0.55,312.0,0.45,307.0,0.48,336.0
2026-01-06 18:37:54.257000+00:00,2026-01-06 18:37:54.743911+00:00,474.257,0.545,0.54,0.55,0.455,0.45,0.46,100.0,35.0,90.0,17.0,0.53,989.0,0.56,206.0,0.44,166.0,0.47,901.0
2026-01-06 18:37:55.116000+00:00,2026-01-06 18:37:55.745257+00:00,475.116,0.545,0.54,0.55,0.455,0.45,0.46,17.0,96.0,91.0,17.0,0.53,996.0,0.56,166.0,0.44,166.0,0.47,996.0
2026-01-06 18:37:56.263000+00:00,2026-01-06 18:37:56.759769+00:00,476.263,0.55,0.54,0.56,0.445,0.44,0.45,1011.0,71.0,3.0,148.0,0.53,536.04,0.57,35.0,0.43,35.0,0.46,996.0
2026-01-06 18:37:57.245000+00:00,2026-01-06 18:37:57.762936+00:00,477.245,0.5700000000000001,0.56,0.58,0.43,0.42,0.44,157.98,131.44,131.44,157.98,0.55,287.0,0.59,142.0,0.41,142.0,0.45,287.0
2026-01-06 18:37:58.249000+00:00,2026-01-06 18:37:58.774241+00:00,478.249,0.585,0.58,0.59,0.41000000000000003,0.4,0.42,284.0,89.58,152.44,414.0,0.57,348.0,0.6,254.0,0.39,155.0,0.43,312.0
2026-01-06 18:37:59.248000+00:00,2026-01-06 18:37:59.792544+00:00,479.248,0.59,0.58,0.6,0.41000000000000003,0.4,0.42,389.0,157.44,157.44,389.0,0.57,295.0,0.61,240.0,0.39,240.0,0.43,295.0
2026-01-06 18:38:00.175000+00:00,2026-01-06 18:38:00.789679+00:00,480.175,0.59,0.58,0.6,0.41000000000000003,0.4,0.42,206.0,96.44,96.44,206.0,0.57,112.0,0.61,240.0,0.39,223.0,0.43,120.0
2026-01-06 18:38:01.266000+00:00,2026-01-06 18:38:01.782013+00:00,481.266,0.585,0.58,0.59,0.415,0.41,0.42,5.0,55.58,66.58,5.0,0.57,190.0,0.6,72.0,0.4,152.0,0.43,173.0
2026-01-06 18:38:02.238000+00:00,2026-01-06 18:38:02.807404+00:00,482.238,0.58,0.57,0.59,0.415,0.41,0.42,302.0,39.3,6.0,165.0,0.56,845.02,0.6,152.0,0.4,75.0,0.43,281.0
2026-01-06 18:38:03.286000+00:00,2026-01-06 18:38:03.810752+00:00,483.286,0.615,0.61,0.62,0.385,0.38,0.39,11.12,193.44,181.44,11.12,0.6,77.0,0.63,130.0,0.37,130.0,0.4,138.0
2026-01-06 18:38:04.294000+00:00,2026-01-06 18:38:04.832594+00:00,484.294,0.605,0.6,0.61,0.395,0.39,0.4,117.0,26.77,26.77,122.0,0.59,382.0,0.62,100.44,0.38,100.44,0.41,382.0
2026-01-06 18:38:05.331000+00:00,2026-01-06 18:38:05.839983+00:00,485.331,0.635,0.63,0.64,0.365,0.36,0.37,180.09,153.0,153.0,180.09,0.62,127.0,0.65,179.99,0.35,114.99,0.38,342.0
2026-01-06 18:38:06.282000+00:00,2026-01-06 18:38:06.842095+00:00,486.282,0.635,0.63,0.64,0.365,0.36,0.37,376.09,136.0,101.0,915.09,0.62,382.0,0.65,29.99,0.35,14.99,0.38,611.2
2026-01-06 18:38:07.328000+00:00,2026-01-06 18:38:07.855930+00:00,487.328,0.665,0.66,0.67,0.335,0.33,0.34,162.0,15.15,9.25,87.0,0.65,341.01,0.68,621.0,0.32,597.0,0.35,452.0
2026-01-06 18:38:08.278000+00:00,2026-01-06 18:38:08.864238+00:00,488.278,0.665,0.66,0.67,0.335,0.33,0.34,183.0,22.0,22.0,183.0,0.65,467.0,0.68,673.0,0.32,673.0,0.35,459.0
2026-01-06 18:38:09.348000+00:00,2026-01-06 18:38:09.864680+00:00,489.348,0.665,0.66,0.67,0.335,0.33,0.34,148.0,157.0,301.5,148.0,0.65,329.01,0.68,914.95,0.32,914.95,0.35,247.01
2026-01-06 18:38:10.356000+00:00,2026-01-06 18:38:10.874354+00:00,490.356,0.625,0.62,0.63,0.38,0.37,0.39,35.0,113.12,180.12,5.0,0.61,23.0,0.64,242.99,0.36,207.99,0.4,122.99
2026-01-06 18:38:11.364000+00:00,2026-01-06 18:38:11.896303+00:00,491.364,0.63,0.62,0.64,0.365,0.36,0.37,40.0,162.52,162.52,1.72,0.61,133.0,0.65,264.0,0.35,264.0,0.38,40.0
2026-01-06 18:38:12.396000+00:00,2026-01-06 18:38:12.904399+00:00,492.396,0.63,0.62,0.64,0.37,0.36,0.38,57.0,164.38,164.38,57.0,0.61,334.0,0.65,264.0,0.35,281.0,0.39,334.0
2026-01-06 18:38:13.401000+00:00,2026-01-06 18:38:13.911567+00:00,493.401,0.61,0.6,0.62,0.39,0.38,0.4,152.0,76.0,76.0,86.0,0.59,207.99,0.63,233.0,0.37,233.0,0.41,224.99
2026-01-06 18:38:14.074000+00:00,2026-01-06 18:38:14.911367+00:00,494.074,0.61,0.6,0.62,0.39,0.38,0.4,91.0,76.0,76.0,91.0,0.59,314.99,0.63,233.0,0.37,233.0,0.41,314.99
2026-01-06 18:38:15.400000+00:00,2026-01-06 18:38:15.912619+00:00,495.4,0.615,0.61,0.62,0.37,0.36,0.38,352.99,37.0,45.96,254.0,0.6,494.2,0.64,35.0,0.35,459.0,0.39,307.99
2026-01-06 18:38:16.359000+00:00,2026-01-06 18:38:16.907487+00:00,496.359,0.63,0.62,0.64,0.37,0.36,0.38,404.0,15.96,15.96,396.36,0.61,302.0,0.65,501.0,0.35,518.0,0.39,302.0
2026-01-06 18:38:17.400000+00:00,2026-01-06 18:38:17.911591+00:00,497.4,0.635,0.63,0.64,0.365,0.36,0.37,188.0,10.88,61.88,188.0,0.62,873.19,0.65,162.95,0.35,199.95,0.38,968.19
2026-01-06 18:38:18.397000+00:00,2026-01-06 18:38:18.911401+00:00,498.397,0.625,0.62,0.63,0.375,0.37,0.38,186.2,71.0,133.0,71.0,0.61,260.6,0.64,382.33,0.36,319.33,0.39,190.6
2026-01-06 18:38:19.402000+00:00,2026-01-06 18:38:19.925037+00:00,499.402,0.61,0.6,0.62,0.39,0.38,0.4,35.0,71.0,71.0,35.0,0.59,323.0,0.63,373.0,0.37,373.0,0.41,323.0
2026-01-06 18:38:20.422000+00:00,2026-01-06 18:38:20.943128+00:00,500.422,0.61,0.6,0.62,0.375,0.37,0.38,154.99,17.0,254.0,34.99,0.59,353.0,0.63,463.0,0.36,266.34,0.39,333.0
2026-01-06 18:38:21.434000+00:00,2026-01-06 18:38:21.947131+00:00,501.434,0.62,0.61,0.63,0.38,0.37,0.39,40.0,394.0,411.0,40.0,0.6,280.99,0.64,255.33,0.36,255.33,0.4,280.99
2026-01-06 18:38:22.464000+00:00,2026-01-06 18:38:22.961963+00:00,502.464,0.605,0.6,0.61,0.395,0.39,0.4,71.0,81.0,191.0,71.0,0.59,104.6,0.62,252.0,0.38,348.0,0.41,50.0
2026-01-06 18:38:23.463000+00:00,2026-01-06 18:38:23.975940+00:00,503.463,0.595,0.59,0.6,0.41000000000000003,0.4,0.42,28.0,71.0,71.0,210.99,0.58,210.99,0.61,257.0,0.39,274.0,0.43,259.98
2026-01-06 18:38:24.470000+00:00,2026-01-06 18:38:24.996078+00:00,504.47,0.59,0.58,0.6,0.41000000000000003,0.4,0.42,210.99,69.08,69.08,210.99,0.57,259.98,0.61,269.0,0.39,269.0,0.43,259.98
2026-01-06 18:38:25.404000+00:00,2026-01-06 18:38:26.009720+00:00,505.404,0.59,0.58,0.6,0.41000000000000003,0.4,0.42,244.99,67.41,67.41,244.99,0.57,595.18,0.61,86.0,0.39,86.0,0.43,479.98
2026-01-06 18:38:26.568000+00:00,2026-01-06 18:38:27.023576+00:00,506.568,0.595,0.59,0.6,0.405,0.4,0.41,16.0,76.0,89.33,16.0,0.58,147.0,0.61,86.0,0.39,86.0,0.42,130.0
2026-01-06 18:38:27.524000+00:00,2026-01-06 18:38:28.039470+00:00,507.524,0.595,0.59,0.6,0.405,0.4,0.41,16.0,89.33,280.33,16.0,0.58,52.0,0.61,52.0,0.39,236.0,0.43,195.98
2026-01-06 18:38:28.547000+00:00,2026-01-06 18:38:29.055632+00:00,508.547,0.575,0.57,0.58,0.425,0.42,0.43,91.98,86.0,278.94,91.98,0.56,184.0,0.59,74.0,0.41,149.0,0.45,213.58
2026-01-06 18:38:29.546000+00:00,2026-01-06 18:38:30.057955+00:00,509.546,0.555,0.55,0.56,0.445,0.44,0.45,156.8,254.0,344.0,156.8,0.54,607.99,0.57,239.0,0.43,239.0,0.46,607.99
2026-01-06 18:38:30.314000+00:00,2026-01-06 18:38:31.058014+00:00,510.314,0.555,0.55,0.56,0.445,0.44,0.45,156.8,344.0,342.44,156.8,0.54,607.99,0.57,239.0,0.43,234.0,0.46,607.99
2026-01-06 18:38:31.532000+00:00,2026-01-06 18:38:32.055563+00:00,511.532,0.565,0.56,0.57,0.44,0.43,0.45,17.0,5.0,5.0,212.8,0.55,212.8,0.58,69.0,0.42,69.0,0.46,607.99
2026-01-06 18:38:32.529000+00:00,2026-01-06 18:38:33.061337+00:00,512.529,0.5700000000000001,0.56,0.58,0.425,0.42,0.43,5.0,121.82,30.0,178.99,0.55,207.8,0.59,422.0,0.41,273.0,0.44,216.0
2026-01-06 18:38:33.571000+00:00,2026-01-06 18:38:34.077785+00:00,513.571,0.61,0.6,0.62,0.39,0.38,0.4,188.0,106.78,90.78,223.0,0.59,77.0,0.63,139.0,0.37,210.0,0.41,87.0
2026-01-06 18:38:34.566000+00:00,2026-01-06 18:38:35.069654+00:00,514.566,0.61,0.6,0.62,0.395,0.39,0.4,22.0,38.19,51.0,5.0,0.59,217.99,0.63,818.15,0.38,83.19,0.41,149.99
2026-01-06 18:38:35.564000+00:00,2026-01-06 18:38:36.057519+00:00,515.564,0.605,0.6,0.61,0.395,0.39,0.4,319.0,254.0,254.0,361.0,0.59,663.0,0.62,200.0,0.38,183.0,0.41,876.0
2026-01-06 18:38:36.536000+00:00,2026-01-06 18:38:37.059918+00:00,516.536,0.655,0.65,0.66,0.345,0.34,0.35,35.0,63.72,63.72,40.0,0.64,274.47,0.67,66.0,0.33,66.0,0.36,289.47
2026-01-06 18:38:37.536000+00:00,2026-01-06 18:38:38.051272+00:00,517.536,0.655,0.65,0.66,0.345,0.34,0.35,45.0,68.72,51.72,45.0,0.64,289.47,0.67,110.15,0.33,49.0,0.36,289.47
2026-01-06 18:38:38.479000+00:00,2026-01-06 18:38:39.049585+00:00,518.479,0.655,0.65,0.66,0.345,0.34,0.35,113.0,68.77,68.77,113.0,0.64,147.04,0.67,156.99,0.33,156.99,0.36,182.04
2026-01-06 18:38:39.535000+00:00,2026-01-06 18:38:40.064587+00:00,519.535,0.64,0.63,0.65,0.365,0.36,0.37,91.0,15.0,233.0,6.67,0.61,35.0,0.66,788.0,0.35,202.0,0.39,35.0
2026-01-06 18:38:40.501000+00:00,2026-01-06 18:38:41.090743+00:00,520.501,0.61,0.6,0.62,0.39,0.38,0.4,175.63,150.0,101.0,189.63,0.59,615.0,0.63,374.15,0.37,374.15,0.41,607.0
2026-01-06 18:38:41.574000+00:00,2026-01-06 18:38:42.092867+00:00,521.574,0.605,0.6,0.61,0.395,0.39,0.4,134.0,20.0,20.0,134.0,0.59,575.0,0.62,158.0,0.38,158.0,0.41,575.0
2026-01-06 18:38:42.550000+00:00,2026-01-06 18:38:43.098379+00:00,522.55,0.61,0.6,0.62,0.39,0.38,0.4,183.0,199.15,155.0,234.0,0.59,607.0,0.63,176.23,0.37,125.23,0.41,660.0
2026-01-06 18:38:43.591000+00:00,2026-01-06 18:38:44.106712+00:00,523.591,0.615,0.61,0.62,0.39,0.38,0.4,50.0,75.0,155.0,183.0,0.6,214.0,0.63,215.0,0.37,201.0,0.41,657.0
2026-01-06 18:38:44.573000+00:00,2026-01-06 18:38:45.117645+00:00,524.573,0.61,0.6,0.62,0.39,0.38,0.4,183.0,155.0,155.0,183.0,0.59,657.0,0.63,271.0,0.37,271.0,0.41,657.0
2026-01-06 18:38:45.432000+00:00,2026-01-06 18:38:46.115156+00:00,525.432,0.61,0.6,0.62,0.39,0.38,0.4,183.0,167.0,167.0,183.0,0.59,640.0,0.63,236.0,0.37,236.0,0.41,640.0
2026-01-06 18:38:46.597000+00:00,2026-01-06 18:38:47.127477+00:00,526.597,0.605,0.6,0.61,0.415,0.41,0.42,31.02,361.0,90.0,35.0,0.58,35.0,0.62,327.0,0.4,189.0,0.43,248.0
2026-01-06 18:38:47.591000+00:00,2026-01-06 18:38:48.143964+00:00,527.591,0.585,0.58,0.59,0.415,0.41,0.42,115.0,74.98,74.98,115.0,0.57,294.0,0.6,288.0,0.4,288.0,0.43,294.0
2026-01-06 18:38:48.599000+00:00,2026-01-06 18:38:49.143883+00:00,528.599,0.585,0.58,0.59,0.415,0.41,0.42,115.0,69.98,69.98,115.0,0.57,294.0,0.6,288.0,0.4,293.0,0.43,294.0
2026-01-06 18:38:49.663000+00:00,2026-01-06 18:38:50.140284+00:00,529.663,0.585,0.58,0.59,0.415,0.41,0.42,35.0,169.98,189.98,35.0,0.57,265.0,0.6,267.0,0.4,233.0,0.43,124.0
2026-01-06 18:38:50.622000+00:00,2026-01-06 18:38:51.149669+00:00,530.622,0.56,0.55,0.57,0.445,0.44,0.45,111.67,171.0,71.0,111.67,0.54,10.0,0.58,440.79,0.43,171.0,0.46,10.0
2026-01-06 18:38:51.724000+00:00,2026-01-06 18:38:52.157278+00:00,531.724,0.555,0.55,0.56,0.445,0.44,0.45,111.67,43.77,5.0,116.67,0.54,93.0,0.57,270.0,0.43,377.0,0.46,93.0
2026-01-06 18:38:52.667000+00:00,2026-01-06 18:38:53.168823+00:00,532.667,0.565,0.56,0.57,0.44999999999999996,0.43,0.47,35.0,362.82,416.82,103.6,0.55,10.0,0.58,250.79,0.42,258.79,0.48,277.0
2026-01-06 18:38:53.606000+00:00,2026-01-06 18:38:54.187846+00:00,533.606,0.55,0.54,0.56,0.45,0.44,0.46,85.0,285.74,285.74,85.0,0.53,122.26,0.57,328.82,0.43,328.82,0.47,122.26
2026-01-06 18:38:54.621000+00:00,2026-01-06 18:38:55.194172+00:00,534.621,0.55,0.54,0.56,0.45,0.44,0.46,534.0,321.3,321.3,551.0,0.53,173.26,0.57,320.05,0.43,320.05,0.47,190.26
2026-01-06 18:38:55.667000+00:00,2026-01-06 18:38:56.205113+00:00,535.667,0.55,0.54,0.56,0.45,0.44,0.46,551.0,140.89,140.89,551.0,0.53,494.26,0.57,142.23,0.43,142.23,0.47,494.26
2026-01-06 18:38:56.707000+00:00,2026-01-06 18:38:57.208563+00:00,536.707,0.56,0.55,0.57,0.44,0.43,0.45,198.14,220.23,210.0,218.14,0.54,536.0,0.58,88.0,0.42,88.0,0.46,536.0
2026-01-06 18:38:57.657000+00:00,2026-01-06 18:38:58.206917+00:00,537.657,0.565,0.56,0.57,0.435,0.43,0.44,5.0,111.82,111.82,5.0,0.55,182.17,0.58,158.15,0.42,158.15,0.45,182.17
2026-01-06 18:38:58.706000+00:00,2026-01-06 18:38:59.220122+00:00,538.706,0.565,0.56,0.57,0.435,0.43,0.44,85.0,50.6,120.6,20.0,0.55,162.14,0.58,228.15,0.42,158.15,0.45,167.17
2026-01-06 18:38:59.677000+00:00,2026-01-06 18:39:00.233090+00:00,539.677,0.56,0.55,0.57,0.44,0.43,0.45,133.17,118.19,118.19,133.17,0.54,852.0,0.58,412.15,0.42,368.0,0.46,852.0
2026-01-06 18:39:00.709000+00:00,2026-01-06 18:39:01.242096+00:00,540.709,0.56,0.55,0.57,0.44,0.43,0.45,404.17,116.43,116.43,421.17,0.54,1237.0,0.58,185.0,0.42,185.0,0.46,1122.0
2026-01-06 18:39:01.767000+00:00,2026-01-06 18:39:02.263810+00:00,541.767,0.545,0.54,0.55,0.455,0.45,0.46,161.0,177.0,127.0,211.0,0.53,113.29,0.56,150.0,0.44,185.0,0.47,88.26
2026-01-06 18:39:02.744000+00:00,2026-01-06 18:39:03.248728+00:00,542.744,0.545,0.54,0.55,0.455,0.45,0.46,190.0,186.11,307.11,90.0,0.53,161.26,0.56,166.0,0.44,133.0,0.47,133.26
2026-01-06 18:39:03.763000+00:00,2026-01-06 18:39:04.232030+00:00,543.763,0.54,0.53,0.55,0.45999999999999996,0.45,0.47,145.26,309.0,309.0,145.26,0.52,110.0,0.56,150.0,0.44,150.0,0.48,110.0
2026-01-06 18:39:04.708000+00:00,2026-01-06 18:39:05.256109+00:00,544.708,0.54,0.53,0.55,0.45999999999999996,0.45,0.47,162.26,309.0,309.0,162.26,0.52,353.0,0.56,211.15,0.44,211.15,0.48,353.0
2026-01-06 18:39:05.258000+00:00,2026-01-06 18:39:06.257182+00:00,545.258,0.54,0.53,0.55,0.45999999999999996,0.45,0.47,162.26,309.0,309.0,162.26,0.52,802.0,0.56,211.15,0.44,211.15,0.48,802.0
2026-01-06 18:39:06.715000+00:00,2026-01-06 18:39:07.256142+00:00,546.715,0.54,0.53,0.55,0.45999999999999996,0.45,0.47,162.26,238.0,238.0,162.26,0.52,802.0,0.56,167.0,0.44,167.0,0.48,802.0
2026-01-06 18:39:07.520000+00:00,2026-01-06 18:39:08.250994+00:00,547.52,0.545,0.54,0.55,0.455,0.45,0.46,35.0,238.0,238.0,35.0,0.53,137.26,0.56,167.0,0.44,167.0,0.47,137.26
2026-01-06 18:39:08.753000+00:00,2026-01-06 18:39:09.256275+00:00,548.753,0.545,0.54,0.55,0.455,0.45,0.46,35.0,238.0,258.0,35.0,0.53,154.26,0.56,150.0,0.44,138.0,0.47,154.26
2026-01-06 18:39:09.527000+00:00,2026-01-06 18:39:10.267779+00:00,549.527,0.54,0.53,0.55,0.45999999999999996,0.45,0.47,177.26,54.7,54.7,177.26,0.52,728.61,0.56,150.0,0.44,150.0,0.48,728.61
2026-01-06 18:39:10.745000+00:00,2026-01-06 18:39:11.274678+00:00,550.745,0.55,0.54,0.56,0.45,0.44,0.46,134.0,214.1,214.1,134.0,0.53,176.26,0.57,320.45,0.43,320.45,0.47,176.26
2026-01-06 18:39:11.756000+00:00,2026-01-06 18:39:12.284230+00:00,551.756,0.54,0.53,0.55,0.45999999999999996,0.45,0.47,148.26,95.0,87.0,148.26,0.52,1000.61,0.56,116.15,0.44,116.15,0.48,1034.61
2026-01-06 18:39:12.453000+00:00,2026-01-06 18:39:13.292286+00:00,552.453,0.54,0.53,0.55,0.46499999999999997,0.46,0.47,148.26,69.92,71.0,148.26,0.52,1049.61,0.56,72.0,0.45,69.92,0.48,1032.61
2026-01-06 18:39:13.785000+00:00,2026-01-06 18:39:14.298171+00:00,553.785,0.525,0.52,0.53,0.475,0.47,0.48,192.0,127.0,122.0,375.0,0.51,532.0,0.54,222.0,0.46,262.0,0.49,586.0
2026-01-06 18:39:14.788000+00:00,2026-01-06 18:39:15.306053+00:00,554.788,0.575,0.57,0.58,0.415,0.41,0.42,100.38,35.0,156.95,122.0,0.56,66.86,0.59,161.95,0.4,590.0,0.43,168.88
2026-01-06 18:39:15.751000+00:00,2026-01-06 18:39:16.305532+00:00,555.751,0.585,0.58,0.59,0.415,0.41,0.42,166.9,198.1,198.1,166.9,0.57,249.88,0.6,650.23,0.4,650.23,0.43,266.88
2026-01-06 18:39:16.806000+00:00,2026-01-06 18:39:17.320184+00:00,556.806,0.575,0.57,0.58,0.425,0.42,0.43,249.88,38.0,210.0,161.38,0.56,325.86,0.59,123.95,0.41,123.0,0.44,348.02
2026-01-06 18:39:17.825000+00:00,2026-01-06 18:39:18.315811+00:00,557.825,0.535,0.53,0.54,0.47,0.46,0.48,35.0,129.59,138.63,18.35,0.52,24.5,0.55,259.0,0.45,244.0,0.49,242.17
2026-01-06 18:39:18.821000+00:00,2026-01-06 18:39:19.315937+00:00,558.821,0.505,0.5,0.51,0.495,0.49,0.5,77.0,167.0,244.76,77.0,0.49,607.0,0.52,163.6,0.48,64.6,0.51,464.0
2026-01-06 18:39:19.781000+00:00,2026-01-06 18:39:20.324649+00:00,559.781,0.475,0.47,0.48,0.525,0.52,0.53,140.0,90.0,90.0,140.0,0.46,244.0,0.49,166.0,0.51,166.0,0.54,244.0
2026-01-06 18:39:20.813000+00:00,2026-01-06 18:39:21.330040+00:00,560.813,0.485,0.48,0.49,0.525,0.52,0.53,0.9,248.0,47.36,91.69,0.47,111.55,0.5,286.0,0.51,172.0,0.54,292.0
2026-01-06 18:39:21.805000+00:00,2026-01-06 18:39:22.326112+00:00,561.805,0.435,0.43,0.44,0.565,0.56,0.57,35.0,61.0,94.0,35.0,0.42,53.6,0.45,137.0,0.55,138.0,0.58,53.6
2026-01-06 18:39:22.805000+00:00,2026-01-06 18:39:23.328038+00:00,562.805,0.395,0.39,0.4,0.605,0.6,0.61,813.0,41.01,51.01,862.0,0.38,402.0,0.41,122.0,0.59,162.0,0.62,381.0
2026-01-06 18:39:23.815000+00:00,2026-01-06 18:39:24.337931+00:00,563.815,0.415,0.41,0.42,0.585,0.58,0.59,33.04,291.36,291.36,33.04,0.4,136.0,0.43,345.0,0.57,332.0,0.6,131.0
2026-01-06 18:39:24.820000+00:00,2026-01-06 18:39:25.330796+00:00,564.82,0.405,0.4,0.41,0.595,0.59,0.6,194.0,48.0,43.0,184.0,0.39,924.9,0.42,53.97,0.58,133.97,0.61,954.9
2026-01-06 18:39:25.806000+00:00,2026-01-06 18:39:26.326516+00:00,565.806,0.425,0.42,0.43,0.575,0.57,0.58,315.99,227.15,223.98,756.34,0.41,383.0,0.44,246.32,0.56,246.32,0.59,468.0
2026-01-06 18:39:26.791000+00:00,2026-01-06 18:39:27.331381+00:00,566.791,0.46499999999999997,0.46,0.47,0.535,0.53,0.54,174.67,163.04,147.04,174.67,0.45,301.17,0.48,284.0,0.52,284.0,0.55,351.17
2026-01-06 18:39:27.815000+00:00,2026-01-06 18:39:28.331320+00:00,567.815,0.46499999999999997,0.46,0.47,0.535,0.53,0.54,453.0,84.05,84.05,416.0,0.45,348.44,0.48,82.15,0.52,50.15,0.55,348.44
2026-01-06 18:39:28.818000+00:00,2026-01-06 18:39:29.330871+00:00,568.818,0.485,0.48,0.49,0.515,0.51,0.52,59.78,95.23,95.23,64.78,0.47,305.95,0.5,10.0,0.5,10.0,0.53,299.95
2026-01-06 18:39:29.951000+00:00,2026-01-06 18:39:30.339998+00:00,569.951,0.48,0.47,0.49,0.52,0.51,0.53,320.95,95.23,95.23,320.95,0.46,357.0,0.5,122.0,0.5,122.0,0.54,357.0
2026-01-06 18:39:30.812000+00:00,2026-01-06 18:39:31.347456+00:00,570.812,0.49,0.48,0.5,0.51,0.5,0.52,164.07,134.89,169.89,199.07,0.47,367.95,0.51,110.23,0.49,110.23,0.53,377.95
2026-01-06 18:39:31.846000+00:00,2026-01-06 18:39:32.361294+00:00,571.846,0.485,0.48,0.49,0.52,0.51,0.53,35.0,119.44,29.44,228.95,0.47,238.95,0.5,57.0,0.5,38.0,0.54,323.0
2026-01-06 18:39:32.846000+00:00,2026-01-06 18:39:33.362890+00:00,572.846,0.475,0.47,0.48,0.545,0.54,0.55,29.95,401.74,16.0,25.79,0.46,183.0,0.49,301.0,0.53,107.28,0.57,339.0
2026-01-06 18:39:33.839000+00:00,2026-01-06 18:39:34.383135+00:00,573.839,0.405,0.4,0.41,0.595,0.59,0.6,185.8,107.4,168.4,185.8,0.39,1000.9,0.42,115.3,0.58,121.3,0.61,984.9
2026-01-06 18:39:34.857000+00:00,2026-01-06 18:39:35.375743+00:00,574.857,0.405,0.4,0.41,0.6,0.59,0.61,60.0,28.25,25.56,868.9,0.39,878.9,0.42,226.45,0.58,226.45,0.62,359.0
2026-01-06 18:39:35.863000+00:00,2026-01-06 18:39:36.375428+00:00,575.863,0.395,0.39,0.4,0.605,0.6,0.61,498.73,132.0,122.0,496.89,0.38,356.0,0.42,138.0,0.58,128.0,0.62,271.0
2026-01-06 18:39:36.856000+00:00,2026-01-06 18:39:37.373523+00:00,576.856,0.345,0.34,0.35,0.655,0.65,0.66,362.0,203.0,187.42,362.0,0.33,336.0,0.36,127.44,0.64,127.44,0.67,342.0
2026-01-06 18:39:37.871000+00:00,2026-01-06 18:39:38.383279+00:00,577.871,0.295,0.29,0.3,0.71,0.7,0.72,69.19,183.0,223.0,35.0,0.28,106.0,0.31,122.0,0.69,172.0,0.73,94.0
2026-01-06 18:39:38.881000+00:00,2026-01-06 18:39:39.392501+00:00,578.881,0.265,0.26,0.27,0.735,0.73,0.74,69.0,247.0,308.0,37.37,0.25,105.0,0.28,372.0,0.72,364.0,0.75,105.0
2026-01-06 18:39:39.889000+00:00,2026-01-06 18:39:40.399016+00:00,579.889,0.25,0.24,0.26,0.745,0.74,0.75,29.4,5.0,5.0,35.0,0.23,411.0,0.27,15.0,0.73,128.0,0.76,31.0
2026-01-06 18:39:40.862000+00:00,2026-01-06 18:39:41.405162+00:00,580.862,0.235,0.23,0.24,0.765,0.76,0.77,209.4,10.0,10.0,209.4,0.22,318.0,0.25,157.0,0.75,218.0,0.78,318.0
