timestamp,collected_at,seconds,up_mid,up_best_bid,up_best_ask,down_mid,down_best_bid,down_best_ask,up_best_bid_size,up_best_ask_size,down_best_bid_size,down_best_ask_size
2026-01-06 11:45:00.245000+00:00,2026-01-06 11:45:00.566447+00:00,0.245,0.435,0.42,0.45,0.565,0.55,0.58,,,,
2026-01-06 11:45:01.281000+00:00,2026-01-06 11:45:01.576666+00:00,1.281,0.43,0.41,0.45,0.5700000000000001,0.55,0.59,,,,
2026-01-06 11:45:02.226000+00:00,2026-01-06 11:45:02.581480+00:00,2.226,0.43,0.41,0.45,0.5700000000000001,0.55,0.59,,,,
2026-01-06 11:45:03.261000+00:00,2026-01-06 11:45:03.588120+00:00,3.261,0.445,0.44,0.45,0.555,0.55,0.56,,,,
2026-01-06 11:45:04.299000+00:00,2026-01-06 11:45:04.599209+00:00,4.299,0.455,0.45,0.46,0.545,0.54,0.55,,,,
2026-01-06 11:45:05.309000+00:00,2026-01-06 11:45:05.615129+00:00,5.309,0.455,0.45,0.46,0.535,0.53,0.54,,,,
2026-01-06 11:45:06.338000+00:00,2026-01-06 11:45:06.616438+00:00,6.338,0.4649999999999999,0.46,0.47,0.535,0.53,0.54,,,,
2026-01-06 11:45:07.244000+00:00,2026-01-06 11:45:07.615667+00:00,7.244,0.4649999999999999,0.46,0.47,0.535,0.53,0.54,,,,
2026-01-06 11:45:08.316000+00:00,2026-01-06 11:45:08.617369+00:00,8.316,0.4649999999999999,0.46,0.47,0.535,0.53,0.54,,,,
2026-01-06 11:45:09.218000+00:00,2026-01-06 11:45:09.613030+00:00,9.218,0.4649999999999999,0.46,0.47,0.535,0.53,0.54,,,,
2026-01-06 11:45:10.288000+00:00,2026-01-06 11:45:10.632485+00:00,10.288,0.4649999999999999,0.46,0.47,0.535,0.53,0.54,,,,
2026-01-06 11:45:11.286000+00:00,2026-01-06 11:45:11.646307+00:00,11.286,0.4649999999999999,0.46,0.47,0.535,0.53,0.54,,,,
2026-01-06 11:45:12.254000+00:00,2026-01-06 11:45:12.668407+00:00,12.254,0.4649999999999999,0.46,0.47,0.535,0.53,0.54,,,,
2026-01-06 11:45:13.346000+00:00,2026-01-06 11:45:13.675121+00:00,13.346,0.4649999999999999,0.46,0.47,0.535,0.53,0.54,,,,
2026-01-06 11:45:14.381000+00:00,2026-01-06 11:45:14.675006+00:00,14.381,0.4649999999999999,0.46,0.47,0.535,0.53,0.54,,,,
2026-01-06 11:45:15.363000+00:00,2026-01-06 11:45:15.677810+00:00,15.363,0.4649999999999999,0.46,0.47,0.535,0.53,0.54,,,,
2026-01-06 11:45:16.400000+00:00,2026-01-06 11:45:16.691611+00:00,16.4,0.4649999999999999,0.46,0.47,0.535,0.53,0.54,,,,
2026-01-06 11:45:17.381000+00:00,2026-01-06 11:45:17.696760+00:00,17.381,0.4649999999999999,0.46,0.47,0.535,0.53,0.54,,,,
2026-01-06 11:45:18.261000+00:00,2026-01-06 11:45:18.696895+00:00,18.261,0.4649999999999999,0.46,0.47,0.535,0.53,0.54,,,,
2026-01-06 11:45:19.375000+00:00,2026-01-06 11:45:19.706464+00:00,19.375,0.4649999999999999,0.46,0.47,0.535,0.53,0.54,,,,
2026-01-06 11:45:20.364000+00:00,2026-01-06 11:45:20.707986+00:00,20.364,0.4649999999999999,0.46,0.47,0.535,0.53,0.54,,,,
2026-01-06 11:45:21.357000+00:00,2026-01-06 11:45:21.724371+00:00,21.357,0.4649999999999999,0.46,0.47,0.535,0.53,0.54,,,,
2026-01-06 11:45:22.313000+00:00,2026-01-06 11:45:22.744018+00:00,22.313,0.4649999999999999,0.46,0.47,0.535,0.53,0.54,,,,
2026-01-06 11:45:23.144000+00:00,2026-01-06 11:45:23.760170+00:00,23.144,0.4649999999999999,0.46,0.47,0.535,0.53,0.54,,,,
2026-01-06 11:45:24.235000+00:00,2026-01-06 11:45:24.763224+00:00,24.235,0.4649999999999999,0.46,0.47,0.535,0.53,0.54,,,,
2026-01-06 11:45:25.440000+00:00,2026-01-06 11:45:25.775568+00:00,25.44,0.4649999999999999,0.46,0.47,0.535,0.53,0.54,,,,
2026-01-06 11:45:26.091000+00:00,2026-01-06 11:45:26.777351+00:00,26.091,0.4649999999999999,0.46,0.47,0.535,0.53,0.54,,,,
2026-01-06 11:45:27.494000+00:00,2026-01-06 11:45:27.792249+00:00,27.494,0.4649999999999999,0.46,0.47,0.535,0.53,0.54,,,,
2026-01-06 11:45:28.483000+00:00,2026-01-06 11:45:28.781867+00:00,28.483,0.4649999999999999,0.46,0.47,0.535,0.53,0.54,,,,
2026-01-06 11:45:29.484000+00:00,2026-01-06 11:45:29.800762+00:00,29.484,0.4649999999999999,0.46,0.47,0.535,0.53,0.54,,,,
2026-01-06 11:45:30.494000+00:00,2026-01-06 11:45:30.809251+00:00,30.494,0.4649999999999999,0.46,0.47,0.535,0.53,0.54,,,,
2026-01-06 11:45:31.413000+00:00,2026-01-06 11:45:31.818097+00:00,31.413,0.4649999999999999,0.46,0.47,0.535,0.53,0.54,,,,
2026-01-06 11:45:32.528000+00:00,2026-01-06 11:45:32.816073+00:00,32.528,0.4649999999999999,0.46,0.47,0.535,0.53,0.54,,,,
2026-01-06 11:45:33.540000+00:00,2026-01-06 11:45:33.831812+00:00,33.54,0.425,0.42,0.43,0.565,0.56,0.57,,,,
2026-01-06 11:45:34.539000+00:00,2026-01-06 11:45:34.828922+00:00,34.539,0.47,0.46,0.48,0.53,0.52,0.54,,,,
2026-01-06 11:45:35.537000+00:00,2026-01-06 11:45:35.830467+00:00,35.537,0.475,0.47,0.48,0.525,0.52,0.53,,,,
2026-01-06 11:45:36.536000+00:00,2026-01-06 11:45:36.832014+00:00,36.536,0.475,0.47,0.48,0.525,0.52,0.53,,,,
2026-01-06 11:45:37.504000+00:00,2026-01-06 11:45:37.830287+00:00,37.504,0.475,0.47,0.48,0.525,0.52,0.53,,,,
2026-01-06 11:45:38.394000+00:00,2026-01-06 11:45:38.834340+00:00,38.394,0.475,0.47,0.48,0.525,0.52,0.53,,,,
2026-01-06 11:45:39.538000+00:00,2026-01-06 11:45:39.830180+00:00,39.538,0.475,0.47,0.48,0.525,0.52,0.53,,,,
2026-01-06 11:45:40.545000+00:00,2026-01-06 11:45:40.845109+00:00,40.545,0.475,0.47,0.48,0.525,0.52,0.53,,,,
2026-01-06 11:45:41.288000+00:00,2026-01-06 11:45:41.863680+00:00,41.288,0.485,0.48,0.49,0.515,0.51,0.52,,,,
2026-01-06 11:45:42.316000+00:00,2026-01-06 11:45:42.868704+00:00,42.316,0.485,0.48,0.49,0.515,0.51,0.52,,,,
2026-01-06 11:45:43.543000+00:00,2026-01-06 11:45:43.884859+00:00,43.543,0.485,0.48,0.49,0.515,0.51,0.52,,,,
2026-01-06 11:45:44.610000+00:00,2026-01-06 11:45:44.900001+00:00,44.61,0.48,0.46,0.5,0.545,0.54,0.55,,,,
2026-01-06 11:45:45.529000+00:00,2026-01-06 11:45:45.901420+00:00,45.529,0.4649999999999999,0.46,0.47,0.535,0.53,0.54,,,,
2026-01-06 11:45:46.615000+00:00,2026-01-06 11:45:46.907239+00:00,46.615,0.4649999999999999,0.46,0.47,0.535,0.53,0.54,,,,
2026-01-06 11:45:47.632000+00:00,2026-01-06 11:45:47.920040+00:00,47.632,0.475,0.47,0.48,0.525,0.52,0.53,,,,
2026-01-06 11:45:48.617000+00:00,2026-01-06 11:45:48.914379+00:00,48.617,0.495,0.49,0.5,0.505,0.5,0.51,,,,
2026-01-06 11:45:49.516000+00:00,2026-01-06 11:45:49.919452+00:00,49.516,0.495,0.49,0.5,0.505,0.5,0.51,,,,
2026-01-06 11:45:50.617000+00:00,2026-01-06 11:45:50.923708+00:00,50.617,0.495,0.49,0.5,0.505,0.5,0.51,,,,
2026-01-06 11:45:51.694000+00:00,2026-01-06 11:45:51.920966+00:00,51.694,0.495,0.49,0.5,0.505,0.5,0.51,,,,
2026-01-06 11:45:52.554000+00:00,2026-01-06 11:45:52.929942+00:00,52.554,0.495,0.49,0.5,0.505,0.5,0.51,,,,
2026-01-06 11:45:53.651000+00:00,2026-01-06 11:45:53.942520+00:00,53.651,0.495,0.49,0.5,0.505,0.5,0.51,,,,
2026-01-06 11:45:54.632000+00:00,2026-01-06 11:45:54.949199+00:00,54.632,0.495,0.49,0.5,0.505,0.5,0.51,,,,
2026-01-06 11:45:55.676000+00:00,2026-01-06 11:45:55.968373+00:00,55.676,0.495,0.49,0.5,0.505,0.5,0.51,,,,
2026-01-06 11:45:56.671000+00:00,2026-01-06 11:45:56.979411+00:00,56.671,0.495,0.49,0.5,0.505,0.5,0.51,,,,
2026-01-06 11:45:57.652000+00:00,2026-01-06 11:45:57.983059+00:00,57.652,0.495,0.49,0.5,0.505,0.5,0.51,,,,
2026-01-06 11:45:58.636000+00:00,2026-01-06 11:45:58.996545+00:00,58.636,0.495,0.49,0.5,0.505,0.5,0.51,,,,
2026-01-06 11:45:59.694000+00:00,2026-01-06 11:45:59.997084+00:00,59.694,0.505,0.5,0.51,0.495,0.49,0.5,,,,
2026-01-06 11:46:00.660000+00:00,2026-01-06 11:46:00.998293+00:00,60.66,0.515,0.51,0.52,0.485,0.48,0.49,,,,
2026-01-06 11:46:01.688000+00:00,2026-01-06 11:46:01.992096+00:00,61.688,0.525,0.52,0.53,0.4649999999999999,0.46,0.47,,,,
2026-01-06 11:46:02.687000+00:00,2026-01-06 11:46:02.989147+00:00,62.687,0.525,0.52,0.53,0.47,0.46,0.48,,,,
2026-01-06 11:46:03.701000+00:00,2026-01-06 11:46:03.991811+00:00,63.701,0.495,0.48,0.51,0.505,0.49,0.52,,,,
2026-01-06 11:46:04.710000+00:00,2026-01-06 11:46:04.982672+00:00,64.71,0.505,0.5,0.51,0.495,0.49,0.5,,,,
2026-01-06 11:46:05.653000+00:00,2026-01-06 11:46:05.997483+00:00,65.653,0.5,0.49,0.51,0.505,0.5,0.51,,,,
2026-01-06 11:46:06.707000+00:00,2026-01-06 11:46:07.010709+00:00,66.707,0.525,0.52,0.53,0.47,0.46,0.48,,,,
2026-01-06 11:46:07.716000+00:00,2026-01-06 11:46:08.004018+00:00,67.716,0.525,0.52,0.53,0.475,0.47,0.48,,,,
2026-01-06 11:46:08.730000+00:00,2026-01-06 11:46:09.008072+00:00,68.73,0.5,0.49,0.51,0.5,0.49,0.51,,,,
2026-01-06 11:46:09.694000+00:00,2026-01-06 11:46:10.004787+00:00,69.694,0.51,0.5,0.52,0.49,0.48,0.5,,,,
2026-01-06 11:46:10.717000+00:00,2026-01-06 11:46:11.014149+00:00,70.717,0.505,0.49,0.52,0.495,0.49,0.5,,,,
2026-01-06 11:46:11.698000+00:00,2026-01-06 11:46:12.012716+00:00,71.698,0.51,0.5,0.52,0.49,0.48,0.5,,,,
2026-01-06 11:46:12.723000+00:00,2026-01-06 11:46:13.022697+00:00,72.723,0.495,0.49,0.5,0.505,0.5,0.51,,,,
2026-01-06 11:46:13.675000+00:00,2026-01-06 11:46:14.030694+00:00,73.675,0.475,0.47,0.48,0.525,0.52,0.53,,,,
2026-01-06 11:46:14.542000+00:00,2026-01-06 11:46:15.045652+00:00,74.542,0.475,0.47,0.48,0.525,0.52,0.53,,,,
2026-01-06 11:46:15.737000+00:00,2026-01-06 11:46:16.056038+00:00,75.737,0.4649999999999999,0.46,0.47,0.54,0.53,0.55,,,,
2026-01-06 11:46:16.773000+00:00,2026-01-06 11:46:17.062130+00:00,76.773,0.445,0.44,0.45,0.555,0.55,0.56,,,,
2026-01-06 11:46:17.722000+00:00,2026-01-06 11:46:18.064328+00:00,77.722,0.4599999999999999,0.45,0.47,0.545,0.53,0.56,,,,
2026-01-06 11:46:18.749000+00:00,2026-01-06 11:46:19.057416+00:00,78.749,0.4549999999999999,0.44,0.47,0.545,0.54,0.55,,,,
2026-01-06 11:46:19.760000+00:00,2026-01-06 11:46:20.055973+00:00,79.76,0.455,0.45,0.46,0.545,0.54,0.55,,,,
2026-01-06 11:46:20.755000+00:00,2026-01-06 11:46:21.063935+00:00,80.755,0.475,0.47,0.48,0.525,0.52,0.53,,,,
2026-01-06 11:46:21.761000+00:00,2026-01-06 11:46:22.078655+00:00,81.761,0.485,0.48,0.49,0.515,0.51,0.52,,,,
2026-01-06 11:46:22.708000+00:00,2026-01-06 11:46:23.074281+00:00,82.708,0.4599999999999999,0.45,0.47,0.54,0.53,0.55,,,,
2026-01-06 11:46:23.790000+00:00,2026-01-06 11:46:24.091156+00:00,83.79,0.445,0.43,0.46,0.5549999999999999,0.54,0.57,,,,
2026-01-06 11:46:24.771000+00:00,2026-01-06 11:46:25.095615+00:00,84.771,0.445,0.44,0.45,0.555,0.55,0.56,,,,
2026-01-06 11:46:25.819000+00:00,2026-01-06 11:46:26.122982+00:00,85.819,0.445,0.44,0.45,0.555,0.55,0.56,,,,
2026-01-06 11:46:26.783000+00:00,2026-01-06 11:46:27.137121+00:00,86.783,0.45,0.44,0.46,0.55,0.54,0.56,,,,
2026-01-06 11:46:27.838000+00:00,2026-01-06 11:46:28.145946+00:00,87.838,0.45,0.44,0.46,0.55,0.54,0.56,,,,
2026-01-06 11:46:28.856000+00:00,2026-01-06 11:46:29.157442+00:00,88.856,0.45,0.44,0.46,0.55,0.54,0.56,,,,
2026-01-06 11:46:29.887000+00:00,2026-01-06 11:46:30.177815+00:00,89.887,0.445,0.44,0.45,0.555,0.55,0.56,,,,
2026-01-06 11:46:30.180000+00:00,2026-01-06 11:46:31.174486+00:00,90.18,0.445,0.44,0.45,0.555,0.55,0.56,,,,
2026-01-06 11:46:31.840000+00:00,2026-01-06 11:46:32.178805+00:00,91.84,0.45,0.44,0.46,0.55,0.54,0.56,,,,
2026-01-06 11:46:32.825000+00:00,2026-01-06 11:46:33.182031+00:00,92.825,0.455,0.45,0.46,0.545,0.54,0.55,,,,
2026-01-06 11:46:33.887000+00:00,2026-01-06 11:46:34.183276+00:00,93.887,0.47,0.46,0.48,0.53,0.52,0.54,,,,
2026-01-06 11:46:34.882000+00:00,2026-01-06 11:46:35.178608+00:00,94.882,0.4599999999999999,0.45,0.47,0.54,0.53,0.55,,,,
2026-01-06 11:46:35.873000+00:00,2026-01-06 11:46:36.176732+00:00,95.873,0.4599999999999999,0.45,0.47,0.54,0.53,0.55,,,,
2026-01-06 11:46:36.909000+00:00,2026-01-06 11:46:37.202851+00:00,96.909,0.47,0.46,0.48,0.535,0.52,0.55,,,,
2026-01-06 11:46:37.902000+00:00,2026-01-06 11:46:38.202359+00:00,97.902,0.485,0.48,0.49,0.515,0.51,0.52,,,,
2026-01-06 11:46:38.888000+00:00,2026-01-06 11:46:39.220008+00:00,98.888,0.485,0.48,0.49,0.515,0.51,0.52,,,,
2026-01-06 11:46:39.889000+00:00,2026-01-06 11:46:40.238604+00:00,99.889,0.495,0.49,0.5,0.505,0.5,0.51,,,,
2026-01-06 11:46:40.932000+00:00,2026-01-06 11:46:41.257093+00:00,100.932,0.49,0.48,0.5,0.51,0.5,0.52,,,,
2026-01-06 11:46:41.931000+00:00,2026-01-06 11:46:42.261641+00:00,101.931,0.49,0.48,0.5,0.51,0.5,0.52,,,,
2026-01-06 11:46:42.958000+00:00,2026-01-06 11:46:43.278184+00:00,102.958,0.475,0.47,0.48,0.525,0.52,0.53,,,,
2026-01-06 11:46:43.943000+00:00,2026-01-06 11:46:44.273507+00:00,103.943,0.48,0.47,0.49,0.52,0.51,0.53,,,,
2026-01-06 11:46:44.984000+00:00,2026-01-06 11:46:45.273748+00:00,104.984,0.48,0.47,0.49,0.52,0.51,0.53,,,,
2026-01-06 11:46:45.828000+00:00,2026-01-06 11:46:46.289511+00:00,105.828,0.48,0.47,0.49,0.52,0.51,0.53,,,,
2026-01-06 11:46:46.913000+00:00,2026-01-06 11:46:47.313857+00:00,106.913,0.48,0.47,0.49,0.52,0.51,0.53,,,,
2026-01-06 11:46:47.958000+00:00,2026-01-06 11:46:48.314665+00:00,107.958,0.515,0.5,0.53,0.485,0.47,0.5,,,,
2026-01-06 11:46:49.022000+00:00,2026-01-06 11:46:49.315897+00:00,109.022,0.525,0.52,0.53,0.475,0.47,0.48,,,,
2026-01-06 11:46:50.979000+00:00,2026-01-06 11:46:51.326584+00:00,110.979,0.475,0.47,0.48,0.525,0.52,0.53,,,,
2026-01-06 11:46:51.845000+00:00,2026-01-06 11:46:52.328564+00:00,111.845,0.48,0.47,0.49,0.52,0.51,0.53,,,,
2026-01-06 11:46:53.005000+00:00,2026-01-06 11:46:53.328067+00:00,113.005,0.48,0.47,0.49,0.52,0.51,0.53,,,,
2026-01-06 11:46:54.014000+00:00,2026-01-06 11:46:54.356979+00:00,114.014,0.48,0.47,0.49,0.52,0.51,0.53,,,,
2026-01-06 11:46:55.717000+00:00,2026-01-06 11:46:56.349841+00:00,115.717,0.495,0.49,0.5,0.505,0.5,0.51,,,,
2026-01-06 11:46:56.798000+00:00,2026-01-06 11:46:57.361901+00:00,116.798,0.495,0.49,0.5,0.505,0.5,0.51,,,,
2026-01-06 11:46:58.015000+00:00,2026-01-06 11:46:58.375600+00:00,118.015,0.495,0.49,0.5,0.505,0.5,0.51,,,,
2026-01-06 11:46:59.053000+00:00,2026-01-06 11:46:59.383823+00:00,119.053,0.495,0.49,0.5,0.505,0.5,0.51,,,,
2026-01-06 11:47:00.104000+00:00,2026-01-06 11:47:00.396355+00:00,120.104,0.535,0.53,0.54,0.4649999999999999,0.46,0.47,,,,
2026-01-06 11:47:01.741000+00:00,2026-01-06 11:47:02.413849+00:00,121.741,0.54,0.53,0.55,0.4599999999999999,0.45,0.47,,,,
2026-01-06 11:47:03.125000+00:00,2026-01-06 11:47:03.421756+00:00,123.125,0.575,0.57,0.58,0.425,0.42,0.43,,,,
2026-01-06 11:47:04.139000+00:00,2026-01-06 11:47:04.447229+00:00,124.139,0.585,0.58,0.59,0.415,0.41,0.42,,,,
2026-01-06 11:47:05.100000+00:00,2026-01-06 11:47:05.445025+00:00,125.1,0.585,0.58,0.59,0.415,0.41,0.42,,,,
2026-01-06 11:47:06.161000+00:00,2026-01-06 11:47:06.459833+00:00,126.161,0.575,0.57,0.58,0.425,0.42,0.43,,,,
2026-01-06 11:47:07.076000+00:00,2026-01-06 11:47:07.464003+00:00,127.076,0.575,0.57,0.58,0.425,0.42,0.43,,,,
2026-01-06 11:47:08.080000+00:00,2026-01-06 11:47:08.470606+00:00,128.08,0.575,0.57,0.58,0.425,0.42,0.43,,,,
2026-01-06 11:47:09.171000+00:00,2026-01-06 11:47:09.480814+00:00,129.171,0.575,0.57,0.58,0.425,0.42,0.43,,,,
2026-01-06 11:47:10.168000+00:00,2026-01-06 11:47:10.477143+00:00,130.168,0.575,0.57,0.58,0.425,0.42,0.43,,,,
2026-01-06 11:47:11.203000+00:00,2026-01-06 11:47:11.492882+00:00,131.203,0.575,0.57,0.58,0.425,0.42,0.43,,,,
2026-01-06 11:47:12.213000+00:00,2026-01-06 11:47:12.494322+00:00,132.213,0.595,0.59,0.6,0.405,0.4,0.41,,,,
2026-01-06 11:47:13.220000+00:00,2026-01-06 11:47:13.513359+00:00,133.22,0.615,0.61,0.62,0.385,0.38,0.39,,,,
2026-01-06 11:47:14.106000+00:00,2026-01-06 11:47:14.512763+00:00,134.106,0.59,0.58,0.6,0.41,0.4,0.42,,,,
2026-01-06 11:47:15.160000+00:00,2026-01-06 11:47:15.524423+00:00,135.16,0.59,0.58,0.6,0.41,0.4,0.42,,,,
2026-01-06 11:47:16.052000+00:00,2026-01-06 11:47:16.542709+00:00,136.052,0.59,0.58,0.6,0.41,0.4,0.42,,,,
2026-01-06 11:47:17.061000+00:00,2026-01-06 11:47:17.557315+00:00,137.061,0.585,0.58,0.59,0.415,0.41,0.42,,,,
2026-01-06 11:47:18.049000+00:00,2026-01-06 11:47:18.559596+00:00,138.049,0.585,0.58,0.59,0.415,0.41,0.42,,,,
2026-01-06 11:47:19.205000+00:00,2026-01-06 11:47:19.562479+00:00,139.205,0.58,0.57,0.59,0.42,0.41,0.43,,,,
2026-01-06 11:47:20.242000+00:00,2026-01-06 11:47:20.575403+00:00,140.242,0.58,0.57,0.59,0.42,0.41,0.43,,,,
2026-01-06 11:47:21.182000+00:00,2026-01-06 11:47:21.579542+00:00,141.182,0.58,0.57,0.59,0.42,0.41,0.43,,,,
2026-01-06 11:47:22.256000+00:00,2026-01-06 11:47:22.586720+00:00,142.256,0.595,0.59,0.6,0.405,0.4,0.41,,,,
2026-01-06 11:47:23.289000+00:00,2026-01-06 11:47:23.587562+00:00,143.289,0.595,0.59,0.6,0.405,0.4,0.41,,,,
2026-01-06 11:47:24.265000+00:00,2026-01-06 11:47:24.590270+00:00,144.265,0.595,0.59,0.6,0.405,0.4,0.41,,,,
2026-01-06 11:47:25.309000+00:00,2026-01-06 11:47:25.605458+00:00,145.309,0.595,0.59,0.6,0.405,0.4,0.41,,,,
2026-01-06 11:47:26.301000+00:00,2026-01-06 11:47:26.609912+00:00,146.301,0.565,0.56,0.57,0.435,0.43,0.44,,,,
2026-01-06 11:47:27.295000+00:00,2026-01-06 11:47:27.609245+00:00,147.295,0.555,0.55,0.56,0.445,0.44,0.45,,,,
2026-01-06 11:47:28.331000+00:00,2026-01-06 11:47:28.621327+00:00,148.331,0.555,0.55,0.56,0.445,0.44,0.45,,,,
2026-01-06 11:47:29.290000+00:00,2026-01-06 11:47:29.631764+00:00,149.29,0.545,0.54,0.55,0.455,0.45,0.46,,,,
2026-01-06 11:47:30.342000+00:00,2026-01-06 11:47:30.648929+00:00,150.342,0.55,0.54,0.56,0.45,0.44,0.46,,,,
2026-01-06 11:47:31.365000+00:00,2026-01-06 11:47:31.672537+00:00,151.365,0.55,0.54,0.56,0.45,0.44,0.46,,,,
2026-01-06 11:47:32.393000+00:00,2026-01-06 11:47:32.688568+00:00,152.393,0.525,0.52,0.53,0.475,0.47,0.48,,,,
2026-01-06 11:47:33.423000+00:00,2026-01-06 11:47:33.713312+00:00,153.423,0.5,0.49,0.51,0.5,0.49,0.51,,,,
2026-01-06 11:47:34.481000+00:00,2026-01-06 11:47:34.727369+00:00,154.481,0.49,0.48,0.5,0.51,0.5,0.52,,,,
2026-01-06 11:47:35.447000+00:00,2026-01-06 11:47:35.741593+00:00,155.447,0.4649999999999999,0.46,0.47,0.535,0.53,0.54,,,,
2026-01-06 11:47:36.463000+00:00,2026-01-06 11:47:36.759873+00:00,156.463,0.47,0.46,0.48,0.53,0.52,0.54,,,,
2026-01-06 11:47:37.359000+00:00,2026-01-06 11:47:37.754689+00:00,157.359,0.485,0.48,0.49,0.515,0.51,0.52,,,,
2026-01-06 11:47:38.427000+00:00,2026-01-06 11:47:38.758643+00:00,158.427,0.485,0.48,0.49,0.515,0.51,0.52,,,,
2026-01-06 11:47:39.463000+00:00,2026-01-06 11:47:39.757978+00:00,159.463,0.48,0.47,0.49,0.52,0.51,0.53,,,,
2026-01-06 11:47:40.452000+00:00,2026-01-06 11:47:40.770753+00:00,160.452,0.485,0.48,0.49,0.52,0.51,0.53,,,,
2026-01-06 11:47:41.439000+00:00,2026-01-06 11:47:41.775606+00:00,161.439,0.475,0.47,0.48,0.525,0.52,0.53,,,,
2026-01-06 11:47:42.452000+00:00,2026-01-06 11:47:42.780194+00:00,162.452,0.4649999999999999,0.46,0.47,0.535,0.53,0.54,,,,
2026-01-06 11:47:43.487000+00:00,2026-01-06 11:47:43.791746+00:00,163.487,0.4599999999999999,0.45,0.47,0.54,0.53,0.55,,,,
2026-01-06 11:47:44.366000+00:00,2026-01-06 11:47:44.794345+00:00,164.366,0.455,0.45,0.46,0.545,0.54,0.55,,,,
2026-01-06 11:47:45.401000+00:00,2026-01-06 11:47:45.804311+00:00,165.401,0.455,0.45,0.46,0.545,0.54,0.55,,,,
2026-01-06 11:47:46.493000+00:00,2026-01-06 11:47:46.820586+00:00,166.493,0.4649999999999999,0.46,0.47,0.535,0.53,0.54,,,,
2026-01-06 11:47:47.528000+00:00,2026-01-06 11:47:47.820891+00:00,167.528,0.4649999999999999,0.46,0.47,0.535,0.53,0.54,,,,
2026-01-06 11:47:48.501000+00:00,2026-01-06 11:47:48.817585+00:00,168.501,0.4649999999999999,0.46,0.47,0.535,0.53,0.54,,,,
2026-01-06 11:47:49.417000+00:00,2026-01-06 11:47:49.831249+00:00,169.417,0.485,0.48,0.49,0.515,0.51,0.52,,,,
2026-01-06 11:47:50.409000+00:00,2026-01-06 11:47:50.844368+00:00,170.409,0.485,0.48,0.49,0.515,0.51,0.52,,,,
2026-01-06 11:47:51.533000+00:00,2026-01-06 11:47:51.856254+00:00,171.533,0.485,0.48,0.49,0.515,0.51,0.52,,,,
2026-01-06 11:47:52.433000+00:00,2026-01-06 11:47:52.858134+00:00,172.433,0.485,0.48,0.49,0.515,0.51,0.52,,,,
2026-01-06 11:47:53.557000+00:00,2026-01-06 11:47:53.874200+00:00,173.557,0.485,0.48,0.49,0.515,0.51,0.52,,,,
2026-01-06 11:47:54.428000+00:00,2026-01-06 11:47:54.876283+00:00,174.428,0.485,0.48,0.49,0.515,0.51,0.52,,,,
2026-01-06 11:47:55.470000+00:00,2026-01-06 11:47:55.885449+00:00,175.47,0.485,0.48,0.49,0.515,0.51,0.52,,,,
2026-01-06 11:47:56.591000+00:00,2026-01-06 11:47:56.892003+00:00,176.591,0.485,0.48,0.49,0.515,0.51,0.52,,,,
2026-01-06 11:47:57.632000+00:00,2026-01-06 11:47:57.890478+00:00,177.632,0.48,0.47,0.49,0.525,0.52,0.53,,,,
2026-01-06 11:47:58.614000+00:00,2026-01-06 11:47:58.905684+00:00,178.614,0.475,0.47,0.48,0.525,0.52,0.53,,,,
2026-01-06 11:47:59.589000+00:00,2026-01-06 11:47:59.908234+00:00,179.589,0.47,0.46,0.48,0.535,0.53,0.54,,,,
2026-01-06 11:48:00.604000+00:00,2026-01-06 11:48:00.914423+00:00,180.604,0.4,0.39,0.41,0.6,0.59,0.61,,,,
2026-01-06 11:48:01.617000+00:00,2026-01-06 11:48:01.925440+00:00,181.617,0.415,0.41,0.42,0.585,0.58,0.59,,,,
2026-01-06 11:48:02.626000+00:00,2026-01-06 11:48:02.923365+00:00,182.626,0.4649999999999999,0.46,0.47,0.535,0.53,0.54,,,,
2026-01-06 11:48:03.596000+00:00,2026-01-06 11:48:03.929512+00:00,183.596,0.4649999999999999,0.46,0.47,0.535,0.53,0.54,,,,
2026-01-06 11:48:04.626000+00:00,2026-01-06 11:48:04.938626+00:00,184.626,0.4649999999999999,0.46,0.47,0.535,0.53,0.54,,,,
2026-01-06 11:48:05.625000+00:00,2026-01-06 11:48:05.944631+00:00,185.625,0.495,0.49,0.5,0.505,0.5,0.51,,,,
2026-01-06 11:48:06.629000+00:00,2026-01-06 11:48:06.945967+00:00,186.629,0.515,0.51,0.52,0.495,0.48,0.51,,,,
2026-01-06 11:48:07.678000+00:00,2026-01-06 11:48:07.975379+00:00,187.678,0.515,0.51,0.52,0.485,0.48,0.49,,,,
2026-01-06 11:48:08.630000+00:00,2026-01-06 11:48:08.972625+00:00,188.63,0.5,0.49,0.51,0.49,0.48,0.5,,,,
2026-01-06 11:48:09.644000+00:00,2026-01-06 11:48:09.977169+00:00,189.644,0.51,0.5,0.52,0.49,0.48,0.5,,,,
2026-01-06 11:48:10.650000+00:00,2026-01-06 11:48:10.972542+00:00,190.65,0.515,0.51,0.52,0.485,0.48,0.49,,,,
2026-01-06 11:48:11.614000+00:00,2026-01-06 11:48:11.970534+00:00,191.614,0.525,0.52,0.53,0.475,0.47,0.48,,,,
2026-01-06 11:48:12.687000+00:00,2026-01-06 11:48:12.985482+00:00,192.687,0.525,0.52,0.53,0.475,0.47,0.48,,,,
2026-01-06 11:48:13.697000+00:00,2026-01-06 11:48:13.993574+00:00,193.697,0.505,0.5,0.51,0.495,0.49,0.5,,,,
2026-01-06 11:48:14.697000+00:00,2026-01-06 11:48:15.006691+00:00,194.697,0.505,0.5,0.51,0.495,0.49,0.5,,,,
2026-01-06 11:48:15.683000+00:00,2026-01-06 11:48:16.001744+00:00,195.683,0.505,0.5,0.51,0.495,0.49,0.5,,,,
2026-01-06 11:48:16.698000+00:00,2026-01-06 11:48:17.019088+00:00,196.698,0.515,0.51,0.52,0.485,0.48,0.49,,,,
2026-01-06 11:48:17.713000+00:00,2026-01-06 11:48:18.028575+00:00,197.713,0.515,0.51,0.52,0.485,0.48,0.49,,,,
2026-01-06 11:48:18.724000+00:00,2026-01-06 11:48:19.047088+00:00,198.724,0.525,0.52,0.53,0.475,0.47,0.48,,,,
2026-01-06 11:48:19.758000+00:00,2026-01-06 11:48:20.061288+00:00,199.758,0.525,0.52,0.53,0.455,0.45,0.46,,,,
2026-01-06 11:48:20.759000+00:00,2026-01-06 11:48:21.079840+00:00,200.759,0.545,0.54,0.55,0.455,0.45,0.46,,,,
2026-01-06 11:48:21.793000+00:00,2026-01-06 11:48:22.102717+00:00,201.793,0.545,0.54,0.55,0.455,0.45,0.46,,,,
2026-01-06 11:48:22.773000+00:00,2026-01-06 11:48:23.102435+00:00,202.773,0.545,0.54,0.55,0.455,0.45,0.46,,,,
2026-01-06 11:48:23.815000+00:00,2026-01-06 11:48:24.118772+00:00,203.815,0.545,0.54,0.55,0.4649999999999999,0.46,0.47,,,,
2026-01-06 11:48:24.591000+00:00,2026-01-06 11:48:25.122428+00:00,204.591,0.535,0.53,0.54,0.4649999999999999,0.46,0.47,,,,
2026-01-06 11:48:25.837000+00:00,2026-01-06 11:48:26.139492+00:00,205.837,0.535,0.53,0.54,0.4649999999999999,0.46,0.47,,,,
2026-01-06 11:48:26.785000+00:00,2026-01-06 11:48:27.140323+00:00,206.785,0.535,0.53,0.54,0.4599999999999999,0.45,0.47,,,,
2026-01-06 11:48:27.826000+00:00,2026-01-06 11:48:28.143046+00:00,207.826,0.545,0.54,0.55,0.455,0.45,0.46,,,,
2026-01-06 11:48:28.550000+00:00,2026-01-06 11:48:29.157206+00:00,208.55,0.545,0.54,0.55,0.455,0.45,0.46,,,,
2026-01-06 11:48:29.691000+00:00,2026-01-06 11:48:30.155669+00:00,209.691,0.545,0.54,0.55,0.455,0.45,0.46,,,,
2026-01-06 11:48:30.766000+00:00,2026-01-06 11:48:31.163182+00:00,210.766,0.545,0.54,0.55,0.455,0.45,0.46,,,,
2026-01-06 11:48:31.856000+00:00,2026-01-06 11:48:32.167284+00:00,211.856,0.535,0.53,0.54,0.4649999999999999,0.46,0.47,,,,
2026-01-06 11:48:32.854000+00:00,2026-01-06 11:48:33.175585+00:00,212.854,0.535,0.53,0.54,0.4649999999999999,0.46,0.47,,,,
2026-01-06 11:48:33.383000+00:00,2026-01-06 11:48:34.172860+00:00,213.383,0.535,0.53,0.54,0.4649999999999999,0.46,0.47,,,,
2026-01-06 11:48:34.874000+00:00,2026-01-06 11:48:35.174359+00:00,214.874,0.555,0.55,0.56,0.445,0.44,0.45,,,,
2026-01-06 11:48:35.868000+00:00,2026-01-06 11:48:36.199025+00:00,215.868,0.545,0.54,0.55,0.455,0.45,0.46,,,,
2026-01-06 11:48:36.698000+00:00,2026-01-06 11:48:37.202498+00:00,216.698,0.545,0.54,0.55,0.455,0.45,0.46,,,,
2026-01-06 11:48:37.735000+00:00,2026-01-06 11:48:38.217162+00:00,217.735,0.545,0.54,0.55,0.455,0.45,0.46,,,,
2026-01-06 11:48:38.930000+00:00,2026-01-06 11:48:39.229771+00:00,218.93,0.54,0.53,0.55,0.4599999999999999,0.45,0.47,,,,
2026-01-06 11:48:39.881000+00:00,2026-01-06 11:48:40.232275+00:00,219.881,0.55,0.54,0.56,0.445,0.44,0.45,,,,
2026-01-06 11:48:40.919000+00:00,2026-01-06 11:48:41.243701+00:00,220.919,0.555,0.55,0.56,0.445,0.44,0.45,,,,
2026-01-06 11:48:41.911000+00:00,2026-01-06 11:48:42.261395+00:00,221.911,0.55,0.54,0.56,0.45,0.44,0.46,,,,
2026-01-06 11:48:42.942000+00:00,2026-01-06 11:48:43.275087+00:00,222.942,0.545,0.54,0.55,0.455,0.45,0.46,,,,
2026-01-06 11:48:43.861000+00:00,2026-01-06 11:48:44.285262+00:00,223.861,0.535,0.53,0.54,0.4649999999999999,0.46,0.47,,,,
2026-01-06 11:48:44.969000+00:00,2026-01-06 11:48:45.309878+00:00,224.969,0.535,0.53,0.54,0.4649999999999999,0.46,0.47,,,,
2026-01-06 11:48:46.801000+00:00,2026-01-06 11:48:47.311006+00:00,226.801,0.545,0.54,0.55,0.455,0.45,0.46,,,,
2026-01-06 11:48:48.044000+00:00,2026-01-06 11:48:48.316169+00:00,228.044,0.545,0.54,0.55,0.455,0.45,0.46,,,,
2026-01-06 11:48:49.003000+00:00,2026-01-06 11:48:49.316943+00:00,229.003,0.545,0.54,0.55,0.455,0.45,0.46,,,,
2026-01-06 11:48:50.019000+00:00,2026-01-06 11:48:50.318064+00:00,230.019,0.545,0.54,0.55,0.455,0.45,0.46,,,,
2026-01-06 11:48:51.041000+00:00,2026-01-06 11:48:51.328287+00:00,231.041,0.525,0.52,0.53,0.545,0.54,0.55,,,,
2026-01-06 11:48:52.048000+00:00,2026-01-06 11:48:52.334527+00:00,232.048,0.455,0.45,0.46,0.545,0.54,0.55,,,,
2026-01-06 11:48:53.030000+00:00,2026-01-06 11:48:53.325036+00:00,233.03,0.445,0.44,0.45,0.56,0.55,0.57,,,,
2026-01-06 11:48:54.033000+00:00,2026-01-06 11:48:54.318105+00:00,234.033,0.445,0.44,0.45,0.555,0.55,0.56,,,,
2026-01-06 11:48:55.822000+00:00,2026-01-06 11:48:56.343403+00:00,235.822,0.445,0.44,0.45,0.555,0.55,0.56,,,,
2026-01-06 11:48:57.057000+00:00,2026-01-06 11:48:57.362360+00:00,237.057,0.44,0.43,0.45,0.56,0.55,0.57,,,,
2026-01-06 11:48:58.039000+00:00,2026-01-06 11:48:58.370735+00:00,238.039,0.425,0.42,0.43,0.575,0.57,0.58,,,,
2026-01-06 11:48:59.001000+00:00,2026-01-06 11:48:59.383653+00:00,239.001,0.415,0.41,0.42,0.585,0.58,0.59,,,,
2026-01-06 11:49:00.057000+00:00,2026-01-06 11:49:00.394255+00:00,240.057,0.405,0.4,0.41,0.595,0.59,0.6,,,,
2026-01-06 11:49:01.047000+00:00,2026-01-06 11:49:01.400159+00:00,241.047,0.395,0.39,0.4,0.605,0.6,0.61,,,,
2026-01-06 11:49:02.100000+00:00,2026-01-06 11:49:02.394789+00:00,242.1,0.395,0.39,0.4,0.605,0.6,0.61,,,,
2026-01-06 11:49:03.081000+00:00,2026-01-06 11:49:03.416629+00:00,243.081,0.395,0.39,0.4,0.605,0.6,0.61,,,,
2026-01-06 11:49:04.135000+00:00,2026-01-06 11:49:04.425032+00:00,244.135,0.395,0.39,0.4,0.605,0.6,0.61,,,,
2026-01-06 11:49:05.135000+00:00,2026-01-06 11:49:05.432367+00:00,245.135,0.365,0.36,0.37,0.635,0.63,0.64,,,,
2026-01-06 11:49:06.129000+00:00,2026-01-06 11:49:06.423046+00:00,246.129,0.355,0.35,0.36,0.645,0.64,0.65,,,,
2026-01-06 11:49:07.139000+00:00,2026-01-06 11:49:07.434043+00:00,247.139,0.355,0.35,0.36,0.645,0.64,0.65,,,,
2026-01-06 11:49:08.155000+00:00,2026-01-06 11:49:08.440773+00:00,248.155,0.395,0.39,0.4,0.605,0.6,0.61,,,,
2026-01-06 11:49:09.147000+00:00,2026-01-06 11:49:09.450020+00:00,249.147,0.395,0.39,0.4,0.615,0.61,0.62,,,,
2026-01-06 11:49:10.175000+00:00,2026-01-06 11:49:10.462101+00:00,250.175,0.385,0.38,0.39,0.615,0.61,0.62,,,,
2026-01-06 11:49:11.170000+00:00,2026-01-06 11:49:11.471548+00:00,251.17,0.385,0.38,0.39,0.615,0.61,0.62,,,,
2026-01-06 11:49:12.206000+00:00,2026-01-06 11:49:12.490025+00:00,252.206,0.385,0.38,0.39,0.615,0.61,0.62,,,,
2026-01-06 11:49:13.197000+00:00,2026-01-06 11:49:13.500290+00:00,253.197,0.345,0.34,0.35,0.655,0.65,0.66,,,,
2026-01-06 11:49:14.208000+00:00,2026-01-06 11:49:14.507602+00:00,254.208,0.32,0.31,0.33,0.675,0.67,0.68,,,,
2026-01-06 11:49:15.172000+00:00,2026-01-06 11:49:15.516594+00:00,255.172,0.325,0.32,0.33,0.675,0.67,0.68,,,,
2026-01-06 11:49:16.213000+00:00,2026-01-06 11:49:16.521508+00:00,256.213,0.315,0.31,0.32,0.6799999999999999,0.67,0.69,,,,
2026-01-06 11:49:17.205000+00:00,2026-01-06 11:49:17.535883+00:00,257.205,0.315,0.31,0.32,0.685,0.68,0.69,,,,
2026-01-06 11:49:18.007000+00:00,2026-01-06 11:49:18.537977+00:00,258.007,0.32,0.31,0.33,0.6799999999999999,0.67,0.69,,,,
2026-01-06 11:49:19.242000+00:00,2026-01-06 11:49:19.537493+00:00,259.242,0.305,0.3,0.31,0.695,0.69,0.7,,,,
2026-01-06 11:49:20.166000+00:00,2026-01-06 11:49:20.545098+00:00,260.166,0.31,0.3,0.32,0.69,0.68,0.7,,,,
2026-01-06 11:49:21.247000+00:00,2026-01-06 11:49:21.548753+00:00,261.247,0.305,0.3,0.31,0.695,0.69,0.7,,,,
2026-01-06 11:49:22.237000+00:00,2026-01-06 11:49:22.547341+00:00,262.237,0.285,0.28,0.29,0.715,0.71,0.72,,,,
2026-01-06 11:49:23.181000+00:00,2026-01-06 11:49:23.555038+00:00,263.181,0.285,0.28,0.29,0.715,0.71,0.72,,,,
2026-01-06 11:49:24.253000+00:00,2026-01-06 11:49:24.566481+00:00,264.253,0.285,0.28,0.29,0.715,0.71,0.72,,,,
2026-01-06 11:49:25.264000+00:00,2026-01-06 11:49:25.570544+00:00,265.264,0.305,0.3,0.31,0.695,0.69,0.7,,,,
2026-01-06 11:49:26.273000+00:00,2026-01-06 11:49:26.569262+00:00,266.273,0.355,0.35,0.36,0.625,0.62,0.63,,,,
2026-01-06 11:49:27.040000+00:00,2026-01-06 11:49:27.572307+00:00,267.04,0.355,0.35,0.36,0.645,0.64,0.65,,,,
2026-01-06 11:49:28.266000+00:00,2026-01-06 11:49:28.583334+00:00,268.266,0.3399999999999999,0.33,0.35,0.66,0.65,0.67,,,,
2026-01-06 11:49:29.300000+00:00,2026-01-06 11:49:29.580530+00:00,269.3,0.33,0.32,0.34,0.675,0.67,0.68,,,,
2026-01-06 11:49:30.286000+00:00,2026-01-06 11:49:30.588090+00:00,270.286,0.32,0.31,0.33,0.6799999999999999,0.67,0.69,,,,
2026-01-06 11:49:31.264000+00:00,2026-01-06 11:49:31.590232+00:00,271.264,0.325,0.32,0.33,0.675,0.67,0.68,,,,
2026-01-06 11:49:32.283000+00:00,2026-01-06 11:49:32.599454+00:00,272.283,0.325,0.32,0.33,0.675,0.67,0.68,,,,
2026-01-06 11:49:33.307000+00:00,2026-01-06 11:49:33.600869+00:00,273.307,0.335,0.33,0.34,0.665,0.66,0.67,,,,
2026-01-06 11:49:34.305000+00:00,2026-01-06 11:49:34.599456+00:00,274.305,0.35,0.34,0.36,0.645,0.64,0.65,,,,
2026-01-06 11:49:35.309000+00:00,2026-01-06 11:49:35.617471+00:00,275.309,0.35,0.34,0.36,0.645,0.64,0.65,,,,
2026-01-06 11:49:36.116000+00:00,2026-01-06 11:49:36.622577+00:00,276.116,0.345,0.34,0.35,0.655,0.65,0.66,,,,
2026-01-06 11:49:37.206000+00:00,2026-01-06 11:49:37.616032+00:00,277.206,0.345,0.34,0.35,0.655,0.65,0.66,,,,
2026-01-06 11:49:38.348000+00:00,2026-01-06 11:49:38.637608+00:00,278.348,0.345,0.34,0.35,0.655,0.65,0.66,,,,
2026-01-06 11:49:39.404000+00:00,2026-01-06 11:49:39.663841+00:00,279.404,0.355,0.35,0.36,0.645,0.64,0.65,,,,
2026-01-06 11:49:40.385000+00:00,2026-01-06 11:49:40.678037+00:00,280.385,0.355,0.35,0.36,0.645,0.64,0.65,,,,
2026-01-06 11:49:41.387000+00:00,2026-01-06 11:49:41.681225+00:00,281.387,0.445,0.44,0.45,0.555,0.55,0.56,,,,
2026-01-06 11:49:42.375000+00:00,2026-01-06 11:49:42.681352+00:00,282.375,0.39,0.38,0.4,0.61,0.6,0.62,,,,
2026-01-06 11:49:43.401000+00:00,2026-01-06 11:49:43.696404+00:00,283.401,0.395,0.39,0.4,0.605,0.6,0.61,,,,
2026-01-06 11:49:44.297000+00:00,2026-01-06 11:49:44.708183+00:00,284.297,0.395,0.39,0.4,0.605,0.6,0.61,,,,
2026-01-06 11:49:45.384000+00:00,2026-01-06 11:49:45.713900+00:00,285.384,0.395,0.39,0.4,0.595,0.59,0.6,,,,
2026-01-06 11:49:46.334000+00:00,2026-01-06 11:49:46.715780+00:00,286.334,0.405,0.4,0.41,0.585,0.57,0.6,,,,
2026-01-06 11:49:47.429000+00:00,2026-01-06 11:49:47.728716+00:00,287.429,0.415,0.41,0.42,0.585,0.58,0.59,,,,
2026-01-06 11:49:48.289000+00:00,2026-01-06 11:49:48.722283+00:00,288.289,0.42,0.41,0.43,0.58,0.57,0.59,,,,
2026-01-06 11:49:49.434000+00:00,2026-01-06 11:49:49.730571+00:00,289.434,0.42,0.41,0.43,0.58,0.57,0.59,,,,
2026-01-06 11:49:50.355000+00:00,2026-01-06 11:49:50.733621+00:00,290.355,0.425,0.42,0.43,0.575,0.57,0.58,,,,
2026-01-06 11:49:51.400000+00:00,2026-01-06 11:49:51.730245+00:00,291.4,0.445,0.44,0.45,0.555,0.55,0.56,,,,
2026-01-06 11:49:52.378000+00:00,2026-01-06 11:49:52.730785+00:00,292.378,0.435,0.43,0.44,0.565,0.56,0.57,,,,
2026-01-06 11:49:53.177000+00:00,2026-01-06 11:49:53.738315+00:00,293.177,0.435,0.43,0.44,0.565,0.56,0.57,,,,
2026-01-06 11:49:54.324000+00:00,2026-01-06 11:49:54.748477+00:00,294.324,0.435,0.43,0.44,0.565,0.56,0.57,,,,
2026-01-06 11:49:55.449000+00:00,2026-01-06 11:49:55.746350+00:00,295.449,0.435,0.43,0.44,0.565,0.56,0.57,,,,
2026-01-06 11:49:56.373000+00:00,2026-01-06 11:49:56.762335+00:00,296.373,0.44,0.43,0.45,0.56,0.55,0.57,,,,
2026-01-06 11:49:57.476000+00:00,2026-01-06 11:49:57.770442+00:00,297.476,0.545,0.54,0.55,0.455,0.45,0.46,,,,
2026-01-06 11:49:58.496000+00:00,2026-01-06 11:49:58.783013+00:00,298.496,0.575,0.57,0.58,0.425,0.42,0.43,,,,
2026-01-06 11:49:59.472000+00:00,2026-01-06 11:49:59.782238+00:00,299.472,0.58,0.57,0.59,0.425,0.42,0.43,,,,
2026-01-06 11:50:00.485000+00:00,2026-01-06 11:50:00.780746+00:00,300.485,0.575,0.57,0.58,0.425,0.42,0.43,,,,
2026-01-06 11:50:01.503000+00:00,2026-01-06 11:50:01.788529+00:00,301.503,0.535,0.53,0.54,0.4649999999999999,0.46,0.47,,,,
2026-01-06 11:50:02.470000+00:00,2026-01-06 11:50:02.788172+00:00,302.47,0.545,0.54,0.55,0.455,0.45,0.46,,,,
2026-01-06 11:50:03.506000+00:00,2026-01-06 11:50:03.798054+00:00,303.506,0.545,0.54,0.55,0.4599999999999999,0.45,0.47,,,,
2026-01-06 11:50:04.425000+00:00,2026-01-06 11:50:04.805075+00:00,304.425,0.55,0.54,0.56,0.445,0.43,0.46,,,,
2026-01-06 11:50:05.498000+00:00,2026-01-06 11:50:05.815204+00:00,305.498,0.565,0.56,0.57,0.435,0.43,0.44,,,,
2026-01-06 11:50:06.519000+00:00,2026-01-06 11:50:06.819426+00:00,306.519,0.565,0.56,0.57,0.435,0.43,0.44,,,,
2026-01-06 11:50:07.519000+00:00,2026-01-06 11:50:07.822407+00:00,307.519,0.575,0.57,0.58,0.425,0.42,0.43,,,,
2026-01-06 11:50:08.495000+00:00,2026-01-06 11:50:08.831363+00:00,308.495,0.565,0.56,0.57,0.435,0.43,0.44,,,,
2026-01-06 11:50:09.413000+00:00,2026-01-06 11:50:09.839045+00:00,309.413,0.575,0.56,0.59,0.425,0.41,0.44,,,,
2026-01-06 11:50:10.340000+00:00,2026-01-06 11:50:10.852786+00:00,310.34,0.575,0.56,0.59,0.425,0.41,0.44,,,,
2026-01-06 11:50:11.575000+00:00,2026-01-06 11:50:11.867569+00:00,311.575,0.545,0.54,0.55,0.455,0.45,0.46,,,,
2026-01-06 11:50:12.588000+00:00,2026-01-06 11:50:12.870474+00:00,312.588,0.52,0.51,0.53,0.485,0.48,0.49,,,,
2026-01-06 11:50:13.582000+00:00,2026-01-06 11:50:13.884578+00:00,313.582,0.525,0.52,0.53,0.475,0.47,0.48,,,,
2026-01-06 11:50:14.581000+00:00,2026-01-06 11:50:14.906966+00:00,314.581,0.585,0.58,0.59,0.415,0.41,0.42,,,,
2026-01-06 11:50:15.613000+00:00,2026-01-06 11:50:15.915332+00:00,315.613,0.585,0.58,0.59,0.415,0.41,0.42,,,,
2026-01-06 11:50:16.615000+00:00,2026-01-06 11:50:16.914791+00:00,316.615,0.59,0.58,0.6,0.41,0.4,0.42,,,,
2026-01-06 11:50:17.618000+00:00,2026-01-06 11:50:17.922240+00:00,317.618,0.585,0.58,0.59,0.415,0.41,0.42,,,,
2026-01-06 11:50:18.640000+00:00,2026-01-06 11:50:18.937665+00:00,318.64,0.515,0.51,0.52,0.485,0.48,0.49,,,,
2026-01-06 11:50:19.645000+00:00,2026-01-06 11:50:19.937631+00:00,319.645,0.5,0.49,0.51,0.505,0.5,0.51,,,,
2026-01-06 11:50:20.646000+00:00,2026-01-06 11:50:20.947929+00:00,320.646,0.495,0.49,0.5,0.5,0.49,0.51,,,,
2026-01-06 11:50:21.668000+00:00,2026-01-06 11:50:21.964068+00:00,321.668,0.515,0.5,0.53,0.47,0.46,0.48,,,,
2026-01-06 11:50:22.514000+00:00,2026-01-06 11:50:22.969313+00:00,322.514,0.53,0.52,0.54,0.47,0.46,0.48,,,,
2026-01-06 11:50:23.686000+00:00,2026-01-06 11:50:23.980812+00:00,323.686,0.53,0.52,0.54,0.47,0.46,0.48,,,,
2026-01-06 11:50:24.523000+00:00,2026-01-06 11:50:24.981795+00:00,324.523,0.525,0.52,0.53,0.475,0.47,0.48,,,,
2026-01-06 11:50:25.531000+00:00,2026-01-06 11:50:25.986307+00:00,325.531,0.525,0.52,0.53,0.475,0.47,0.48,,,,
2026-01-06 11:50:26.531000+00:00,2026-01-06 11:50:26.988531+00:00,326.531,0.53,0.52,0.54,0.47,0.46,0.48,,,,
2026-01-06 11:50:27.695000+00:00,2026-01-06 11:50:27.998387+00:00,327.695,0.53,0.52,0.54,0.47,0.46,0.48,,,,
2026-01-06 11:50:28.678000+00:00,2026-01-06 11:50:29.024525+00:00,328.678,0.525,0.52,0.53,0.475,0.47,0.48,,,,
2026-01-06 11:50:29.478000+00:00,2026-01-06 11:50:30.014262+00:00,329.478,0.53,0.52,0.54,0.47,0.46,0.48,,,,
2026-01-06 11:50:30.700000+00:00,2026-01-06 11:50:31.029752+00:00,330.7,0.53,0.52,0.54,0.47,0.46,0.48,,,,
2026-01-06 11:50:31.690000+00:00,2026-01-06 11:50:32.031471+00:00,331.69,0.525,0.51,0.54,0.475,0.46,0.49,,,,
2026-01-06 11:50:32.750000+00:00,2026-01-06 11:50:33.046587+00:00,332.75,0.54,0.53,0.55,0.4599999999999999,0.45,0.47,,,,
2026-01-06 11:50:33.743000+00:00,2026-01-06 11:50:34.041359+00:00,333.743,0.5549999999999999,0.54,0.57,0.445,0.43,0.46,,,,
2026-01-06 11:50:34.691000+00:00,2026-01-06 11:50:35.041852+00:00,334.691,0.56,0.55,0.57,0.44,0.43,0.45,,,,
2026-01-06 11:50:35.694000+00:00,2026-01-06 11:50:36.046739+00:00,335.694,0.56,0.55,0.57,0.44,0.43,0.45,,,,
2026-01-06 11:50:36.614000+00:00,2026-01-06 11:50:37.046278+00:00,336.614,0.56,0.55,0.57,0.445,0.43,0.46,,,,
2026-01-06 11:50:37.746000+00:00,2026-01-06 11:50:38.046452+00:00,337.746,0.56,0.55,0.57,0.44,0.43,0.45,,,,
2026-01-06 11:50:38.751000+00:00,2026-01-06 11:50:39.047871+00:00,338.751,0.575,0.57,0.58,0.425,0.42,0.43,,,,
2026-01-06 11:50:39.772000+00:00,2026-01-06 11:50:40.064020+00:00,339.772,0.6,0.59,0.61,0.4,0.39,0.41,,,,
2026-01-06 11:50:40.763000+00:00,2026-01-06 11:50:41.060509+00:00,340.763,0.595,0.59,0.6,0.395,0.39,0.4,,,,
2026-01-06 11:50:41.763000+00:00,2026-01-06 11:50:42.060774+00:00,341.763,0.58,0.57,0.59,0.42,0.41,0.43,,,,
2026-01-06 11:50:42.750000+00:00,2026-01-06 11:50:43.079079+00:00,342.75,0.58,0.57,0.59,0.415,0.41,0.42,,,,
2026-01-06 11:50:43.784000+00:00,2026-01-06 11:50:44.097770+00:00,343.784,0.595,0.59,0.6,0.4,0.39,0.41,,,,
2026-01-06 11:50:44.752000+00:00,2026-01-06 11:50:45.097838+00:00,344.752,0.585,0.57,0.6,0.415,0.4,0.43,,,,
2026-01-06 11:50:45.679000+00:00,2026-01-06 11:50:46.112767+00:00,345.679,0.595,0.59,0.6,0.405,0.4,0.41,,,,
2026-01-06 11:50:46.481000+00:00,2026-01-06 11:50:47.128717+00:00,346.481,0.605,0.59,0.62,0.395,0.38,0.41,,,,
2026-01-06 11:50:47.805000+00:00,2026-01-06 11:50:48.130046+00:00,347.805,0.6,0.59,0.61,0.4,0.39,0.41,,,,
2026-01-06 11:50:48.761000+00:00,2026-01-06 11:50:49.145212+00:00,348.761,0.6,0.59,0.61,0.395,0.38,0.41,,,,
2026-01-06 11:50:49.764000+00:00,2026-01-06 11:50:50.160753+00:00,349.764,0.615,0.61,0.62,0.385,0.38,0.39,,,,
2026-01-06 11:50:50.872000+00:00,2026-01-06 11:50:51.161828+00:00,350.872,0.615,0.61,0.62,0.385,0.38,0.39,,,,
2026-01-06 11:50:51.881000+00:00,2026-01-06 11:50:52.177858+00:00,351.881,0.615,0.61,0.62,0.385,0.38,0.39,,,,
2026-01-06 11:50:52.885000+00:00,2026-01-06 11:50:53.179882+00:00,352.885,0.615,0.61,0.62,0.385,0.38,0.39,,,,
2026-01-06 11:50:53.845000+00:00,2026-01-06 11:50:54.192247+00:00,353.845,0.55,0.54,0.56,0.45,0.44,0.46,,,,
2026-01-06 11:50:54.900000+00:00,2026-01-06 11:50:55.207272+00:00,354.9,0.565,0.55,0.58,0.43,0.42,0.44,,,,
2026-01-06 11:50:55.854000+00:00,2026-01-06 11:50:56.226604+00:00,355.854,0.565,0.55,0.58,0.435,0.42,0.45,,,,
2026-01-06 11:50:56.936000+00:00,2026-01-06 11:50:57.243762+00:00,356.936,0.5700000000000001,0.56,0.58,0.435,0.43,0.44,,,,
2026-01-06 11:50:57.972000+00:00,2026-01-06 11:50:58.247550+00:00,357.972,0.56,0.55,0.57,0.435,0.42,0.45,,,,
2026-01-06 11:50:58.903000+00:00,2026-01-06 11:50:59.246413+00:00,358.903,0.565,0.55,0.58,0.435,0.42,0.45,,,,
2026-01-06 11:50:59.893000+00:00,2026-01-06 11:51:00.244903+00:00,359.893,0.5700000000000001,0.56,0.58,0.43,0.42,0.44,,,,
2026-01-06 11:51:00.927000+00:00,2026-01-06 11:51:01.249389+00:00,360.927,0.565,0.55,0.58,0.43,0.42,0.44,,,,
2026-01-06 11:51:01.844000+00:00,2026-01-06 11:51:02.244226+00:00,361.844,0.5700000000000001,0.56,0.58,0.43,0.42,0.44,,,,
2026-01-06 11:51:02.946000+00:00,2026-01-06 11:51:03.248636+00:00,362.946,0.575,0.57,0.58,0.425,0.42,0.43,,,,
2026-01-06 11:51:03.927000+00:00,2026-01-06 11:51:04.247323+00:00,363.927,0.5700000000000001,0.56,0.58,0.43,0.42,0.44,,,,
2026-01-06 11:51:04.927000+00:00,2026-01-06 11:51:05.246664+00:00,364.927,0.5700000000000001,0.56,0.58,0.43,0.42,0.44,,,,
2026-01-06 11:51:05.904000+00:00,2026-01-06 11:51:06.244643+00:00,365.904,0.585,0.57,0.6,0.415,0.4,0.43,,,,
2026-01-06 11:51:06.950000+00:00,2026-01-06 11:51:07.236488+00:00,366.95,0.58,0.57,0.59,0.415,0.41,0.42,,,,
2026-01-06 11:51:07.906000+00:00,2026-01-06 11:51:08.241161+00:00,367.906,0.585,0.58,0.59,0.42,0.41,0.43,,,,
2026-01-06 11:51:08.937000+00:00,2026-01-06 11:51:09.243847+00:00,368.937,0.5700000000000001,0.56,0.58,0.43,0.42,0.44,,,,
2026-01-06 11:51:09.880000+00:00,2026-01-06 11:51:10.245727+00:00,369.88,0.575,0.56,0.59,0.425,0.41,0.44,,,,
2026-01-06 11:51:10.952000+00:00,2026-01-06 11:51:11.262436+00:00,370.952,0.575,0.57,0.58,0.425,0.42,0.43,,,,
2026-01-06 11:51:11.965000+00:00,2026-01-06 11:51:12.265381+00:00,371.965,0.575,0.57,0.58,0.425,0.42,0.43,,,,
2026-01-06 11:51:12.953000+00:00,2026-01-06 11:51:13.281695+00:00,372.953,0.575,0.57,0.58,0.425,0.42,0.43,,,,
2026-01-06 11:51:13.965000+00:00,2026-01-06 11:51:14.295840+00:00,373.965,0.575,0.57,0.58,0.425,0.42,0.43,,,,
2026-01-06 11:51:14.940000+00:00,2026-01-06 11:51:15.297593+00:00,374.94,0.575,0.57,0.58,0.425,0.42,0.43,,,,
